{"jsonrpc": "2.0", "method": "subscription", "params": {"channel": "book.BTC-6FEB26.none.20.100ms", "data": {"timestamp": 1770065440135, "change_id": 138140227095, "instrument_name": "BTC-6FEB26", "bids": [[78080.0, 4530.0], [78065.0, 450.0], [78062.5, 1500.0], [78060.0, 390.0], [78057.5, 1300.0], [78055.0, 900.0], [78052.5, 3000.0], [78012.5, 4720.0], [78010.0, 15800.0], [77997.5, 6050.0], [77995.0, 21630.0], [77992.5, 4520.0], [77935.0, 650.0], [77932.5, 2190.0], [77930.0, 6060.0], [77927.5, 20310.0], [77887.5, 8770.0], [77885.0, 36750.0], [77852.5, 50000.0], [77845.0, 38930.0]], "asks": [[78082.5, 2800.0], [78085.0, 390.0], [78087.5, 1300.0], [78090.0, 50.0], [78097.5, 400.0], [78100.0, 8620.0], [78102.5, 20000.0], [78105.0, 19840.0], [78107.5, 51300.0], [78127.5, 13330.0], [78130.0, 44650.0], [78185.0, 4970.0], [78187.5, 16650.0], [78202.5, 5830.0], [78205.0, 19530.0], [78212.5, 5950.0], [78215.0, 19920.0], [78232.5, 45160.0], [78280.0, 4500.0], [78302.5, 50500.0]]}}}
{"jsonrpc": "2.0", "method": "subscription", "params": {"channel": "book.BTC-13FEB26.none.20.100ms", "data": {"timestamp": 1770065440616, "change_id": 138140228925, "instrument_name": "BTC-13FEB26", "bids": [[78130.0, 13790.0], [78125.0, 56040.0], [78120.0, 11540.0], [78117.5, 52000.0], [78080.0, 4840.0], [78077.5, 16220.0], [78000.0, 800.0], [77960.0, 10.0], [77955.0, 3790.0], [77952.5, 4520.0], [77950.0, 10960.0], [77930.0, 500.0], [77927.5, 36750.0], [77925.0, 50040.0], [77905.0, 40.0], [77882.5, 29590.0], [77790.0, 35110.0], [77787.5, 30870.0], [77767.5, 50000.0], [77705.0, 160.0]], "asks": [[78150.0, 5740.0], [78172.5, 20.0], [78182.5, 50.0], [78190.0, 28260.0], [78192.5, 50000.0], [78195.0, 44680.0], [78252.5, 4930.0], [78255.0, 16520.0], [78257.5, 4520.0], [78260.0, 15140.0], [78265.0, 13480.0], [78267.5, 45160.0], [78277.5, 4980.0], [78295.0, 4530.0], [78337.5, 30810.0], [78377.5, 500.0], [78402.5, 50000.0], [78425.0, 29620.0], [78445.0, 10.0], [78447.5, 2190.0]]}}}
{"jsonrpc": "2.0", "method": "subscription", "params": {"channel": "book.BTC-6FEB26.none.20.100ms", "data": {"timestamp": 1770065440583, "change_id": 138140228879, "instrument_name": "BTC-6FEB26", "bids": [[78082.5, 2650.0], [78080.0, 4530.0], [78067.5, 390.0], [78065.0, 1300.0], [78060.0, 790.0], [78057.5, 2800.0], [78055.0, 900.0], [78052.5, 3000.0], [78012.5, 4720.0], [78010.0, 15800.0], [77997.5, 6050.0], [77995.0, 21630.0], [77992.5, 4520.0], [77935.0, 650.0], [77932.5, 2190.0], [77930.0, 6060.0], [77927.5, 20310.0], [77887.5, 8770.0], [77885.0, 36750.0], [77852.5, 50000.0]], "asks": [[78087.5, 1300.0], [78092.5, 1300.0], [78095.0, 7490.0], [78097.5, 20000.0], [78100.0, 1300.0], [78110.0, 1350.0], [78112.5, 4530.0], [78122.5, 14930.0], [78125.0, 50000.0], [78127.5, 13330.0], [78130.0, 44650.0], [78185.0, 4970.0], [78187.5, 16650.0], [78202.5, 5830.0], [78205.0, 19530.0], [78212.5, 5950.0], [78215.0, 19920.0], [78232.5, 45160.0], [78280.0, 4500.0], [78302.5, 50500.0]]}}}
{"jsonrpc": "2.0", "method": "subscription", "params": {"channel": "book.BTC-13FEB26.none.20.100ms", "data": {"timestamp": 1770065440936, "change_id": 138140231427, "instrument_name": "BTC-13FEB26", "bids": [[78142.5, 54540.0], [78130.0, 20.0], [78125.0, 1500.0], [78077.5, 16220.0], [77960.0, 10.0], [77952.5, 4520.0], [77950.0, 10960.0], [77930.0, 500.0], [77927.5, 51950.0], [77925.0, 50040.0], [77905.0, 40.0], [77882.5, 29590.0], [77790.0, 35110.0], [77787.5, 30870.0], [77767.5, 50000.0], [77705.0, 160.0], [77702.5, 29210.0], [77677.5, 50000.0], [77675.0, 50000.0], [77637.5, 10.0]], "asks": [[78172.5, 4540.0], [78212.5, 44670.0], [78252.5, 50000.0], [78255.0, 16520.0], [78262.5, 15140.0], [78267.5, 45160.0], [78277.5, 4980.0], [78295.0, 4530.0], [78337.5, 30810.0], [78377.5, 500.0], [78402.5, 50000.0], [78425.0, 29620.0], [78445.0, 10.0], [78447.5, 2190.0], [78450.0, 29270.0], [78477.5, 50.0], [78510.0, 50020.0], [78542.5, 8770.0], [78560.0, 30620.0], [78652.5, 60.0]]}}}
{"jsonrpc": "2.0", "method": "subscription", "params": {"channel": "book.BTC-6FEB26.none.20.100ms", "data": {"timestamp": 1770065440952, "change_id": 138140231176, "instrument_name": "BTC-6FEB26", "bids": [[78107.5, 4530.0], [78092.5, 1300.0], [78090.0, 1300.0], [78057.5, 2800.0], [78052.5, 3000.0], [78010.0, 15800.0], [78002.5, 20280.0], [77992.5, 4520.0], [77932.5, 2190.0], [77927.5, 20310.0], [77887.5, 8770.0], [77885.0, 36750.0], [77852.5, 50000.0], [77845.0, 38930.0], [77842.5, 500.0], [77750.0, 210.0], [77722.5, 35110.0], [77720.0, 40190.0], [77667.5, 50000.0], [77630.0, 58820.0]], "asks": [[78137.5, 20000.0], [78147.5, 44640.0], [78167.5, 50000.0], [78187.5, 16650.0], [78205.0, 19530.0], [78215.0, 19920.0], [78232.5, 45160.0], [78280.0, 4500.0], [78302.5, 50500.0], [78307.5, 41050.0], [78382.5, 39700.0], [78452.5, 50000.0], [78467.5, 10.0], [78485.0, 59070.0], [78542.5, 40.0], [78545.0, 10960.0], [78590.0, 160.0], [78592.5, 35110.0], [78637.5, 59640.0], [78675.0, 50000.0]]}}}
{"jsonrpc": "2.0", "method": "subscription", "params": {"channel": "book.BTC-6FEB26.none.20.100ms", "data": {"timestamp": 1770065441237, "change_id": 138140233371, "instrument_name": "BTC-6FEB26", "bids": [[78130.0, 4530.0], [78095.0, 780.0], [78092.5, 51300.0], [78090.0, 1300.0], [78060.0, 840.0], [78057.5, 2800.0], [78055.0, 900.0], [78052.5, 3000.0], [78015.0, 10770.0], [78012.5, 20280.0], [78010.0, 15800.0], [77995.0, 1350.0], [77992.5, 4520.0], [77932.5, 2190.0], [77927.5, 20310.0], [77890.0, 500.0], [77887.5, 8770.0], [77885.0, 36750.0], [77852.5, 50000.0], [77845.0, 38930.0]], "asks": [[78132.5, 1300.0], [78137.5, 1300.0], [78142.5, 5980.0], [78145.0, 50.0], [78152.5, 1350.0], [78155.0, 37860.0], [78165.0, 44640.0], [78180.0, 14930.0], [78182.5, 50000.0], [78185.0, 4970.0], [78202.5, 5830.0], [78205.0, 19530.0], [78212.5, 5950.0], [78215.0, 19920.0], [78232.5, 45160.0], [78280.0, 4500.0], [78307.5, 41050.0], [78350.0, 50500.0], [78382.5, 39700.0], [78452.5, 50000.0]]}}}
{"jsonrpc": "2.0", "method": "subscription", "params": {"channel": "book.BTC-13FEB26.none.20.100ms", "data": {"timestamp": 1770065441308, "change_id": 138140233388, "instrument_name": "BTC-13FEB26", "bids": [[78155.0, 14930.0], [78152.5, 50000.0], [78147.5, 28410.0], [78125.0, 1500.0], [78082.5, 2680.0], [78077.5, 16220.0], [77962.5, 5130.0], [77960.0, 10.0], [77952.5, 4520.0], [77950.0, 10960.0], [77930.0, 500.0], [77927.5, 51950.0], [77925.0, 50040.0], [77905.0, 40.0], [77882.5, 29590.0], [77790.0, 35110.0], [77787.5, 30870.0], [77767.5, 50000.0], [77705.0, 160.0], [77702.5, 29210.0]], "asks": [[78192.5, 4540.0], [78210.0, 20.0], [78212.5, 50.0], [78230.0, 44670.0], [78252.5, 50000.0], [78262.5, 15140.0], [78267.5, 45160.0], [78277.5, 4980.0], [78295.0, 4530.0], [78337.5, 30810.0], [78402.5, 50000.0], [78417.5, 500.0], [78425.0, 29620.0], [78445.0, 10.0], [78447.5, 2190.0], [78450.0, 29270.0], [78477.5, 50.0], [78510.0, 50020.0], [78542.5, 8770.0], [78560.0, 30620.0]]}}}
{"jsonrpc": "2.0", "method": "subscription", "params": {"channel": "book.BTC-13FEB26.none.20.100ms", "data": {"timestamp": 1770065441591, "change_id": 138140235074, "instrument_name": "BTC-13FEB26", "bids": [[78190.0, 1500.0], [78170.0, 19470.0], [78167.5, 50000.0], [78147.5, 65920.0], [78120.0, 16630.0], [78082.5, 800.0], [78080.0, 2680.0], [77965.0, 5130.0], [77960.0, 10.0], [77952.5, 4520.0], [77950.0, 10960.0], [77930.0, 500.0], [77927.5, 51950.0], [77925.0, 50040.0], [77905.0, 40.0], [77882.5, 29590.0], [77790.0, 35110.0], [77787.5, 30870.0], [77767.5, 50000.0], [77705.0, 160.0]], "asks": [[78192.5, 4540.0], [78210.0, 20.0], [78237.5, 44670.0], [78257.5, 50000.0], [78260.0, 4520.0], [78262.5, 15140.0], [78265.0, 13480.0], [78267.5, 45160.0], [78292.5, 6130.0], [78295.0, 20550.0], [78337.5, 30810.0], [78402.5, 50000.0], [78417.5, 500.0], [78425.0, 29620.0], [78445.0, 10.0], [78447.5, 2190.0], [78450.0, 29270.0], [78477.5, 50.0], [78510.0, 20.0], [78542.5, 8770.0]]}}}
{"jsonrpc": "2.0", "method": "subscription", "params": {"channel": "book.BTC-6FEB26.none.20.100ms", "data": {"timestamp": 1770065441575, "change_id": 138140235016, "instrument_name": "BTC-6FEB26", "bids": [[78130.0, 6030.0], [78092.5, 1300.0], [78085.0, 2990.0], [78047.5, 16470.0], [78017.5, 6050.0], [78015.0, 20280.0], [77992.5, 4520.0], [77932.5, 2190.0], [77927.5, 20310.0], [77890.0, 500.0], [77887.5, 8770.0], [77885.0, 36750.0], [77852.5, 50000.0], [77845.0, 38930.0], [77750.0, 210.0], [77722.5, 35110.0], [77720.0, 40190.0], [77667.5, 50000.0], [77630.0, 58820.0], [77585.0, 50000.0]], "asks": [[78132.5, 1300.0], [78152.5, 1350.0], [78155.0, 4530.0], [78157.5, 20000.0], [78160.0, 1990.0], [78182.5, 14930.0], [78200.0, 50000.0], [78205.0, 19530.0], [78215.0, 19920.0], [78227.5, 4820.0], [78230.0, 16530.0], [78232.5, 45160.0], [78280.0, 4500.0], [78307.5, 41050.0], [78350.0, 50500.0], [78382.5, 39700.0], [78452.5, 50000.0], [78467.5, 10.0], [78485.0, 59070.0], [78542.5, 40.0]]}}}
{"jsonrpc": "2.0", "method": "subscription", "params": {"channel": "book.BTC-13FEB26.none.20.100ms", "data": {"timestamp": 1770065441952, "change_id": 138140236802, "instrument_name": "BTC-13FEB26", "bids": [[78192.5, 450.0], [78190.0, 1500.0], [78185.0, 1360.0], [78182.5, 4540.0], [78150.0, 19680.0], [78147.5, 65920.0], [78122.5, 4960.0], [78120.0, 16630.0], [78087.5, 800.0], [78085.0, 2680.0], [77977.5, 500.0], [77960.0, 10.0], [77952.5, 4520.0], [77950.0, 10960.0], [77927.5, 51950.0], [77925.0, 50040.0], [77905.0, 40.0], [77882.5, 29590.0], [77790.0, 35110.0], [77787.5, 30870.0]], "asks": [[78205.0, 2920.0], [78207.5, 5740.0], [78210.0, 20.0], [78225.0, 50.0], [78262.5, 14930.0], [78265.0, 63480.0], [78267.5, 45160.0], [78292.5, 6130.0], [78295.0, 20550.0], [78332.5, 1490.0], [78335.0, 14180.0], [78337.5, 30810.0], [78402.5, 50000.0], [78417.5, 500.0], [78425.0, 29620.0], [78445.0, 10.0], [78447.5, 2190.0], [78450.0, 29270.0], [78477.5, 50.0], [78510.0, 20.0]]}}}
{"jsonrpc": "2.0", "method": "subscription", "params": {"channel": "book.BTC-6FEB26.none.20.100ms", "data": {"timestamp": 1770065441948, "change_id": 138140236833, "instrument_name": "BTC-6FEB26", "bids": [[78145.0, 4530.0], [78135.0, 700.0], [78132.5, 1300.0], [78130.0, 1500.0], [78092.5, 1300.0], [78085.0, 2990.0], [78047.5, 16470.0], [77992.5, 4520.0], [77932.5, 2190.0], [77927.5, 20310.0], [77902.5, 50000.0], [77890.0, 500.0], [77887.5, 8770.0], [77885.0, 36750.0], [77845.0, 38930.0], [77750.0, 210.0], [77745.0, 50000.0], [77722.5, 35110.0], [77720.0, 40190.0], [77667.5, 50000.0]], "asks": [[78157.5, 50.0], [78167.5, 4530.0], [78210.0, 20000.0], [78230.0, 66530.0], [78232.5, 45160.0], [78277.5, 19530.0], [78280.0, 4500.0], [78307.5, 41050.0], [78350.0, 50500.0], [78382.5, 39700.0], [78452.5, 50000.0], [78467.5, 10.0], [78485.0, 59070.0], [78542.5, 40.0], [78545.0, 10960.0], [78590.0, 160.0], [78592.5, 35110.0], [78637.5, 59640.0], [78675.0, 50000.0], [78840.0, 39410.0]]}}}
{"jsonrpc": "2.0", "method": "subscription", "params": {"channel": "book.BTC-13FEB26.none.20.100ms", "data": {"timestamp": 1770065442235, "change_id": 138140238072, "instrument_name": "BTC-13FEB26", "bids": [[78177.5, 1360.0], [78175.0, 4560.0], [78122.5, 4960.0], [78120.0, 16630.0], [77977.5, 15430.0], [77975.0, 50000.0], [77960.0, 10.0], [77952.5, 4520.0], [77950.0, 10960.0], [77927.5, 51950.0], [77925.0, 40.0], [77905.0, 40.0], [77882.5, 29590.0], [77790.0, 35110.0], [77787.5, 30870.0], [77767.5, 50000.0], [77705.0, 160.0], [77702.5, 29210.0], [77677.5, 50000.0], [77675.0, 50000.0]], "asks": [[78200.0, 6240.0], [78202.5, 1200.0], [78205.0, 1560.0], [78207.5, 1200.0], [78210.0, 450.0], [78212.5, 1500.0], [78220.0, 370.0], [78222.5, 1200.0], [78225.0, 50.0], [78262.5, 10900.0], [78265.0, 63480.0], [78267.5, 45160.0], [78282.5, 4520.0], [78285.0, 15140.0], [78292.5, 6130.0], [78295.0, 20550.0], [78335.0, 4980.0], [78337.5, 30810.0], [78402.5, 50000.0], [78417.5, 500.0]]}}}
{"jsonrpc": "2.0", "method": "subscription", "params": {"channel": "book.BTC-6FEB26.none.20.100ms", "data": {"timestamp": 1770065442284, "change_id": 138140238084, "instrument_name": "BTC-6FEB26", "bids": [[78137.5, 5830.0], [78095.0, 390.0], [78092.5, 1300.0], [78087.5, 890.0], [78085.0, 2990.0], [78047.5, 16470.0], [77992.5, 4520.0], [77935.0, 650.0], [77932.5, 2190.0], [77930.0, 6060.0], [77927.5, 20310.0], [77902.5, 50000.0], [77890.0, 500.0], [77887.5, 8770.0], [77885.0, 36750.0], [77845.0, 38930.0], [77750.0, 210.0], [77745.0, 50000.0], [77722.5, 35110.0], [77720.0, 40190.0]], "asks": [[78145.0, 2800.0], [78157.5, 1400.0], [78160.0, 4530.0], [78202.5, 4190.0], [78205.0, 20000.0], [78227.5, 19860.0], [78230.0, 80010.0], [78232.5, 45160.0], [78247.5, 19920.0], [78280.0, 4500.0], [78307.5, 41050.0], [78350.0, 50500.0], [78382.5, 39700.0], [78467.5, 10.0], [78485.0, 59070.0], [78532.5, 50000.0], [78542.5, 40.0], [78545.0, 10960.0], [78590.0, 160.0], [78592.5, 35110.0]]}}}
{"jsonrpc": "2.0", "method": "subscription", "params": {"channel": "book.BTC-13FEB26.none.20.100ms", "data": {"timestamp": 1770065442560, "change_id": 138140239211, "instrument_name": "BTC-13FEB26", "bids": [[78180.0, 16290.0], [78177.5, 50000.0], [78175.0, 4560.0], [78122.5, 4960.0], [78120.0, 16630.0], [77977.5, 15430.0], [77975.0, 50000.0], [77960.0, 10.0], [77952.5, 4520.0], [77950.0, 10960.0], [77927.5, 51950.0], [77925.0, 40.0], [77905.0, 40.0], [77882.5, 29590.0], [77790.0, 35110.0], [77787.5, 30870.0], [77767.5, 50000.0], [77705.0, 160.0], [77702.5, 29210.0], [77677.5, 50000.0]], "asks": [[78200.0, 6460.0], [78202.5, 1200.0], [78205.0, 1560.0], [78207.5, 1200.0], [78217.5, 50.0], [78220.0, 360.0], [78222.5, 1200.0], [78262.5, 14930.0], [78265.0, 63480.0], [78267.5, 45160.0], [78282.5, 4520.0], [78285.0, 15140.0], [78292.5, 6130.0], [78295.0, 20550.0], [78332.5, 1490.0], [78335.0, 4980.0], [78337.5, 30810.0], [78402.5, 50000.0], [78417.5, 500.0], [78425.0, 29620.0]]}}}
{"jsonrpc": "2.0", "method": "subscription", "params": {"channel": "book.BTC-6FEB26.none.20.100ms", "data": {"timestamp": 1770065442637, "change_id": 138140239720, "instrument_name": "BTC-6FEB26", "bids": [[78137.5, 5830.0], [78087.5, 890.0], [78085.0, 2990.0], [78050.0, 4920.0], [78047.5, 16470.0], [78000.0, 6050.0], [77997.5, 20280.0], [77995.0, 1350.0], [77992.5, 4520.0], [77932.5, 2190.0], [77927.5, 20310.0], [77902.5, 50000.0], [77890.0, 500.0], [77887.5, 8770.0], [77885.0, 36750.0], [77845.0, 38930.0], [77750.0, 210.0], [77745.0, 50000.0], [77722.5, 35110.0], [77720.0, 40190.0]], "asks": [[78142.5, 1690.0], [78145.0, 1300.0], [78150.0, 50.0], [78155.0, 1740.0], [78157.5, 1300.0], [78160.0, 4530.0], [78210.0, 5970.0], [78212.5, 20000.0], [78225.0, 19860.0], [78227.5, 50000.0], [78230.0, 30010.0], [78232.5, 45160.0], [78240.0, 5830.0], [78242.5, 19530.0], [78245.0, 5950.0], [78247.5, 19920.0], [78280.0, 4500.0], [78307.5, 41050.0], [78350.0, 50500.0], [78382.5, 39700.0]]}}}
{"jsonrpc": "2.0", "method": "subscription", "params": {"channel": "book.BTC-13FEB26.none.20.100ms", "data": {"timestamp": 1770065442932, "change_id": 138140241450, "instrument_name": "BTC-13FEB26", "bids": [[78180.0, 16290.0], [78177.5, 50000.0], [78175.0, 4560.0], [78170.0, 20250.0], [78167.5, 37520.0], [78165.0, 37520.0], [78122.5, 4960.0], [78120.0, 16630.0], [77977.5, 15430.0], [77975.0, 50000.0], [77960.0, 10.0], [77952.5, 4520.0], [77927.5, 51950.0], [77925.0, 40.0], [77905.0, 40.0], [77882.5, 29590.0], [77787.5, 30870.0], [77767.5, 50000.0], [77705.0, 160.0], [77702.5, 29210.0]], "asks": [[78197.5, 2910.0], [78200.0, 6100.0], [78202.5, 1200.0], [78222.5, 50.0], [78262.5, 14930.0], [78265.0, 63480.0], [78267.5, 45160.0], [78282.5, 4520.0], [78285.0, 15140.0], [78292.5, 6130.0], [78295.0, 20550.0], [78332.5, 1490.0], [78335.0, 4980.0], [78337.5, 30810.0], [78402.5, 50000.0], [78417.5, 500.0], [78425.0, 29620.0], [78445.0, 10.0], [78447.5, 2190.0], [78450.0, 29270.0]]}}}
{"jsonrpc": "2.0", "method": "subscription", "params": {"channel": "book.BTC-6FEB26.none.20.100ms", "data": {"timestamp": 1770065442763, "change_id": 138140241364, "instrument_name": "BTC-6FEB26", "bids": [[78137.5, 4530.0], [78087.5, 890.0], [78085.0, 2990.0], [78050.0, 4920.0], [78047.5, 16470.0], [78000.0, 6050.0], [77997.5, 20280.0], [77995.0, 1350.0], [77992.5, 4520.0], [77927.5, 20310.0], [77902.5, 50000.0], [77890.0, 500.0], [77885.0, 36750.0], [77845.0, 38930.0], [77750.0, 210.0], [77745.0, 50000.0], [77720.0, 40190.0], [77667.5, 50000.0], [77630.0, 58820.0], [77512.5, 60900.0]], "asks": [[78142.5, 1700.0], [78145.0, 1300.0], [78155.0, 1790.0], [78157.5, 1300.0], [78160.0, 4530.0], [78200.0, 5970.0], [78202.5, 20000.0], [78205.0, 14160.0], [78207.5, 50000.0], [78227.5, 4930.0], [78230.0, 30010.0], [78232.5, 45160.0], [78240.0, 5830.0], [78242.5, 19530.0], [78247.5, 19920.0], [78280.0, 4500.0], [78307.5, 41050.0], [78350.0, 50500.0], [78382.5, 39700.0], [78467.5, 10.0]]}}}
{"jsonrpc": "2.0", "method": "subscription", "params": {"channel": "book.BTC-13FEB26.none.20.100ms", "data": {"timestamp": 1770065443237, "change_id": 138140243134, "instrument_name": "BTC-13FEB26", "bids": [[78180.0, 16290.0], [78177.5, 50000.0], [78175.0, 20.0], [78172.5, 1360.0], [78170.0, 24790.0], [78167.5, 37520.0], [78165.0, 37520.0], [78122.5, 4960.0], [78120.0, 16630.0], [77982.5, 1530.0], [77980.0, 5130.0], [77977.5, 15430.0], [77975.0, 50000.0], [77960.0, 10.0], [77952.5, 4520.0], [77927.5, 51950.0], [77925.0, 40.0], [77905.0, 40.0], [77882.5, 29590.0], [77787.5, 30870.0]], "asks": [[78195.0, 1200.0], [78197.5, 1200.0], [78200.0, 4540.0], [78207.5, 360.0], [78210.0, 1200.0], [78212.5, 50.0], [78262.5, 14930.0], [78265.0, 63480.0], [78267.5, 45160.0], [78282.5, 4520.0], [78285.0, 15140.0], [78292.5, 6130.0], [78295.0, 20550.0], [78332.5, 1490.0], [78335.0, 4980.0], [78337.5, 30810.0], [78402.5, 50000.0], [78417.5, 500.0], [78425.0, 29620.0], [78445.0, 10.0]]}}}
{"jsonrpc": "2.0", "method": "subscription", "params": {"channel": "book.BTC-6FEB26.none.20.100ms", "data": {"timestamp": 1770065443237, "change_id": 138140241683, "instrument_name": "BTC-6FEB26", "bids": [[78137.5, 4530.0], [78087.5, 890.0], [78085.0, 2990.0], [78050.0, 4920.0], [78047.5, 16470.0], [78000.0, 6050.0], [77997.5, 20280.0], [77995.0, 1350.0], [77992.5, 4520.0], [77927.5, 20310.0], [77902.5, 50000.0], [77890.0, 500.0], [77885.0, 36750.0], [77845.0, 38930.0], [77750.0, 210.0], [77745.0, 50000.0], [77720.0, 40190.0], [77667.5, 50000.0], [77630.0, 58820.0], [77512.5, 60900.0]], "asks": [[78142.5, 1700.0], [78145.0, 1350.0], [78155.0, 1740.0], [78157.5, 1300.0], [78160.0, 4530.0], [78200.0, 5970.0], [78202.5, 20000.0], [78205.0, 14160.0], [78207.5, 50000.0], [78227.5, 4930.0], [78230.0, 30010.0], [78232.5, 45160.0], [78240.0, 5830.0], [78242.5, 19530.0], [78247.5, 19920.0], [78280.0, 4500.0], [78307.5, 41050.0], [78350.0, 50500.0], [78382.5, 39700.0], [78467.5, 10.0]]}}}
{"jsonrpc": "2.0", "method": "subscription", "params": {"channel": "book.BTC-13FEB26.none.20.100ms", "data": {"timestamp": 1770065443610, "change_id": 138140244432, "instrument_name": "BTC-13FEB26", "bids": [[78192.5, 1500.0], [78180.0, 16290.0], [78177.5, 50000.0], [78175.0, 20.0], [78172.5, 1360.0], [78170.0, 24790.0], [78167.5, 37520.0], [78165.0, 37520.0], [78122.5, 4960.0], [78120.0, 16630.0], [77982.5, 1530.0], [77980.0, 5130.0], [77977.5, 15430.0], [77975.0, 50000.0], [77960.0, 10.0], [77952.5, 4520.0], [77927.5, 51950.0], [77925.0, 40.0], [77905.0, 40.0], [77882.5, 29590.0]], "asks": [[78195.0, 1200.0], [78197.5, 1200.0], [78200.0, 4540.0], [78207.5, 360.0], [78210.0, 1200.0], [78212.5, 500.0], [78215.0, 1500.0], [78222.5, 63330.0], [78225.0, 44660.0], [78230.0, 20.0], [78265.0, 13480.0], [78267.5, 45160.0], [78282.5, 4520.0], [78285.0, 15140.0], [78292.5, 6130.0], [78295.0, 20550.0], [78332.5, 1490.0], [78335.0, 4980.0], [78337.5, 30810.0], [78402.5, 50000.0]]}}}
{"jsonrpc": "2.0", "method": "subscription", "params": {"channel": "book.BTC-6FEB26.none.20.100ms", "data": {"timestamp": 1770065443627, "change_id": 138140244476, "instrument_name": "BTC-6FEB26", "bids": [[78137.5, 5750.0], [78132.5, 450.0], [78130.0, 1500.0], [78087.5, 890.0], [78085.0, 2990.0], [78050.0, 4920.0], [78047.5, 16470.0], [78000.0, 6050.0], [77997.5, 20280.0], [77995.0, 1350.0], [77992.5, 4520.0], [77927.5, 20310.0], [77902.5, 50000.0], [77890.0, 500.0], [77885.0, 36750.0], [77845.0, 38930.0], [77750.0, 210.0], [77745.0, 50000.0], [77720.0, 40190.0], [77667.5, 50000.0]], "asks": [[78142.5, 1760.0], [78145.0, 1550.0], [78150.0, 390.0], [78152.5, 1300.0], [78155.0, 1740.0], [78157.5, 1300.0], [78160.0, 4530.0], [78185.0, 20900.0], [78187.5, 20000.0], [78190.0, 55970.0], [78227.5, 4930.0], [78230.0, 30010.0], [78232.5, 45160.0], [78240.0, 5830.0], [78242.5, 19530.0], [78247.5, 19920.0], [78280.0, 4500.0], [78307.5, 41050.0], [78350.0, 50500.0], [78382.5, 39700.0]]}}}
{"jsonrpc": "2.0", "method": "subscription", "params": {"channel": "book.BTC-13FEB26.none.20.100ms", "data": {"timestamp": 1770065443687, "change_id": 138140244728, "instrument_name": "BTC-13FEB26", "bids": [[78192.5, 1500.0], [78180.0, 16290.0], [78177.5, 50000.0], [78175.0, 20.0], [78172.5, 1360.0], [78170.0, 24790.0], [78167.5, 37520.0], [78165.0, 37520.0], [78122.5, 7640.0], [78120.0, 16630.0], [77982.5, 1530.0], [77980.0, 5130.0], [77977.5, 15430.0], [77975.0, 50000.0], [77960.0, 10.0], [77952.5, 4520.0], [77927.5, 51950.0], [77925.0, 40.0], [77905.0, 40.0], [77882.5, 29590.0]], "asks": [[78195.0, 45860.0], [78197.5, 1200.0], [78200.0, 4540.0], [78207.5, 360.0], [78210.0, 1660.0], [78212.5, 1550.0], [78220.0, 14930.0], [78222.5, 50000.0], [78230.0, 20.0], [78265.0, 13480.0], [78267.5, 45160.0], [78282.5, 4520.0], [78285.0, 15140.0], [78292.5, 6130.0], [78295.0, 20550.0], [78332.5, 1490.0], [78335.0, 4980.0], [78337.5, 30810.0], [78402.5, 50000.0], [78417.5, 500.0]]}}}
{"jsonrpc": "2.0", "method": "subscription", "params": {"channel": "book.BTC-6FEB26.none.20.100ms", "data": {"timestamp": 1770065443892, "change_id": 138140245177, "instrument_name": "BTC-6FEB26", "bids": [[78137.5, 5830.0], [78132.5, 450.0], [78130.0, 1500.0], [78087.5, 890.0], [78085.0, 2990.0], [78050.0, 4920.0], [78047.5, 16470.0], [78010.0, 6050.0], [78007.5, 20280.0], [77995.0, 1350.0], [77992.5, 4520.0], [77927.5, 20310.0], [77902.5, 50000.0], [77890.0, 500.0], [77885.0, 36750.0], [77845.0, 38930.0], [77750.0, 210.0], [77745.0, 50000.0], [77720.0, 40190.0], [77667.5, 50000.0]], "asks": [[78140.0, 45920.0], [78142.5, 6930.0], [78145.0, 1550.0], [78150.0, 29760.0], [78152.5, 51300.0], [78155.0, 1740.0], [78157.5, 1300.0], [78160.0, 4530.0], [78227.5, 4930.0], [78230.0, 30010.0], [78232.5, 45160.0], [78240.0, 5830.0], [78242.5, 19530.0], [78247.5, 19920.0], [78280.0, 4500.0], [78307.5, 41050.0], [78350.0, 50500.0], [78382.5, 39700.0], [78467.5, 10.0], [78485.0, 59070.0]]}}}
{"jsonrpc": "2.0", "method": "subscription", "params": {"channel": "book.BTC-13FEB26.none.20.100ms", "data": {"timestamp": 1770065444221, "change_id": 138140245639, "instrument_name": "BTC-13FEB26", "bids": [[78192.5, 1500.0], [78180.0, 16290.0], [78177.5, 50000.0], [78175.0, 20.0], [78172.5, 1360.0], [78170.0, 24790.0], [78167.5, 37520.0], [78165.0, 37520.0], [78122.5, 7640.0], [78120.0, 16630.0], [77982.5, 1530.0], [77980.0, 5130.0], [77977.5, 15430.0], [77975.0, 50000.0], [77960.0, 10.0], [77952.5, 4520.0], [77927.5, 51950.0], [77925.0, 40.0], [77905.0, 40.0], [77882.5, 29590.0]], "asks": [[78195.0, 44660.0], [78197.5, 1200.0], [78200.0, 4540.0], [78207.5, 360.0], [78210.0, 1200.0], [78212.5, 410.0], [78215.0, 1650.0], [78217.5, 1500.0], [78230.0, 20.0], [78265.0, 26680.0], [78267.5, 95160.0], [78282.5, 4520.0], [78285.0, 15140.0], [78292.5, 6130.0], [78295.0, 20550.0], [78332.5, 1490.0], [78335.0, 4980.0], [78337.5, 30810.0], [78402.5, 50000.0], [78417.5, 500.0]]}}}
{"jsonrpc": "2.0", "method": "subscription", "params": {"channel": "book.BTC-6FEB26.none.20.100ms", "data": {"timestamp": 1770065444046, "change_id": 138140245818, "instrument_name": "BTC-6FEB26", "bids": [[78137.5, 4530.0], [78135.0, 1500.0], [78087.5, 890.0], [78085.0, 2990.0], [78050.0, 4920.0], [78047.5, 16470.0], [78010.0, 6050.0], [78007.5, 20280.0], [77995.0, 1350.0], [77992.5, 4520.0], [77927.5, 20310.0], [77902.5, 50000.0], [77890.0, 500.0], [77885.0, 36750.0], [77845.0, 38930.0], [77750.0, 210.0], [77745.0, 50000.0], [77720.0, 40190.0], [77667.5, 50000.0], [77630.0, 58820.0]], "asks": [[78140.0, 45920.0], [78142.5, 6930.0], [78145.0, 50.0], [78150.0, 21890.0], [78152.5, 1300.0], [78155.0, 1740.0], [78157.5, 1300.0], [78160.0, 4530.0], [78212.5, 14930.0], [78215.0, 50000.0], [78227.5, 4930.0], [78230.0, 30010.0], [78232.5, 45160.0], [78240.0, 5830.0], [78242.5, 19530.0], [78247.5, 19920.0], [78280.0, 4500.0], [78307.5, 41050.0], [78350.0, 50500.0], [78382.5, 39700.0]]}}}
{"jsonrpc": "2.0", "method": "subscription", "params": {"channel": "book.BTC-13FEB26.none.20.100ms", "data": {"timestamp": 1770065444621, "change_id": 138140246577, "instrument_name": "BTC-13FEB26", "bids": [[78192.5, 1500.0], [78180.0, 16290.0], [78177.5, 50000.0], [78175.0, 20.0], [78170.0, 20250.0], [78167.5, 37520.0], [78165.0, 37520.0], [78122.5, 7640.0], [78120.0, 16630.0], [77982.5, 1530.0], [77980.0, 5130.0], [77977.5, 15430.0], [77975.0, 50000.0], [77960.0, 10.0], [77952.5, 4520.0], [77927.5, 51950.0], [77925.0, 40.0], [77905.0, 40.0], [77882.5, 29590.0], [77790.0, 35110.0]], "asks": [[78195.0, 44660.0], [78210.0, 1200.0], [78212.5, 360.0], [78215.0, 1650.0], [78217.5, 1500.0], [78225.0, 50.0], [78230.0, 20.0], [78260.0, 14930.0], [78262.5, 50000.0], [78265.0, 13480.0], [78267.5, 45160.0], [78282.5, 4520.0], [78285.0, 15140.0], [78292.5, 6130.0], [78295.0, 20550.0], [78332.5, 1490.0], [78335.0, 4980.0], [78337.5, 30810.0], [78402.5, 50000.0], [78417.5, 500.0]]}}}
{"jsonrpc": "2.0", "method": "subscription", "params": {"channel": "book.BTC-6FEB26.none.20.100ms", "data": {"timestamp": 1770065444592, "change_id": 138140246564, "instrument_name": "BTC-6FEB26", "bids": [[78137.5, 5830.0], [78135.0, 1500.0], [78087.5, 890.0], [78085.0, 2990.0], [78050.0, 4920.0], [78047.5, 16470.0], [78010.0, 6050.0], [78007.5, 20280.0], [77995.0, 1350.0], [77992.5, 4520.0], [77927.5, 20310.0], [77902.5, 50000.0], [77890.0, 500.0], [77885.0, 36750.0], [77845.0, 38930.0], [77750.0, 210.0], [77745.0, 50000.0], [77722.5, 35110.0], [77720.0, 40190.0], [77667.5, 50000.0]], "asks": [[78140.0, 44620.0], [78142.5, 1300.0], [78150.0, 71890.0], [78152.5, 1300.0], [78155.0, 390.0], [78157.5, 1350.0], [78227.5, 4930.0], [78230.0, 30010.0], [78232.5, 45160.0], [78240.0, 5830.0], [78242.5, 19530.0], [78247.5, 19920.0], [78280.0, 4500.0], [78307.5, 41050.0], [78350.0, 50500.0], [78382.5, 39700.0], [78467.5, 10.0], [78485.0, 59070.0], [78532.5, 50000.0], [78542.5, 40.0]]}}}
{"jsonrpc": "2.0", "method": "subscription", "params": {"channel": "book.BTC-13FEB26.none.20.100ms", "data": {"timestamp": 1770065444791, "change_id": 138140247040, "instrument_name": "BTC-13FEB26", "bids": [[78192.5, 1500.0], [78182.5, 1360.0], [78180.0, 20830.0], [78177.5, 50000.0], [78175.0, 20.0], [78170.0, 20250.0], [78167.5, 37520.0], [78165.0, 37520.0], [78122.5, 7640.0], [78120.0, 16630.0], [77982.5, 1530.0], [77980.0, 5130.0], [77977.5, 15430.0], [77975.0, 50000.0], [77960.0, 10.0], [77952.5, 4520.0], [77927.5, 51950.0], [77925.0, 40.0], [77905.0, 40.0], [77882.5, 29590.0]], "asks": [[78195.0, 44660.0], [78205.0, 4540.0], [78207.5, 50360.0], [78210.0, 1200.0], [78212.5, 360.0], [78215.0, 1200.0], [78222.5, 460.0], [78225.0, 1550.0], [78230.0, 20.0], [78265.0, 13480.0], [78267.5, 45160.0], [78282.5, 4520.0], [78285.0, 15140.0], [78292.5, 6130.0], [78295.0, 20550.0], [78332.5, 1490.0], [78335.0, 4980.0], [78337.5, 30810.0], [78402.5, 50000.0], [78417.5, 500.0]]}}}
{"jsonrpc": "2.0", "method": "subscription", "params": {"channel": "book.BTC-6FEB26.none.20.100ms", "data": {"timestamp": 1770065444669, "change_id": 138140247236, "instrument_name": "BTC-6FEB26", "bids": [[78137.5, 7330.0], [78087.5, 890.0], [78085.0, 2990.0], [78050.0, 4920.0], [78047.5, 16470.0], [78010.0, 6050.0], [78007.5, 20280.0], [77995.0, 1350.0], [77992.5, 4520.0], [77927.5, 20310.0], [77902.5, 50000.0], [77890.0, 500.0], [77887.5, 8770.0], [77885.0, 36750.0], [77845.0, 38930.0], [77750.0, 210.0], [77745.0, 50000.0], [77722.5, 35110.0], [77720.0, 40190.0], [77667.5, 50000.0]], "asks": [[78140.0, 44620.0], [78142.5, 1300.0], [78147.5, 5370.0], [78150.0, 70390.0], [78152.5, 1300.0], [78155.0, 800.0], [78157.5, 2850.0], [78165.0, 1350.0], [78167.5, 4530.0], [78227.5, 4930.0], [78230.0, 30010.0], [78232.5, 45160.0], [78240.0, 5830.0], [78242.5, 19530.0], [78247.5, 19920.0], [78280.0, 4500.0], [78307.5, 41050.0], [78350.0, 50500.0], [78382.5, 39700.0], [78467.5, 10.0]]}}}
{"jsonrpc": "2.0", "method": "subscription", "params": {"channel": "book.BTC-13FEB26.none.20.100ms", "data": {"timestamp": 1770065445251, "change_id": 138140247975, "instrument_name": "BTC-13FEB26", "bids": [[78180.0, 16290.0], [78177.5, 50000.0], [78175.0, 1380.0], [78172.5, 4540.0], [78170.0, 20250.0], [78167.5, 37520.0], [78165.0, 37520.0], [78122.5, 7640.0], [78120.0, 16630.0], [77982.5, 1530.0], [77980.0, 5130.0], [77977.5, 15430.0], [77975.0, 50000.0], [77960.0, 10.0], [77952.5, 4520.0], [77927.5, 51950.0], [77925.0, 40.0], [77905.0, 40.0], [77882.5, 29590.0], [77790.0, 35110.0]], "asks": [[78195.0, 45860.0], [78197.5, 4540.0], [78200.0, 360.0], [78202.5, 1200.0], [78205.0, 9400.0], [78207.5, 50000.0], [78210.0, 1200.0], [78215.0, 50.0], [78222.5, 1500.0], [78230.0, 20.0], [78265.0, 13480.0], [78267.5, 45160.0], [78282.5, 4520.0], [78285.0, 15140.0], [78292.5, 6130.0], [78295.0, 20550.0], [78332.5, 1490.0], [78335.0, 4980.0], [78337.5, 30810.0], [78402.5, 50000.0]]}}}
{"jsonrpc": "2.0", "method": "subscription", "params": {"channel": "book.BTC-6FEB26.none.20.100ms", "data": {"timestamp": 1770065445261, "change_id": 138140248116, "instrument_name": "BTC-6FEB26", "bids": [[78135.0, 4530.0], [78092.5, 1830.0], [78090.0, 7190.0], [78085.0, 2990.0], [78050.0, 4920.0], [78047.5, 16470.0], [78020.0, 6050.0], [78017.5, 20280.0], [77995.0, 1350.0], [77992.5, 4520.0], [77930.0, 6060.0], [77927.5, 20310.0], [77905.0, 14930.0], [77902.5, 50000.0], [77890.0, 500.0], [77887.5, 8770.0], [77885.0, 36750.0], [77845.0, 38930.0], [77750.0, 210.0], [77745.0, 50000.0]], "asks": [[78137.5, 1300.0], [78140.0, 45010.0], [78142.5, 1300.0], [78147.5, 5420.0], [78150.0, 32570.0], [78152.5, 51300.0], [78155.0, 3210.0], [78157.5, 1300.0], [78160.0, 4530.0], [78227.5, 4930.0], [78230.0, 30010.0], [78232.5, 45160.0], [78240.0, 5830.0], [78242.5, 19530.0], [78247.5, 19920.0], [78280.0, 4500.0], [78307.5, 41050.0], [78350.0, 50500.0], [78382.5, 39700.0], [78467.5, 10.0]]}}}
{"jsonrpc": "2.0", "method": "subscription", "params": {"channel": "book.BTC-6FEB26.none.20.100ms", "data": {"timestamp": 1770065445337, "change_id": 138140248178, "instrument_name": "BTC-6FEB26", "bids": [[78135.0, 4530.0], [78090.0, 890.0], [78085.0, 2990.0], [78050.0, 4920.0], [78047.5, 16470.0], [78020.0, 6050.0], [78017.5, 20280.0], [77995.0, 1350.0], [77992.5, 4520.0], [77930.0, 6060.0], [77927.5, 20310.0], [77905.0, 14930.0], [77902.5, 50000.0], [77890.0, 500.0], [77887.5, 8770.0], [77885.0, 36750.0], [77845.0, 38930.0], [77750.0, 210.0], [77745.0, 50000.0], [77722.5, 35110.0]], "asks": [[78137.5, 1300.0], [78140.0, 44620.0], [78147.5, 5420.0], [78150.0, 32570.0], [78152.5, 51300.0], [78155.0, 3210.0], [78157.5, 1300.0], [78160.0, 4530.0], [78227.5, 4930.0], [78230.0, 30010.0], [78232.5, 45160.0], [78240.0, 5830.0], [78242.5, 19530.0], [78247.5, 19920.0], [78280.0, 4500.0], [78307.5, 41050.0], [78350.0, 50500.0], [78382.5, 39700.0], [78467.5, 10.0], [78485.0, 59070.0]]}}}
{"jsonrpc": "2.0", "method": "subscription", "params": {"channel": "book.BTC-13FEB26.none.20.100ms", "data": {"timestamp": 1770065445817, "change_id": 138140249397, "instrument_name": "BTC-13FEB26", "bids": [[78185.0, 450.0], [78182.5, 1500.0], [78180.0, 16290.0], [78177.5, 50000.0], [78175.0, 20.0], [78170.0, 20250.0], [78167.5, 37520.0], [78165.0, 42060.0], [78122.5, 7640.0], [78120.0, 16630.0], [77982.5, 3950.0], [77980.0, 13900.0], [77977.5, 15430.0], [77975.0, 50000.0], [77960.0, 10.0], [77952.5, 4520.0], [77927.5, 51950.0], [77925.0, 40.0], [77905.0, 40.0], [77882.5, 29590.0]], "asks": [[78190.0, 5740.0], [78195.0, 1650.0], [78197.5, 1500.0], [78200.0, 360.0], [78202.5, 1200.0], [78205.0, 360.0], [78210.0, 1200.0], [78215.0, 50.0], [78222.5, 50000.0], [78225.0, 44690.0], [78230.0, 20.0], [78265.0, 13480.0], [78267.5, 45160.0], [78282.5, 4520.0], [78285.0, 15140.0], [78292.5, 6130.0], [78295.0, 20550.0], [78332.5, 1490.0], [78335.0, 4980.0], [78337.5, 30810.0]]}}}
{"jsonrpc": "2.0", "method": "subscription", "params": {"channel": "book.BTC-6FEB26.none.20.100ms", "data": {"timestamp": 1770065445778, "change_id": 138140249251, "instrument_name": "BTC-6FEB26", "bids": [[78135.0, 4530.0], [78117.5, 450.0], [78115.0, 1500.0], [78090.0, 890.0], [78085.0, 2990.0], [78050.0, 4920.0], [78047.5, 16470.0], [78020.0, 6050.0], [78017.5, 20280.0], [77995.0, 1350.0], [77992.5, 4520.0], [77930.0, 6060.0], [77927.5, 20310.0], [77905.0, 14930.0], [77902.5, 50000.0], [77890.0, 500.0], [77887.5, 8770.0], [77885.0, 36750.0], [77845.0, 38930.0], [77750.0, 210.0]], "asks": [[78137.5, 2800.0], [78147.5, 5420.0], [78150.0, 32570.0], [78152.5, 55830.0], [78155.0, 13670.0], [78157.5, 1300.0], [78160.0, 44660.0], [78227.5, 4930.0], [78230.0, 30010.0], [78232.5, 45160.0], [78240.0, 5830.0], [78242.5, 19530.0], [78247.5, 19920.0], [78280.0, 4500.0], [78307.5, 41050.0], [78350.0, 50500.0], [78382.5, 39700.0], [78467.5, 10.0], [78485.0, 59070.0], [78532.5, 50000.0]]}}}
{"jsonrpc": "2.0", "method": "subscription", "params": {"channel": "book.BTC-13FEB26.none.20.100ms", "data": {"timestamp": 1770065446224, "change_id": 138140250940, "instrument_name": "BTC-13FEB26", "bids": [[78185.0, 1750.0], [78182.5, 6040.0], [78180.0, 16290.0], [78177.5, 50000.0], [78175.0, 20.0], [78170.0, 20250.0], [78167.5, 37520.0], [78165.0, 37520.0], [78122.5, 7640.0], [78120.0, 16630.0], [77982.5, 3950.0], [77980.0, 13900.0], [77977.5, 15430.0], [77975.0, 50000.0], [77960.0, 10.0], [77952.5, 4520.0], [77927.5, 51950.0], [77925.0, 40.0], [77905.0, 40.0], [77882.5, 29590.0]], "asks": [[78197.5, 1200.0], [78202.5, 1200.0], [78205.0, 4540.0], [78217.5, 360.0], [78220.0, 1200.0], [78225.0, 44740.0], [78230.0, 20.0], [78265.0, 63480.0], [78267.5, 45160.0], [78282.5, 4520.0], [78285.0, 15140.0], [78292.5, 6130.0], [78295.0, 20550.0], [78332.5, 1490.0], [78335.0, 4980.0], [78337.5, 30810.0], [78417.5, 500.0], [78425.0, 29620.0], [78445.0, 10.0], [78447.5, 2190.0]]}}}
{"jsonrpc": "2.0", "method": "subscription", "params": {"channel": "book.BTC-6FEB26.none.20.100ms", "data": {"timestamp": 1770065446004, "change_id": 138140250939, "instrument_name": "BTC-6FEB26", "bids": [[78135.0, 4530.0], [78117.5, 450.0], [78115.0, 1500.0], [78090.0, 890.0], [78085.0, 2990.0], [78050.0, 4920.0], [78047.5, 16470.0], [78020.0, 6050.0], [78017.5, 20280.0], [77995.0, 1350.0], [77992.5, 4520.0], [77930.0, 6060.0], [77927.5, 20310.0], [77905.0, 14930.0], [77902.5, 50000.0], [77890.0, 500.0], [77887.5, 8770.0], [77885.0, 36750.0], [77845.0, 38930.0], [77750.0, 210.0]], "asks": [[78137.5, 1300.0], [78147.5, 5370.0], [78150.0, 20000.0], [78152.5, 1300.0], [78155.0, 13670.0], [78157.5, 1350.0], [78160.0, 44660.0], [78167.5, 4530.0], [78212.5, 50000.0], [78227.5, 4930.0], [78230.0, 30010.0], [78232.5, 45160.0], [78240.0, 5830.0], [78242.5, 19530.0], [78247.5, 19920.0], [78280.0, 4500.0], [78307.5, 41050.0], [78350.0, 50500.0], [78382.5, 39700.0], [78467.5, 10.0]]}}}
{"jsonrpc": "2.0", "method": "subscription", "params": {"channel": "book.BTC-13FEB26.none.20.100ms", "data": {"timestamp": 1770065446565, "change_id": 138140251767, "instrument_name": "BTC-13FEB26", "bids": [[78185.0, 1750.0], [78182.5, 4540.0], [78180.0, 16290.0], [78177.5, 50000.0], [78175.0, 20.0], [78170.0, 20250.0], [78167.5, 37520.0], [78165.0, 37520.0], [78122.5, 7640.0], [78120.0, 16630.0], [77982.5, 3950.0], [77980.0, 13900.0], [77977.5, 15430.0], [77975.0, 50000.0], [77960.0, 10.0], [77952.5, 4520.0], [77927.5, 51950.0], [77925.0, 40.0], [77905.0, 40.0], [77882.5, 29590.0]], "asks": [[78197.5, 1200.0], [78202.5, 1200.0], [78205.0, 4540.0], [78217.5, 760.0], [78220.0, 2700.0], [78225.0, 44740.0], [78230.0, 20.0], [78265.0, 63480.0], [78267.5, 45160.0], [78282.5, 4520.0], [78285.0, 15140.0], [78292.5, 6130.0], [78295.0, 20550.0], [78332.5, 1490.0], [78335.0, 4980.0], [78337.5, 30810.0], [78417.5, 500.0], [78425.0, 29620.0], [78445.0, 10.0], [78447.5, 2190.0]]}}}
{"jsonrpc": "2.0", "method": "subscription", "params": {"channel": "book.BTC-6FEB26.none.20.100ms", "data": {"timestamp": 1770065446529, "change_id": 138140251715, "instrument_name": "BTC-6FEB26", "bids": [[78135.0, 5830.0], [78090.0, 890.0], [78085.0, 2990.0], [78050.0, 4920.0], [78047.5, 16470.0], [78020.0, 6050.0], [78017.5, 20280.0], [77995.0, 1350.0], [77992.5, 4520.0], [77935.0, 650.0], [77932.5, 2190.0], [77930.0, 6060.0], [77927.5, 20310.0], [77905.0, 14930.0], [77902.5, 50000.0], [77890.0, 500.0], [77887.5, 8770.0], [77885.0, 36750.0], [77845.0, 38930.0], [77750.0, 210.0]], "asks": [[78137.5, 1300.0], [78145.0, 390.0], [78147.5, 1300.0], [78150.0, 6360.0], [78152.5, 22800.0], [78155.0, 13670.0], [78157.5, 51350.0], [78160.0, 44660.0], [78165.0, 1350.0], [78167.5, 4530.0], [78227.5, 4930.0], [78230.0, 30010.0], [78232.5, 45160.0], [78240.0, 5830.0], [78242.5, 19530.0], [78247.5, 19920.0], [78280.0, 4500.0], [78307.5, 41050.0], [78350.0, 50500.0], [78382.5, 39700.0]]}}}
{"jsonrpc": "2.0", "method": "subscription", "params": {"channel": "book.BTC-13FEB26.none.20.100ms", "data": {"timestamp": 1770065446871, "change_id": 138140252400, "instrument_name": "BTC-13FEB26", "bids": [[78195.0, 1500.0], [78185.0, 1750.0], [78182.5, 4540.0], [78180.0, 16290.0], [78177.5, 50000.0], [78175.0, 20.0], [78170.0, 20250.0], [78167.5, 37520.0], [78165.0, 37520.0], [78127.5, 800.0], [78125.0, 2680.0], [78122.5, 4960.0], [78120.0, 16630.0], [77985.0, 5130.0], [77982.5, 1530.0], [77980.0, 8770.0], [77977.5, 15430.0], [77975.0, 50000.0], [77960.0, 10.0], [77952.5, 4520.0]], "asks": [[78197.5, 1200.0], [78202.5, 1200.0], [78205.0, 4540.0], [78207.5, 450.0], [78210.0, 1500.0], [78217.5, 360.0], [78220.0, 1200.0], [78222.5, 63350.0], [78225.0, 44740.0], [78230.0, 20.0], [78265.0, 13480.0], [78267.5, 45160.0], [78282.5, 4520.0], [78285.0, 15140.0], [78292.5, 6130.0], [78295.0, 20550.0], [78332.5, 1490.0], [78335.0, 4980.0], [78337.5, 30810.0], [78417.5, 500.0]]}}}
{"jsonrpc": "2.0", "method": "subscription", "params": {"channel": "book.BTC-6FEB26.none.20.100ms", "data": {"timestamp": 1770065446864, "change_id": 138140252390, "instrument_name": "BTC-6FEB26", "bids": [[78135.0, 5830.0], [78130.0, 450.0], [78127.5, 1500.0], [78090.0, 890.0], [78085.0, 2990.0], [78050.0, 4920.0], [78047.5, 16470.0], [78020.0, 6050.0], [78017.5, 20280.0], [77995.0, 1350.0], [77992.5, 4520.0], [77935.0, 650.0], [77932.5, 2190.0], [77930.0, 6060.0], [77927.5, 20310.0], [77905.0, 14930.0], [77902.5, 50000.0], [77890.0, 500.0], [77887.5, 8770.0], [77885.0, 36750.0]], "asks": [[78137.5, 1300.0], [78142.5, 1500.0], [78145.0, 390.0], [78147.5, 1300.0], [78150.0, 6360.0], [78152.5, 21300.0], [78155.0, 13670.0], [78157.5, 51350.0], [78160.0, 44660.0], [78165.0, 1350.0], [78167.5, 4530.0], [78227.5, 4930.0], [78230.0, 30010.0], [78232.5, 45160.0], [78240.0, 5830.0], [78242.5, 19530.0], [78247.5, 19920.0], [78280.0, 4500.0], [78307.5, 41050.0], [78350.0, 50500.0]]}}}
{"jsonrpc": "2.0", "method": "subscription", "params": {"channel": "book.BTC-13FEB26.none.20.100ms", "data": {"timestamp": 1770065447180, "change_id": 138140252747, "instrument_name": "BTC-13FEB26", "bids": [[78195.0, 1500.0], [78185.0, 1750.0], [78182.5, 4540.0], [78180.0, 16290.0], [78177.5, 50000.0], [78175.0, 20.0], [78170.0, 20250.0], [78167.5, 37520.0], [78165.0, 37520.0], [78127.5, 800.0], [78125.0, 2680.0], [78122.5, 4960.0], [78120.0, 16630.0], [77985.0, 5130.0], [77982.5, 1530.0], [77980.0, 8770.0], [77977.5, 15430.0], [77975.0, 50000.0], [77960.0, 10.0], [77952.5, 4520.0]], "asks": [[78197.5, 1200.0], [78202.5, 1200.0], [78205.0, 4540.0], [78207.5, 450.0], [78210.0, 1500.0], [78212.5, 360.0], [78215.0, 1200.0], [78217.5, 360.0], [78220.0, 1200.0], [78222.5, 63350.0], [78225.0, 44740.0], [78230.0, 20.0], [78265.0, 13480.0], [78267.5, 45160.0], [78282.5, 4520.0], [78285.0, 15140.0], [78292.5, 6130.0], [78295.0, 20550.0], [78332.5, 1490.0], [78335.0, 4980.0]]}}}
{"jsonrpc": "2.0", "method": "subscription", "params": {"channel": "book.BTC-13FEB26.none.20.100ms", "data": {"timestamp": 1770065447540, "change_id": 138140253602, "instrument_name": "BTC-13FEB26", "bids": [[78197.5, 450.0], [78195.0, 1500.0], [78185.0, 1750.0], [78182.5, 4540.0], [78180.0, 16290.0], [78177.5, 50000.0], [78175.0, 20.0], [78170.0, 20250.0], [78167.5, 37520.0], [78165.0, 37520.0], [78127.5, 800.0], [78125.0, 2680.0], [78122.5, 4960.0], [78120.0, 16630.0], [77987.5, 7320.0], [77982.5, 1530.0], [77980.0, 8770.0], [77977.5, 15430.0], [77975.0, 50000.0], [77960.0, 10.0]], "asks": [[78202.5, 1200.0], [78205.0, 4540.0], [78212.5, 360.0], [78215.0, 1200.0], [78217.5, 360.0], [78220.0, 1200.0], [78222.5, 63350.0], [78225.0, 44740.0], [78230.0, 20.0], [78265.0, 13480.0], [78267.5, 45160.0], [78282.5, 4520.0], [78285.0, 15140.0], [78292.5, 6130.0], [78295.0, 20550.0], [78332.5, 1490.0], [78335.0, 4980.0], [78337.5, 30810.0], [78417.5, 500.0], [78425.0, 29620.0]]}}}
{"jsonrpc": "2.0", "method": "subscription", "params": {"channel": "book.BTC-6FEB26.none.20.100ms", "data": {"timestamp": 1770065447489, "change_id": 138140253369, "instrument_name": "BTC-6FEB26", "bids": [[78135.0, 5830.0], [78132.5, 790.0], [78130.0, 3250.0], [78090.0, 890.0], [78085.0, 2990.0], [78050.0, 4920.0], [78047.5, 16470.0], [78020.0, 6050.0], [78017.5, 20280.0], [77995.0, 1350.0], [77992.5, 4520.0], [77935.0, 650.0], [77932.5, 2190.0], [77930.0, 6060.0], [77927.5, 20310.0], [77905.0, 14930.0], [77902.5, 50000.0], [77890.0, 500.0], [77887.5, 8770.0], [77885.0, 36750.0]], "asks": [[78137.5, 1300.0], [78140.0, 1300.0], [78145.0, 390.0], [78147.5, 1300.0], [78150.0, 6360.0], [78152.5, 21300.0], [78155.0, 13670.0], [78157.5, 51350.0], [78160.0, 44660.0], [78165.0, 1350.0], [78167.5, 4530.0], [78227.5, 4930.0], [78230.0, 30010.0], [78232.5, 45160.0], [78240.0, 5830.0], [78242.5, 19530.0], [78247.5, 19920.0], [78280.0, 4500.0], [78307.5, 41050.0], [78350.0, 50500.0]]}}}
{"jsonrpc": "2.0", "method": "subscription", "params": {"channel": "book.BTC-13FEB26.none.20.100ms", "data": {"timestamp": 1770065447712, "change_id": 138140254002, "instrument_name": "BTC-13FEB26", "bids": [[78200.0, 1500.0], [78185.0, 1770.0], [78182.5, 4540.0], [78180.0, 16290.0], [78177.5, 50000.0], [78175.0, 20.0], [78170.0, 20250.0], [78167.5, 37520.0], [78165.0, 37520.0], [78127.5, 800.0], [78125.0, 2680.0], [78122.5, 4960.0], [78120.0, 16630.0], [77987.5, 7320.0], [77982.5, 1530.0], [77980.0, 8770.0], [77977.5, 15430.0], [77975.0, 50000.0], [77960.0, 10.0], [77952.5, 4520.0]], "asks": [[78202.5, 1200.0], [78205.0, 4540.0], [78212.5, 360.0], [78215.0, 1200.0], [78217.5, 760.0], [78220.0, 2700.0], [78222.5, 63350.0], [78225.0, 44740.0], [78230.0, 20.0], [78265.0, 13480.0], [78267.5, 45160.0], [78282.5, 4520.0], [78285.0, 15140.0], [78292.5, 6130.0], [78295.0, 20550.0], [78332.5, 1490.0], [78335.0, 4980.0], [78337.5, 30810.0], [78417.5, 500.0], [78425.0, 29620.0]]}}}
{"jsonrpc": "2.0", "method": "subscription", "params": {"channel": "book.BTC-6FEB26.none.20.100ms", "data": {"timestamp": 1770065447635, "change_id": 138140253901, "instrument_name": "BTC-6FEB26", "bids": [[78135.0, 7330.0], [78132.5, 390.0], [78130.0, 1300.0], [78117.5, 20.0], [78090.0, 890.0], [78085.0, 2990.0], [78050.0, 4920.0], [78047.5, 16470.0], [78020.0, 6050.0], [78017.5, 20280.0], [77995.0, 1350.0], [77992.5, 4520.0], [77935.0, 650.0], [77932.5, 2190.0], [77930.0, 6060.0], [77927.5, 20310.0], [77905.0, 14930.0], [77902.5, 50000.0], [77890.0, 500.0], [77887.5, 8770.0]], "asks": [[78137.5, 1300.0], [78140.0, 1300.0], [78145.0, 390.0], [78147.5, 1300.0], [78150.0, 6360.0], [78152.5, 22800.0], [78155.0, 13670.0], [78157.5, 51350.0], [78160.0, 44660.0], [78165.0, 1350.0], [78167.5, 4530.0], [78227.5, 4930.0], [78230.0, 30010.0], [78232.5, 45160.0], [78240.0, 5830.0], [78242.5, 19530.0], [78247.5, 19920.0], [78280.0, 4500.0], [78307.5, 41050.0], [78350.0, 50500.0]]}}}
{"jsonrpc": "2.0", "method": "subscription", "params": {"channel": "book.BTC-13FEB26.none.20.100ms", "data": {"timestamp": 1770065448170, "change_id": 138140254587, "instrument_name": "BTC-13FEB26", "bids": [[78200.0, 1500.0], [78185.0, 1770.0], [78182.5, 4540.0], [78180.0, 16290.0], [78177.5, 50000.0], [78175.0, 20.0], [78170.0, 20250.0], [78167.5, 37520.0], [78165.0, 37520.0], [78127.5, 800.0], [78125.0, 2680.0], [78122.5, 4960.0], [78120.0, 16630.0], [77987.5, 7320.0], [77982.5, 1530.0], [77980.0, 8770.0], [77977.5, 15430.0], [77975.0, 50000.0], [77960.0, 10.0], [77952.5, 4520.0]], "asks": [[78202.5, 1200.0], [78205.0, 4540.0], [78212.5, 360.0], [78215.0, 2360.0], [78217.5, 1200.0], [78220.0, 2700.0], [78222.5, 13350.0], [78225.0, 44740.0], [78230.0, 20.0], [78262.5, 14930.0], [78265.0, 63480.0], [78267.5, 45160.0], [78282.5, 4520.0], [78285.0, 15140.0], [78292.5, 6130.0], [78295.0, 20550.0], [78332.5, 1490.0], [78335.0, 4980.0], [78337.5, 30810.0], [78417.5, 500.0]]}}}
{"jsonrpc": "2.0", "method": "subscription", "params": {"channel": "book.BTC-6FEB26.none.20.100ms", "data": {"timestamp": 1770065448077, "change_id": 138140254482, "instrument_name": "BTC-6FEB26", "bids": [[78135.0, 7330.0], [78132.5, 390.0], [78130.0, 1300.0], [78117.5, 20.0], [78090.0, 890.0], [78085.0, 2990.0], [78050.0, 4920.0], [78047.5, 16470.0], [78020.0, 6050.0], [78017.5, 20280.0], [77995.0, 1350.0], [77992.5, 4520.0], [77935.0, 650.0], [77932.5, 2190.0], [77930.0, 6060.0], [77927.5, 20310.0], [77905.0, 14930.0], [77902.5, 50000.0], [77890.0, 500.0], [77887.5, 8770.0]], "asks": [[78137.5, 1300.0], [78140.0, 1300.0], [78145.0, 390.0], [78147.5, 1300.0], [78150.0, 6360.0], [78152.5, 22800.0], [78155.0, 13670.0], [78157.5, 1350.0], [78160.0, 44660.0], [78165.0, 1350.0], [78167.5, 4530.0], [78210.0, 14930.0], [78212.5, 50000.0], [78227.5, 4930.0], [78230.0, 30010.0], [78232.5, 45160.0], [78240.0, 5830.0], [78242.5, 19530.0], [78247.5, 19920.0], [78280.0, 4500.0]]}}}
{"jsonrpc": "2.0", "method": "subscription", "params": {"channel": "book.BTC-13FEB26.none.20.100ms", "data": {"timestamp": 1770065448543, "change_id": 138140255152, "instrument_name": "BTC-13FEB26", "bids": [[78200.0, 1500.0], [78185.0, 1770.0], [78182.5, 4540.0], [78180.0, 16290.0], [78177.5, 50000.0], [78175.0, 20.0], [78170.0, 20250.0], [78167.5, 37520.0], [78165.0, 37520.0], [78127.5, 800.0], [78125.0, 2680.0], [78122.5, 4960.0], [78120.0, 16630.0], [77987.5, 7320.0], [77982.5, 1530.0], [77980.0, 8770.0], [77977.5, 15430.0], [77975.0, 50000.0], [77960.0, 10.0], [77952.5, 4520.0]], "asks": [[78202.5, 1200.0], [78205.0, 4540.0], [78212.5, 360.0], [78215.0, 2360.0], [78217.5, 1200.0], [78220.0, 2700.0], [78222.5, 13350.0], [78225.0, 44740.0], [78230.0, 20.0], [78265.0, 63480.0], [78267.5, 45160.0], [78282.5, 4520.0], [78285.0, 15140.0], [78292.5, 6130.0], [78295.0, 20550.0], [78332.5, 1490.0], [78335.0, 4980.0], [78337.5, 30810.0], [78417.5, 500.0], [78425.0, 29620.0]]}}}
{"jsonrpc": "2.0", "method": "subscription", "params": {"channel": "book.BTC-6FEB26.none.20.100ms", "data": {"timestamp": 1770065448546, "change_id": 138140255156, "instrument_name": "BTC-6FEB26", "bids": [[78135.0, 7330.0], [78122.5, 390.0], [78120.0, 1300.0], [78117.5, 20.0], [78090.0, 890.0], [78085.0, 2990.0], [78050.0, 4920.0], [78047.5, 16470.0], [78020.0, 6050.0], [78017.5, 20280.0], [77995.0, 1350.0], [77992.5, 4520.0], [77935.0, 650.0], [77932.5, 2190.0], [77930.0, 6060.0], [77927.5, 20310.0], [77905.0, 14930.0], [77902.5, 50000.0], [77890.0, 500.0], [77887.5, 8770.0]], "asks": [[78137.5, 1300.0], [78142.5, 1300.0], [78145.0, 390.0], [78147.5, 1300.0], [78150.0, 6360.0], [78152.5, 22800.0], [78155.0, 13670.0], [78157.5, 1350.0], [78160.0, 44660.0], [78165.0, 1350.0], [78167.5, 4530.0], [78210.0, 14930.0], [78212.5, 50000.0], [78227.5, 4930.0], [78230.0, 30010.0], [78232.5, 45160.0], [78240.0, 5830.0], [78242.5, 19530.0], [78247.5, 19920.0], [78280.0, 4500.0]]}}}
{"jsonrpc": "2.0", "method": "subscription", "params": {"channel": "book.BTC-13FEB26.none.20.100ms", "data": {"timestamp": 1770065448853, "change_id": 138140255962, "instrument_name": "BTC-13FEB26", "bids": [[78185.0, 20.0], [78180.0, 16290.0], [78177.5, 50000.0], [78175.0, 4560.0], [78170.0, 20250.0], [78167.5, 37520.0], [78165.0, 37520.0], [78127.5, 800.0], [78125.0, 2680.0], [78122.5, 4960.0], [78120.0, 16630.0], [77990.0, 2190.0], [77987.5, 7320.0], [77982.5, 1530.0], [77980.0, 8770.0], [77977.5, 15430.0], [77975.0, 50000.0], [77960.0, 10.0], [77952.5, 4520.0], [77927.5, 51950.0]], "asks": [[78195.0, 5740.0], [78200.0, 1560.0], [78202.5, 1200.0], [78212.5, 360.0], [78215.0, 2360.0], [78217.5, 1200.0], [78220.0, 2700.0], [78222.5, 63350.0], [78225.0, 44740.0], [78230.0, 20.0], [78265.0, 13480.0], [78267.5, 45160.0], [78282.5, 4520.0], [78285.0, 15140.0], [78292.5, 6130.0], [78295.0, 20550.0], [78332.5, 1490.0], [78335.0, 4980.0], [78337.5, 30810.0], [78417.5, 500.0]]}}}
{"jsonrpc": "2.0", "method": "subscription", "params": {"channel": "book.BTC-6FEB26.none.20.100ms", "data": {"timestamp": 1770065448808, "change_id": 138140255834, "instrument_name": "BTC-6FEB26", "bids": [[78135.0, 4530.0], [78122.5, 390.0], [78120.0, 1300.0], [78117.5, 20.0], [78090.0, 890.0], [78085.0, 2990.0], [78050.0, 4920.0], [78047.5, 16470.0], [78020.0, 6050.0], [78017.5, 20280.0], [77995.0, 1350.0], [77992.5, 4520.0], [77935.0, 650.0], [77932.5, 2190.0], [77930.0, 6060.0], [77927.5, 20310.0], [77905.0, 14930.0], [77902.5, 50000.0], [77890.0, 500.0], [77887.5, 8770.0]], "asks": [[78137.5, 1300.0], [78140.0, 390.0], [78142.5, 1300.0], [78145.0, 390.0], [78147.5, 1300.0], [78150.0, 6360.0], [78152.5, 22800.0], [78155.0, 13670.0], [78157.5, 51350.0], [78160.0, 49190.0], [78227.5, 4930.0], [78230.0, 30010.0], [78232.5, 45160.0], [78240.0, 5830.0], [78242.5, 19530.0], [78247.5, 19920.0], [78280.0, 4500.0], [78307.5, 41050.0], [78350.0, 50500.0], [78382.5, 39700.0]]}}}
{"jsonrpc": "2.0", "method": "subscription", "params": {"channel": "book.BTC-13FEB26.none.20.100ms", "data": {"timestamp": 1770065449157, "change_id": 138140256612, "instrument_name": "BTC-13FEB26", "bids": [[78185.0, 20.0], [78180.0, 16290.0], [78177.5, 50000.0], [78175.0, 4560.0], [78170.0, 20250.0], [78167.5, 37520.0], [78165.0, 37520.0], [78127.5, 800.0], [78125.0, 2680.0], [78122.5, 4960.0], [78120.0, 16630.0], [77990.0, 2190.0], [77987.5, 7320.0], [77982.5, 1530.0], [77980.0, 8770.0], [77977.5, 15430.0], [77975.0, 50000.0], [77960.0, 10.0], [77952.5, 4520.0], [77927.5, 51950.0]], "asks": [[78195.0, 5740.0], [78210.0, 720.0], [78212.5, 1200.0], [78215.0, 2360.0], [78217.5, 1200.0], [78220.0, 2700.0], [78222.5, 63350.0], [78225.0, 44740.0], [78230.0, 20.0], [78265.0, 13480.0], [78267.5, 45160.0], [78282.5, 4520.0], [78285.0, 15140.0], [78292.5, 6130.0], [78295.0, 20550.0], [78332.5, 1490.0], [78335.0, 4980.0], [78337.5, 30810.0], [78417.5, 500.0], [78425.0, 29620.0]]}}}
{"jsonrpc": "2.0", "method": "subscription", "params": {"channel": "book.BTC-6FEB26.none.20.100ms", "data": {"timestamp": 1770065449175, "change_id": 138140256677, "instrument_name": "BTC-6FEB26", "bids": [[78135.0, 4530.0], [78122.5, 390.0], [78120.0, 1300.0], [78117.5, 20.0], [78090.0, 890.0], [78085.0, 2990.0], [78050.0, 4920.0], [78047.5, 16470.0], [78020.0, 6050.0], [78017.5, 20280.0], [77995.0, 1350.0], [77992.5, 4520.0], [77935.0, 650.0], [77932.5, 2190.0], [77930.0, 6060.0], [77927.5, 20310.0], [77907.5, 8770.0], [77905.0, 14930.0], [77902.5, 50000.0], [77890.0, 500.0]], "asks": [[78137.5, 1300.0], [78140.0, 390.0], [78142.5, 1300.0], [78145.0, 390.0], [78147.5, 1300.0], [78150.0, 6360.0], [78152.5, 22800.0], [78155.0, 13670.0], [78157.5, 51350.0], [78160.0, 49190.0], [78227.5, 4930.0], [78230.0, 30010.0], [78232.5, 45160.0], [78240.0, 5830.0], [78242.5, 19530.0], [78247.5, 19920.0], [78280.0, 4500.0], [78307.5, 41050.0], [78350.0, 50500.0], [78382.5, 39700.0]]}}}
{"jsonrpc": "2.0", "method": "subscription", "params": {"channel": "book.BTC-13FEB26.none.20.100ms", "data": {"timestamp": 1770065449322, "change_id": 138140257003, "instrument_name": "BTC-13FEB26", "bids": [[78192.5, 1500.0], [78185.0, 20.0], [78180.0, 16290.0], [78177.5, 50000.0], [78175.0, 4560.0], [78170.0, 20250.0], [78167.5, 37520.0], [78165.0, 37520.0], [78127.5, 800.0], [78125.0, 2680.0], [78122.5, 4960.0], [78120.0, 16630.0], [77990.0, 2190.0], [77987.5, 7320.0], [77982.5, 1530.0], [77980.0, 8770.0], [77977.5, 15430.0], [77975.0, 50000.0], [77960.0, 10.0], [77952.5, 4520.0]], "asks": [[78195.0, 5740.0], [78210.0, 1070.0], [78212.5, 2700.0], [78215.0, 1920.0], [78217.5, 1200.0], [78220.0, 1200.0], [78222.5, 63350.0], [78225.0, 44740.0], [78230.0, 20.0], [78265.0, 13480.0], [78267.5, 45160.0], [78282.5, 4520.0], [78285.0, 15140.0], [78292.5, 6130.0], [78295.0, 20550.0], [78332.5, 1490.0], [78335.0, 4980.0], [78337.5, 30810.0], [78417.5, 500.0], [78425.0, 29620.0]]}}}
{"jsonrpc": "2.0", "method": "subscription", "params": {"channel": "book.BTC-6FEB26.none.20.100ms", "data": {"timestamp": 1770065449288, "change_id": 138140256997, "instrument_name": "BTC-6FEB26", "bids": [[78135.0, 5830.0], [78132.5, 450.0], [78130.0, 1500.0], [78127.5, 390.0], [78125.0, 1300.0], [78122.5, 390.0], [78120.0, 1300.0], [78117.5, 20.0], [78090.0, 890.0], [78085.0, 2990.0], [78050.0, 4920.0], [78047.5, 16470.0], [78020.0, 6050.0], [78017.5, 20280.0], [77995.0, 1350.0], [77992.5, 4520.0], [77935.0, 650.0], [77932.5, 2190.0], [77930.0, 6060.0], [77927.5, 20310.0]], "asks": [[78137.5, 1300.0], [78140.0, 390.0], [78142.5, 1300.0], [78145.0, 2230.0], [78147.5, 1300.0], [78150.0, 7660.0], [78152.5, 21300.0], [78155.0, 13670.0], [78157.5, 51350.0], [78160.0, 49190.0], [78227.5, 4930.0], [78230.0, 30010.0], [78232.5, 45160.0], [78240.0, 5830.0], [78242.5, 19530.0], [78247.5, 19920.0], [78280.0, 4500.0], [78307.5, 41050.0], [78350.0, 50500.0], [78382.5, 39700.0]]}}}
{"jsonrpc": "2.0", "method": "subscription", "params": {"channel": "book.BTC-13FEB26.none.20.100ms", "data": {"timestamp": 1770065449854, "change_id": 138140258170, "instrument_name": "BTC-13FEB26", "bids": [[78200.0, 1500.0], [78185.0, 1380.0], [78182.5, 4540.0], [78180.0, 16290.0], [78177.5, 50000.0], [78175.0, 20.0], [78170.0, 20250.0], [78167.5, 37520.0], [78165.0, 37520.0], [78127.5, 800.0], [78125.0, 2680.0], [78122.5, 4960.0], [78120.0, 16630.0], [77990.0, 2190.0], [77987.5, 7320.0], [77982.5, 1530.0], [77980.0, 8770.0], [77977.5, 15430.0], [77975.0, 50000.0], [77960.0, 10.0]], "asks": [[78202.5, 5740.0], [78210.0, 360.0], [78212.5, 1200.0], [78215.0, 360.0], [78220.0, 1200.0], [78222.5, 13350.0], [78225.0, 44740.0], [78230.0, 20.0], [78260.0, 14930.0], [78262.5, 50000.0], [78265.0, 13480.0], [78267.5, 45160.0], [78282.5, 4520.0], [78285.0, 15140.0], [78292.5, 6130.0], [78295.0, 20550.0], [78332.5, 1490.0], [78335.0, 4980.0], [78337.5, 30810.0], [78417.5, 500.0]]}}}
{"jsonrpc": "2.0", "method": "subscription", "params": {"channel": "book.BTC-6FEB26.none.20.100ms", "data": {"timestamp": 1770065449834, "change_id": 138140258150, "instrument_name": "BTC-6FEB26", "bids": [[78135.0, 7330.0], [78127.5, 390.0], [78125.0, 1300.0], [78122.5, 390.0], [78120.0, 1300.0], [78117.5, 20.0], [78090.0, 890.0], [78085.0, 2990.0], [78050.0, 4920.0], [78047.5, 16470.0], [78025.0, 6050.0], [78022.5, 20280.0], [77995.0, 1350.0], [77992.5, 4520.0], [77935.0, 650.0], [77932.5, 2190.0], [77930.0, 6060.0], [77927.5, 20310.0], [77907.5, 8770.0], [77905.0, 14930.0]], "asks": [[78137.5, 1300.0], [78142.5, 1300.0], [78147.5, 1300.0], [78150.0, 7660.0], [78152.5, 21300.0], [78155.0, 15170.0], [78157.5, 1350.0], [78160.0, 44660.0], [78167.5, 4530.0], [78207.5, 14930.0], [78210.0, 50000.0], [78227.5, 4930.0], [78230.0, 30010.0], [78232.5, 45160.0], [78240.0, 5830.0], [78242.5, 19530.0], [78247.5, 19920.0], [78280.0, 4500.0], [78307.5, 41050.0], [78350.0, 50500.0]]}}}
{"jsonrpc": "2.0", "method": "subscription", "params": {"channel": "book.BTC-13FEB26.none.20.100ms", "data": {"timestamp": 1770065450145, "change_id": 138140258430, "instrument_name": "BTC-13FEB26", "bids": [[78200.0, 1500.0], [78185.0, 1380.0], [78182.5, 4540.0], [78180.0, 16290.0], [78177.5, 50000.0], [78175.0, 20.0], [78170.0, 20250.0], [78167.5, 37520.0], [78165.0, 37520.0], [78127.5, 800.0], [78125.0, 2680.0], [78122.5, 4960.0], [78120.0, 16630.0], [77990.0, 2190.0], [77987.5, 7320.0], [77982.5, 1530.0], [77980.0, 8770.0], [77977.5, 15430.0], [77975.0, 50000.0], [77960.0, 10.0]], "asks": [[78202.5, 5740.0], [78207.5, 1200.0], [78210.0, 360.0], [78212.5, 1200.0], [78215.0, 360.0], [78220.0, 1200.0], [78222.5, 66050.0], [78225.0, 44740.0], [78230.0, 20.0], [78265.0, 13480.0], [78267.5, 45160.0], [78282.5, 4520.0], [78285.0, 15140.0], [78292.5, 6130.0], [78295.0, 20550.0], [78332.5, 1490.0], [78335.0, 4980.0], [78337.5, 30810.0], [78417.5, 500.0], [78425.0, 29620.0]]}}}
{"jsonrpc": "2.0", "method": "subscription", "params": {"channel": "book.BTC-6FEB26.none.20.100ms", "data": {"timestamp": 1770065449992, "change_id": 138140258334, "instrument_name": "BTC-6FEB26", "bids": [[78135.0, 7330.0], [78127.5, 390.0], [78125.0, 1300.0], [78122.5, 390.0], [78120.0, 1300.0], [78117.5, 20.0], [78090.0, 890.0], [78085.0, 2990.0], [78050.0, 4920.0], [78047.5, 16470.0], [78025.0, 6050.0], [78022.5, 20280.0], [77995.0, 1350.0], [77992.5, 4520.0], [77935.0, 650.0], [77932.5, 2190.0], [77930.0, 6060.0], [77927.5, 20310.0], [77907.5, 8770.0], [77905.0, 14930.0]], "asks": [[78137.5, 1300.0], [78142.5, 1300.0], [78147.5, 1300.0], [78150.0, 7660.0], [78152.5, 21300.0], [78155.0, 15170.0], [78157.5, 51350.0], [78160.0, 44660.0], [78167.5, 4530.0], [78227.5, 4930.0], [78230.0, 30010.0], [78232.5, 45160.0], [78240.0, 5830.0], [78242.5, 19530.0], [78247.5, 19920.0], [78280.0, 4500.0], [78307.5, 41050.0], [78350.0, 50500.0], [78382.5, 39700.0], [78467.5, 10.0]]}}}
{"jsonrpc": "2.0", "method": "subscription", "params": {"channel": "book.BTC-13FEB26.none.20.100ms", "data": {"timestamp": 1770065450285, "change_id": 138140258806, "instrument_name": "BTC-13FEB26", "bids": [[78200.0, 1500.0], [78185.0, 1380.0], [78182.5, 4540.0], [78180.0, 16290.0], [78177.5, 50000.0], [78175.0, 20.0], [78170.0, 20250.0], [78167.5, 37520.0], [78165.0, 37520.0], [78127.5, 800.0], [78125.0, 2680.0], [78122.5, 4960.0], [78120.0, 16630.0], [77990.0, 2190.0], [77987.5, 7320.0], [77982.5, 1530.0], [77980.0, 8770.0], [77977.5, 15430.0], [77975.0, 50000.0], [77960.0, 10.0]], "asks": [[78202.5, 5740.0], [78207.5, 1200.0], [78210.0, 360.0], [78212.5, 1200.0], [78215.0, 760.0], [78220.0, 2700.0], [78222.5, 64550.0], [78225.0, 44740.0], [78230.0, 20.0], [78265.0, 13480.0], [78267.5, 45160.0], [78282.5, 4520.0], [78285.0, 15140.0], [78292.5, 6130.0], [78295.0, 20550.0], [78332.5, 1490.0], [78335.0, 4980.0], [78337.5, 30810.0], [78417.5, 500.0], [78425.0, 29620.0]]}}}
{"jsonrpc": "2.0", "method": "subscription", "params": {"channel": "book.BTC-6FEB26.none.20.100ms", "data": {"timestamp": 1770065450285, "change_id": 138140258778, "instrument_name": "BTC-6FEB26", "bids": [[78145.0, 4530.0], [78142.5, 450.0], [78140.0, 1500.0], [78137.5, 390.0], [78135.0, 1300.0], [78132.5, 390.0], [78130.0, 1300.0], [78127.5, 390.0], [78125.0, 1300.0], [78122.5, 390.0], [78120.0, 1300.0], [78117.5, 20.0], [78090.0, 890.0], [78085.0, 2990.0], [78050.0, 4920.0], [78047.5, 16470.0], [78025.0, 6050.0], [78022.5, 20280.0], [77995.0, 1350.0], [77992.5, 4520.0]], "asks": [[78147.5, 1300.0], [78150.0, 7660.0], [78152.5, 22800.0], [78155.0, 13670.0], [78157.5, 51350.0], [78160.0, 44660.0], [78167.5, 4530.0], [78227.5, 4930.0], [78230.0, 30010.0], [78232.5, 45160.0], [78240.0, 5830.0], [78242.5, 19530.0], [78247.5, 19920.0], [78280.0, 4500.0], [78307.5, 41050.0], [78350.0, 50500.0], [78382.5, 39700.0], [78467.5, 10.0], [78485.0, 59070.0], [78532.5, 50000.0]]}}}
{"jsonrpc": "2.0", "method": "subscription", "params": {"channel": "book.BTC-13FEB26.none.20.100ms", "data": {"timestamp": 1770065450703, "change_id": 138140260099, "instrument_name": "BTC-13FEB26", "bids": [[78205.0, 1500.0], [78185.0, 1380.0], [78182.5, 4540.0], [78180.0, 16290.0], [78177.5, 50000.0], [78175.0, 20.0], [78170.0, 20250.0], [78167.5, 37520.0], [78165.0, 37520.0], [78127.5, 800.0], [78125.0, 2680.0], [78122.5, 4960.0], [78120.0, 16630.0], [77990.0, 2190.0], [77987.5, 7320.0], [77982.5, 1530.0], [77980.0, 8770.0], [77977.5, 15430.0], [77975.0, 50000.0], [77960.0, 10.0]], "asks": [[78207.5, 1200.0], [78210.0, 4900.0], [78212.5, 1200.0], [78215.0, 360.0], [78220.0, 1200.0], [78222.5, 64550.0], [78225.0, 46190.0], [78230.0, 20.0], [78237.5, 40.0], [78265.0, 13480.0], [78267.5, 45160.0], [78282.5, 4520.0], [78285.0, 15140.0], [78292.5, 6130.0], [78295.0, 20550.0], [78332.5, 1490.0], [78335.0, 4980.0], [78337.5, 30810.0], [78417.5, 500.0], [78425.0, 29620.0]]}}}
{"jsonrpc": "2.0", "method": "subscription", "params": {"channel": "book.BTC-6FEB26.none.20.100ms", "data": {"timestamp": 1770065450898, "change_id": 138140260418, "instrument_name": "BTC-6FEB26", "bids": [[78145.0, 4530.0], [78142.5, 1500.0], [78137.5, 390.0], [78135.0, 1300.0], [78132.5, 390.0], [78130.0, 1300.0], [78127.5, 390.0], [78125.0, 1300.0], [78117.5, 20.0], [78090.0, 890.0], [78085.0, 2990.0], [78050.0, 4920.0], [78047.5, 16470.0], [78025.0, 6050.0], [78022.5, 20280.0], [77995.0, 1350.0], [77992.5, 4520.0], [77935.0, 650.0], [77932.5, 2190.0], [77930.0, 6060.0]], "asks": [[78147.5, 1300.0], [78150.0, 7660.0], [78152.5, 21300.0], [78155.0, 13670.0], [78157.5, 52800.0], [78160.0, 44660.0], [78167.5, 4530.0], [78170.0, 40.0], [78227.5, 4930.0], [78230.0, 30010.0], [78232.5, 45160.0], [78240.0, 5830.0], [78242.5, 19530.0], [78247.5, 19920.0], [78280.0, 4500.0], [78307.5, 41050.0], [78350.0, 50500.0], [78382.5, 39700.0], [78467.5, 10.0], [78485.0, 59070.0]]}}}
{"jsonrpc": "2.0", "method": "subscription", "params": {"channel": "book.BTC-13FEB26.none.20.100ms", "data": {"timestamp": 1770065451202, "change_id": 138140261635, "instrument_name": "BTC-13FEB26", "bids": [[78212.5, 450.0], [78210.0, 1500.0], [78197.5, 1360.0], [78195.0, 4560.0], [78175.0, 20.0], [78170.0, 20250.0], [78167.5, 37520.0], [78165.0, 37520.0], [78127.5, 800.0], [78125.0, 2680.0], [78122.5, 4960.0], [78120.0, 16630.0], [77990.0, 2190.0], [77987.5, 7320.0], [77982.5, 1530.0], [77980.0, 8770.0], [77977.5, 500.0], [77975.0, 50000.0], [77960.0, 10.0], [77952.5, 4520.0]], "asks": [[78220.0, 1200.0], [78222.5, 1200.0], [78230.0, 20.0], [78232.5, 7730.0], [78235.0, 44690.0], [78252.5, 40.0], [78262.5, 50000.0], [78265.0, 13480.0], [78267.5, 45160.0], [78282.5, 4520.0], [78285.0, 15140.0], [78292.5, 6130.0], [78295.0, 20550.0], [78332.5, 1490.0], [78335.0, 4980.0], [78337.5, 30810.0], [78425.0, 29620.0], [78445.0, 10.0], [78447.5, 2190.0], [78450.0, 79270.0]]}}}
{"jsonrpc": "2.0", "method": "subscription", "params": {"channel": "book.BTC-6FEB26.none.20.100ms", "data": {"timestamp": 1770065451216, "change_id": 138140261588, "instrument_name": "BTC-6FEB26", "bids": [[78152.5, 4530.0], [78145.0, 450.0], [78142.5, 1500.0], [78137.5, 390.0], [78135.0, 1300.0], [78132.5, 390.0], [78130.0, 1300.0], [78127.5, 410.0], [78125.0, 1300.0], [78120.0, 900.0], [78117.5, 3000.0], [78050.0, 4920.0], [78047.5, 16470.0], [78025.0, 6050.0], [77995.0, 1350.0], [77992.5, 4520.0], [77935.0, 650.0], [77932.5, 2190.0], [77930.0, 6060.0], [77927.5, 20310.0]], "asks": [[78155.0, 21300.0], [78157.5, 51300.0], [78160.0, 44660.0], [78182.5, 40.0], [78227.5, 4930.0], [78230.0, 30010.0], [78232.5, 45160.0], [78240.0, 5830.0], [78242.5, 19530.0], [78245.0, 5950.0], [78247.5, 19920.0], [78277.5, 1340.0], [78280.0, 4500.0], [78307.5, 41050.0], [78350.0, 50000.0], [78382.5, 39700.0], [78385.0, 500.0], [78467.5, 10.0], [78485.0, 59070.0], [78532.5, 50000.0]]}}}
{"jsonrpc": "2.0", "method": "subscription", "params": {"channel": "book.BTC-6FEB26.none.20.100ms", "data": {"timestamp": 1770065451541, "change_id": 138140264195, "instrument_name": "BTC-6FEB26", "bids": [[78165.0, 4530.0], [78147.5, 20.0], [78142.5, 1500.0], [78137.5, 14870.0], [78135.0, 51300.0], [78130.0, 1300.0], [78117.5, 3000.0], [78057.5, 20280.0], [78047.5, 16470.0], [77992.5, 4520.0], [77937.5, 500.0], [77932.5, 2190.0], [77927.5, 20310.0], [77907.5, 43880.0], [77902.5, 50000.0], [77885.0, 36750.0], [77845.0, 38930.0], [77750.0, 210.0], [77745.0, 50000.0], [77720.0, 40190.0]], "asks": [[78167.5, 20000.0], [78170.0, 44660.0], [78200.0, 4530.0], [78222.5, 14930.0], [78225.0, 50000.0], [78232.5, 45160.0], [78240.0, 5830.0], [78242.5, 19530.0], [78245.0, 5950.0], [78277.5, 1340.0], [78280.0, 4500.0], [78307.5, 41050.0], [78382.5, 39700.0], [78385.0, 500.0], [78397.5, 50000.0], [78467.5, 10.0], [78485.0, 59070.0], [78532.5, 50000.0], [78542.5, 40.0], [78545.0, 10960.0]]}}}
{"jsonrpc": "2.0", "method": "subscription", "params": {"channel": "book.BTC-13FEB26.none.20.100ms", "data": {"timestamp": 1770065451561, "change_id": 138140264191, "instrument_name": "BTC-13FEB26", "bids": [[78215.0, 20.0], [78210.0, 1500.0], [78197.5, 20.0], [78130.0, 2680.0], [78120.0, 16630.0], [78042.5, 4360.0], [77992.5, 5130.0], [77987.5, 2190.0], [77980.0, 8770.0], [77977.5, 500.0], [77975.0, 50000.0], [77960.0, 10.0], [77930.0, 35110.0], [77927.5, 51950.0], [77925.0, 40.0], [77905.0, 40.0], [77882.5, 29590.0], [77787.5, 30870.0], [77767.5, 50000.0], [77725.0, 50000.0]], "asks": [[78237.5, 4540.0], [78247.5, 20.0], [78252.5, 44730.0], [78265.0, 50000.0], [78267.5, 45160.0], [78285.0, 15140.0], [78295.0, 4530.0], [78335.0, 4980.0], [78395.0, 30810.0], [78425.0, 29620.0], [78445.0, 10.0], [78447.5, 2190.0], [78450.0, 79270.0], [78455.0, 500.0], [78477.5, 50.0], [78510.0, 20.0], [78542.5, 8770.0], [78560.0, 30620.0], [78587.5, 50000.0], [78652.5, 60.0]]}}}
{"jsonrpc": "2.0", "method": "subscription", "params": {"channel": "book.BTC-13FEB26.none.20.100ms", "data": {"timestamp": 1770065451878, "change_id": 138140265958, "instrument_name": "BTC-13FEB26", "bids": [[78210.0, 1500.0], [78205.0, 14930.0], [78202.5, 54560.0], [78197.5, 21920.0], [78132.5, 2680.0], [78120.0, 16630.0], [78042.5, 4360.0], [77997.5, 1530.0], [77995.0, 5130.0], [77987.5, 2190.0], [77980.0, 8770.0], [77977.5, 500.0], [77975.0, 50000.0], [77960.0, 10.0], [77930.0, 35110.0], [77927.5, 51950.0], [77925.0, 40.0], [77905.0, 40.0], [77882.5, 29590.0], [77850.0, 50000.0]], "asks": [[78222.5, 4540.0], [78225.0, 1200.0], [78227.5, 1200.0], [78230.0, 1200.0], [78247.5, 10960.0], [78250.0, 50000.0], [78252.5, 44730.0], [78265.0, 13480.0], [78267.5, 45160.0], [78292.5, 1350.0], [78295.0, 4530.0], [78310.0, 4520.0], [78312.5, 15140.0], [78330.0, 6280.0], [78332.5, 16060.0], [78335.0, 4980.0], [78395.0, 30810.0], [78425.0, 29620.0], [78445.0, 10.0], [78447.5, 2190.0]]}}}
{"jsonrpc": "2.0", "method": "subscription", "params": {"channel": "book.BTC-6FEB26.none.20.100ms", "data": {"timestamp": 1770065451809, "change_id": 138140265797, "instrument_name": "BTC-6FEB26", "bids": [[78165.0, 4530.0], [78142.5, 1500.0], [78135.0, 1320.0], [78130.0, 1300.0], [78117.5, 3000.0], [78052.5, 20280.0], [78047.5, 16470.0], [77992.5, 4520.0], [77937.5, 500.0], [77932.5, 2190.0], [77927.5, 20310.0], [77907.5, 43880.0], [77902.5, 50000.0], [77885.0, 36750.0], [77845.0, 38930.0], [77750.0, 210.0], [77745.0, 50000.0], [77720.0, 40190.0], [77667.5, 50000.0], [77630.0, 58820.0]], "asks": [[78175.0, 1300.0], [78185.0, 24570.0], [78187.5, 44660.0], [78230.0, 50000.0], [78232.5, 45160.0], [78242.5, 19530.0], [78265.0, 16660.0], [78280.0, 24420.0], [78307.5, 41050.0], [78382.5, 39700.0], [78385.0, 500.0], [78397.5, 50000.0], [78467.5, 10.0], [78485.0, 59070.0], [78532.5, 50000.0], [78542.5, 40.0], [78545.0, 10960.0], [78590.0, 160.0], [78592.5, 35110.0], [78637.5, 59640.0]]}}}
{"jsonrpc": "2.0", "method": "subscription", "params": {"channel": "book.BTC-13FEB26.none.20.100ms", "data": {"timestamp": 1770065452035, "change_id": 138140266974, "instrument_name": "BTC-13FEB26", "bids": [[78205.0, 14930.0], [78202.5, 50020.0], [78197.5, 20.0], [78190.0, 4540.0], [78137.5, 2680.0], [78120.0, 16630.0], [78047.5, 5130.0], [78045.0, 1300.0], [78042.5, 4360.0], [77987.5, 2190.0], [77980.0, 8770.0], [77977.5, 500.0], [77975.0, 50000.0], [77960.0, 10.0], [77930.0, 35110.0], [77927.5, 51950.0], [77925.0, 40.0], [77905.0, 40.0], [77882.5, 29590.0], [77850.0, 50000.0]], "asks": [[78215.0, 4540.0], [78225.0, 1560.0], [78227.5, 1200.0], [78242.5, 40.0], [78247.5, 10960.0], [78250.0, 63340.0], [78252.5, 44690.0], [78265.0, 13480.0], [78267.5, 45160.0], [78292.5, 1350.0], [78295.0, 4530.0], [78310.0, 4520.0], [78312.5, 15140.0], [78330.0, 6280.0], [78332.5, 16060.0], [78335.0, 4980.0], [78395.0, 30810.0], [78425.0, 29620.0], [78445.0, 10.0], [78447.5, 2190.0]]}}}
{"jsonrpc": "2.0", "method": "subscription", "params": {"channel": "book.BTC-6FEB26.none.20.100ms", "data": {"timestamp": 1770065452146, "change_id": 138140266640, "instrument_name": "BTC-6FEB26", "bids": [[78152.5, 4530.0], [78137.5, 390.0], [78135.0, 1320.0], [78132.5, 390.0], [78130.0, 1300.0], [78120.0, 900.0], [78117.5, 3000.0], [78055.0, 6050.0], [78052.5, 20280.0], [78050.0, 4920.0], [78047.5, 16470.0], [77995.0, 1350.0], [77992.5, 4520.0], [77937.5, 500.0], [77932.5, 2190.0], [77927.5, 20310.0], [77907.5, 43880.0], [77902.5, 50000.0], [77885.0, 36750.0], [77845.0, 38930.0]], "asks": [[78167.5, 1300.0], [78170.0, 1300.0], [78172.5, 1300.0], [78175.0, 4570.0], [78185.0, 20000.0], [78187.5, 44660.0], [78220.0, 10470.0], [78222.5, 50000.0], [78230.0, 13480.0], [78232.5, 45160.0], [78240.0, 5830.0], [78242.5, 19530.0], [78262.5, 4970.0], [78265.0, 16660.0], [78277.5, 7290.0], [78280.0, 24420.0], [78307.5, 41050.0], [78382.5, 39700.0], [78385.0, 500.0], [78397.5, 50000.0]]}}}
{"jsonrpc": "2.0", "method": "subscription", "params": {"channel": "book.BTC-13FEB26.none.20.100ms", "data": {"timestamp": 1770065452499, "change_id": 138140267856, "instrument_name": "BTC-13FEB26", "bids": [[78205.0, 450.0], [78202.5, 1520.0], [78197.5, 20.0], [78192.5, 1360.0], [78190.0, 4540.0], [78140.0, 800.0], [78137.5, 2680.0], [78122.5, 4960.0], [78120.0, 16630.0], [78050.0, 1530.0], [78047.5, 5130.0], [78045.0, 1300.0], [78042.5, 4360.0], [77987.5, 2190.0], [77980.0, 8770.0], [77977.5, 500.0], [77975.0, 50000.0], [77960.0, 10.0], [77930.0, 35110.0], [77927.5, 51950.0]], "asks": [[78215.0, 11020.0], [78217.5, 44690.0], [78222.5, 250.0], [78225.0, 1560.0], [78227.5, 1200.0], [78242.5, 40.0], [78247.5, 10960.0], [78250.0, 50000.0], [78265.0, 13480.0], [78267.5, 45160.0], [78292.5, 1350.0], [78295.0, 4530.0], [78310.0, 4520.0], [78312.5, 15140.0], [78330.0, 6280.0], [78332.5, 16060.0], [78335.0, 4980.0], [78395.0, 30810.0], [78425.0, 29620.0], [78445.0, 10.0]]}}}
{"jsonrpc": "2.0", "method": "subscription", "params": {"channel": "book.BTC-6FEB26.none.20.100ms", "data": {"timestamp": 1770065452300, "change_id": 138140267850, "instrument_name": "BTC-6FEB26", "bids": [[78152.5, 4530.0], [78137.5, 790.0], [78135.0, 2800.0], [78122.5, 20.0], [78120.0, 900.0], [78117.5, 3000.0], [78060.0, 6050.0], [78057.5, 20280.0], [78050.0, 4920.0], [78047.5, 16470.0], [77995.0, 1350.0], [77992.5, 4520.0], [77937.5, 500.0], [77932.5, 2190.0], [77927.5, 20310.0], [77907.5, 43880.0], [77902.5, 50000.0], [77885.0, 36750.0], [77845.0, 38930.0], [77750.0, 210.0]], "asks": [[78155.0, 1500.0], [78162.5, 390.0], [78165.0, 2080.0], [78167.5, 1300.0], [78170.0, 8800.0], [78172.5, 1300.0], [78175.0, 24570.0], [78182.5, 14930.0], [78185.0, 63330.0], [78187.5, 44660.0], [78230.0, 13480.0], [78232.5, 45160.0], [78240.0, 5830.0], [78242.5, 19530.0], [78265.0, 16660.0], [78280.0, 24420.0], [78307.5, 41050.0], [78382.5, 39700.0], [78385.0, 500.0], [78397.5, 50000.0]]}}}
{"jsonrpc": "2.0", "method": "subscription", "params": {"channel": "book.BTC-13FEB26.none.20.100ms", "data": {"timestamp": 1770065452873, "change_id": 138140269337, "instrument_name": "BTC-13FEB26", "bids": [[78205.0, 450.0], [78202.5, 1500.0], [78197.5, 20.0], [78192.5, 1360.0], [78190.0, 4560.0], [78140.0, 800.0], [78137.5, 2680.0], [78122.5, 4960.0], [78120.0, 16630.0], [78050.0, 1530.0], [78047.5, 5130.0], [78045.0, 1300.0], [78042.5, 4360.0], [77987.5, 2190.0], [77980.0, 8770.0], [77977.5, 500.0], [77975.0, 50000.0], [77960.0, 10.0], [77930.0, 35110.0], [77927.5, 51950.0]], "asks": [[78215.0, 11020.0], [78217.5, 44690.0], [78222.5, 250.0], [78225.0, 1560.0], [78227.5, 1200.0], [78242.5, 40.0], [78247.5, 10960.0], [78250.0, 50000.0], [78265.0, 13480.0], [78267.5, 45160.0], [78292.5, 1350.0], [78295.0, 4530.0], [78310.0, 4520.0], [78312.5, 15140.0], [78330.0, 6280.0], [78332.5, 16060.0], [78335.0, 4980.0], [78395.0, 30810.0], [78425.0, 29620.0], [78445.0, 10.0]]}}}
{"jsonrpc": "2.0", "method": "subscription", "params": {"channel": "book.BTC-6FEB26.none.20.100ms", "data": {"timestamp": 1770065452887, "change_id": 138140269379, "instrument_name": "BTC-6FEB26", "bids": [[78152.5, 4530.0], [78137.5, 790.0], [78135.0, 2800.0], [78122.5, 20.0], [78120.0, 900.0], [78117.5, 3000.0], [78060.0, 6050.0], [78057.5, 20280.0], [78050.0, 4920.0], [78047.5, 16470.0], [77995.0, 1350.0], [77992.5, 4520.0], [77937.5, 500.0], [77932.5, 2190.0], [77927.5, 20310.0], [77907.5, 43880.0], [77902.5, 50000.0], [77885.0, 36750.0], [77845.0, 38930.0], [77750.0, 210.0]], "asks": [[78155.0, 1500.0], [78162.5, 390.0], [78165.0, 2120.0], [78167.5, 1300.0], [78170.0, 8800.0], [78172.5, 1300.0], [78175.0, 24530.0], [78182.5, 14930.0], [78185.0, 63330.0], [78187.5, 44660.0], [78230.0, 13480.0], [78232.5, 45160.0], [78240.0, 5830.0], [78242.5, 19530.0], [78265.0, 16660.0], [78280.0, 24420.0], [78307.5, 41050.0], [78382.5, 39700.0], [78385.0, 500.0], [78397.5, 50000.0]]}}}
{"jsonrpc": "2.0", "method": "subscription", "params": {"channel": "book.BTC-13FEB26.none.20.100ms", "data": {"timestamp": 1770065453218, "change_id": 138140270356, "instrument_name": "BTC-13FEB26", "bids": [[78200.0, 450.0], [78197.5, 1520.0], [78192.5, 14930.0], [78190.0, 50020.0], [78185.0, 1360.0], [78182.5, 4540.0], [78127.5, 800.0], [78125.0, 2680.0], [78122.5, 4960.0], [78120.0, 16630.0], [78055.0, 1530.0], [78052.5, 5130.0], [78045.0, 1300.0], [78042.5, 4360.0], [77990.0, 650.0], [77987.5, 2190.0], [77980.0, 8770.0], [77977.5, 500.0], [77975.0, 50000.0], [77960.0, 10.0]], "asks": [[78205.0, 1200.0], [78207.5, 5740.0], [78210.0, 45890.0], [78212.5, 1500.0], [78215.0, 6750.0], [78217.5, 50000.0], [78232.5, 40.0], [78247.5, 20.0], [78265.0, 13480.0], [78267.5, 45160.0], [78292.5, 1350.0], [78295.0, 4530.0], [78310.0, 4520.0], [78312.5, 15140.0], [78332.5, 16060.0], [78335.0, 4980.0], [78395.0, 30810.0], [78425.0, 29620.0], [78445.0, 10.0], [78447.5, 2190.0]]}}}
{"jsonrpc": "2.0", "method": "subscription", "params": {"channel": "book.BTC-6FEB26.none.20.100ms", "data": {"timestamp": 1770065453186, "change_id": 138140270326, "instrument_name": "BTC-6FEB26", "bids": [[78145.0, 4530.0], [78137.5, 390.0], [78135.0, 1300.0], [78132.5, 450.0], [78130.0, 1500.0], [78122.5, 20.0], [78110.0, 900.0], [78107.5, 3000.0], [78055.0, 6050.0], [78052.5, 20280.0], [78050.0, 4920.0], [78047.5, 16470.0], [77992.5, 4520.0], [77937.5, 500.0], [77932.5, 2190.0], [77927.5, 20310.0], [77907.5, 43880.0], [77902.5, 50000.0], [77885.0, 36750.0], [77845.0, 38930.0]], "asks": [[78147.5, 2800.0], [78152.5, 14510.0], [78155.0, 44660.0], [78160.0, 6370.0], [78162.5, 70000.0], [78165.0, 1340.0], [78167.5, 5830.0], [78170.0, 1690.0], [78172.5, 1300.0], [78230.0, 13480.0], [78232.5, 45160.0], [78240.0, 5830.0], [78242.5, 19530.0], [78265.0, 16660.0], [78280.0, 24420.0], [78307.5, 41050.0], [78382.5, 39700.0], [78385.0, 500.0], [78397.5, 50000.0], [78467.5, 10.0]]}}}
{"jsonrpc": "2.0", "method": "subscription", "params": {"channel": "book.BTC-13FEB26.none.20.100ms", "data": {"timestamp": 1770065453306, "change_id": 138140270745, "instrument_name": "BTC-13FEB26", "bids": [[78200.0, 450.0], [78197.5, 1520.0], [78192.5, 14930.0], [78190.0, 50020.0], [78185.0, 1360.0], [78182.5, 4540.0], [78127.5, 800.0], [78125.0, 2680.0], [78122.5, 4960.0], [78120.0, 16630.0], [78055.0, 1530.0], [78052.5, 5130.0], [78045.0, 1300.0], [78042.5, 4360.0], [77990.0, 650.0], [77987.5, 2190.0], [77980.0, 8770.0], [77977.5, 500.0], [77975.0, 50000.0], [77960.0, 10.0]], "asks": [[78205.0, 1200.0], [78207.5, 5740.0], [78210.0, 45890.0], [78212.5, 1500.0], [78215.0, 6750.0], [78217.5, 50000.0], [78232.5, 40.0], [78247.5, 20.0], [78265.0, 13480.0], [78267.5, 45160.0], [78292.5, 1350.0], [78295.0, 4530.0], [78310.0, 4520.0], [78312.5, 15140.0], [78332.5, 16060.0], [78335.0, 4980.0], [78395.0, 30810.0], [78425.0, 29620.0], [78445.0, 10.0], [78447.5, 2190.0]]}}}
{"jsonrpc": "2.0", "method": "subscription", "params": {"channel": "book.BTC-6FEB26.none.20.100ms", "data": {"timestamp": 1770065453306, "change_id": 138140270748, "instrument_name": "BTC-6FEB26", "bids": [[78145.0, 4530.0], [78137.5, 390.0], [78135.0, 1300.0], [78132.5, 450.0], [78130.0, 1500.0], [78122.5, 20.0], [78110.0, 900.0], [78107.5, 3000.0], [78055.0, 6050.0], [78052.5, 20280.0], [78050.0, 4920.0], [78047.5, 16470.0], [77992.5, 4520.0], [77937.5, 500.0], [77932.5, 2190.0], [77927.5, 20310.0], [77907.5, 43880.0], [77902.5, 50000.0], [77885.0, 36750.0], [77845.0, 38930.0]], "asks": [[78147.5, 2800.0], [78150.0, 1300.0], [78152.5, 14510.0], [78155.0, 44660.0], [78157.5, 20000.0], [78160.0, 6370.0], [78162.5, 50000.0], [78165.0, 1340.0], [78167.5, 1300.0], [78170.0, 4530.0], [78230.0, 13480.0], [78232.5, 45160.0], [78240.0, 5830.0], [78242.5, 19530.0], [78265.0, 16660.0], [78280.0, 24420.0], [78307.5, 41050.0], [78382.5, 39700.0], [78385.0, 500.0], [78397.5, 50000.0]]}}}
{"jsonrpc": "2.0", "method": "subscription", "params": {"channel": "book.BTC-13FEB26.none.20.100ms", "data": {"timestamp": 1770065453875, "change_id": 138140271645, "instrument_name": "BTC-13FEB26", "bids": [[78200.0, 1500.0], [78197.5, 20.0], [78192.5, 14930.0], [78190.0, 50020.0], [78185.0, 1360.0], [78182.5, 4540.0], [78127.5, 800.0], [78125.0, 2680.0], [78122.5, 4960.0], [78120.0, 16630.0], [78055.0, 1530.0], [78052.5, 5130.0], [78045.0, 1300.0], [78042.5, 4360.0], [77990.0, 650.0], [77987.5, 2190.0], [77980.0, 8770.0], [77977.5, 500.0], [77975.0, 50000.0], [77960.0, 10.0]], "asks": [[78205.0, 1200.0], [78207.5, 5740.0], [78210.0, 1200.0], [78212.5, 1500.0], [78215.0, 6750.0], [78217.5, 50000.0], [78232.5, 40.0], [78247.5, 20.0], [78265.0, 13480.0], [78267.5, 45160.0], [78292.5, 1350.0], [78295.0, 4530.0], [78310.0, 4520.0], [78312.5, 15140.0], [78332.5, 16060.0], [78335.0, 4980.0], [78395.0, 30810.0], [78425.0, 29620.0], [78445.0, 10.0], [78447.5, 2190.0]]}}}
{"jsonrpc": "2.0", "method": "subscription", "params": {"channel": "book.BTC-6FEB26.none.20.100ms", "data": {"timestamp": 1770065453874, "change_id": 138140271642, "instrument_name": "BTC-6FEB26", "bids": [[78145.0, 4530.0], [78137.5, 390.0], [78135.0, 1750.0], [78132.5, 1500.0], [78122.5, 20.0], [78110.0, 900.0], [78107.5, 3000.0], [78055.0, 6050.0], [78052.5, 20280.0], [78050.0, 4920.0], [78047.5, 16470.0], [77992.5, 4520.0], [77937.5, 500.0], [77932.5, 2190.0], [77927.5, 20310.0], [77907.5, 43880.0], [77902.5, 50000.0], [77885.0, 36750.0], [77845.0, 38930.0], [77750.0, 210.0]], "asks": [[78147.5, 2800.0], [78150.0, 1300.0], [78152.5, 1300.0], [78155.0, 5970.0], [78157.5, 20000.0], [78160.0, 6370.0], [78162.5, 50000.0], [78165.0, 3080.0], [78167.5, 1300.0], [78170.0, 4530.0], [78230.0, 13480.0], [78232.5, 45160.0], [78240.0, 5830.0], [78242.5, 19530.0], [78265.0, 16660.0], [78280.0, 24420.0], [78307.5, 41050.0], [78382.5, 39700.0], [78385.0, 500.0], [78397.5, 50000.0]]}}}
{"jsonrpc": "2.0", "method": "subscription", "params": {"channel": "book.BTC-13FEB26.none.20.100ms", "data": {"timestamp": 1770065454101, "change_id": 138140272119, "instrument_name": "BTC-13FEB26", "bids": [[78202.5, 1500.0], [78197.5, 20.0], [78192.5, 14930.0], [78190.0, 50020.0], [78185.0, 1360.0], [78182.5, 4540.0], [78127.5, 800.0], [78125.0, 2680.0], [78122.5, 4960.0], [78120.0, 16630.0], [78055.0, 1530.0], [78052.5, 5130.0], [78045.0, 1300.0], [78042.5, 4360.0], [77990.0, 650.0], [77987.5, 2190.0], [77980.0, 8770.0], [77977.5, 500.0], [77975.0, 50000.0], [77960.0, 10.0]], "asks": [[78205.0, 1200.0], [78207.5, 4540.0], [78212.5, 1200.0], [78232.5, 40.0], [78242.5, 63350.0], [78245.0, 44710.0], [78247.5, 20.0], [78265.0, 13480.0], [78267.5, 45160.0], [78292.5, 1350.0], [78295.0, 4530.0], [78310.0, 4520.0], [78312.5, 15140.0], [78332.5, 16060.0], [78335.0, 4980.0], [78395.0, 30810.0], [78425.0, 29620.0], [78445.0, 10.0], [78447.5, 2190.0], [78450.0, 50000.0]]}}}
{"jsonrpc": "2.0", "method": "subscription", "params": {"channel": "book.BTC-6FEB26.none.20.100ms", "data": {"timestamp": 1770065454097, "change_id": 138140272104, "instrument_name": "BTC-6FEB26", "bids": [[78145.0, 4530.0], [78137.5, 790.0], [78135.0, 2800.0], [78122.5, 20.0], [78110.0, 900.0], [78107.5, 3000.0], [78055.0, 6050.0], [78052.5, 20280.0], [78050.0, 4920.0], [78047.5, 16470.0], [77992.5, 4520.0], [77937.5, 500.0], [77932.5, 2190.0], [77927.5, 20310.0], [77907.5, 43880.0], [77902.5, 50000.0], [77885.0, 36750.0], [77845.0, 38930.0], [77750.0, 210.0], [77745.0, 50000.0]], "asks": [[78147.5, 1300.0], [78150.0, 1690.0], [78152.5, 1300.0], [78155.0, 5970.0], [78157.5, 20000.0], [78160.0, 400.0], [78165.0, 17780.0], [78167.5, 51300.0], [78170.0, 4530.0], [78177.5, 13330.0], [78180.0, 44670.0], [78230.0, 13480.0], [78232.5, 45160.0], [78240.0, 5830.0], [78242.5, 19530.0], [78265.0, 16660.0], [78280.0, 24420.0], [78307.5, 41050.0], [78382.5, 39700.0], [78385.0, 500.0]]}}}
{"jsonrpc": "2.0", "method": "subscription", "params": {"channel": "book.BTC-13FEB26.none.20.100ms", "data": {"timestamp": 1770065454526, "change_id": 138140273032, "instrument_name": "BTC-13FEB26", "bids": [[78207.5, 450.0], [78205.0, 1500.0], [78197.5, 20.0], [78192.5, 14930.0], [78190.0, 50020.0], [78187.5, 1350.0], [78185.0, 4530.0], [78127.5, 800.0], [78125.0, 2680.0], [78122.5, 4960.0], [78120.0, 16630.0], [78055.0, 1530.0], [78052.5, 5130.0], [78045.0, 1300.0], [78042.5, 4360.0], [77990.0, 650.0], [77987.5, 2190.0], [77980.0, 8770.0], [77977.5, 500.0], [77975.0, 50000.0]], "asks": [[78212.5, 1200.0], [78215.0, 4530.0], [78232.5, 40.0], [78242.5, 63350.0], [78245.0, 44710.0], [78247.5, 20.0], [78265.0, 13480.0], [78267.5, 45160.0], [78292.5, 1350.0], [78295.0, 4530.0], [78310.0, 4520.0], [78312.5, 15140.0], [78330.0, 6280.0], [78332.5, 16060.0], [78335.0, 4980.0], [78395.0, 30810.0], [78425.0, 29620.0], [78445.0, 10.0], [78447.5, 2190.0], [78450.0, 50000.0]]}}}
{"jsonrpc": "2.0", "method": "subscription", "params": {"channel": "book.BTC-6FEB26.none.20.100ms", "data": {"timestamp": 1770065454491, "change_id": 138140273045, "instrument_name": "BTC-6FEB26", "bids": [[78147.5, 1350.0], [78145.0, 4530.0], [78142.5, 450.0], [78140.0, 1500.0], [78122.5, 20.0], [78110.0, 900.0], [78107.5, 3000.0], [78055.0, 6050.0], [78052.5, 20280.0], [78050.0, 4920.0], [78047.5, 16470.0], [77995.0, 1350.0], [77992.5, 4520.0], [77937.5, 500.0], [77932.5, 2190.0], [77927.5, 20310.0], [77907.5, 43880.0], [77902.5, 50000.0], [77885.0, 36750.0], [77845.0, 38930.0]], "asks": [[78152.5, 1300.0], [78155.0, 7270.0], [78157.5, 20000.0], [78160.0, 400.0], [78165.0, 17780.0], [78167.5, 51300.0], [78177.5, 13330.0], [78180.0, 44670.0], [78230.0, 13480.0], [78232.5, 45160.0], [78240.0, 5830.0], [78242.5, 19530.0], [78265.0, 16660.0], [78280.0, 24420.0], [78307.5, 41050.0], [78382.5, 39700.0], [78385.0, 500.0], [78397.5, 50000.0], [78467.5, 10.0], [78485.0, 59070.0]]}}}
{"jsonrpc": "2.0", "method": "subscription", "params": {"channel": "book.BTC-13FEB26.none.20.100ms", "data": {"timestamp": 1770065454853, "change_id": 138140273840, "instrument_name": "BTC-13FEB26", "bids": [[78197.5, 20.0], [78192.5, 19460.0], [78190.0, 50020.0], [78127.5, 800.0], [78125.0, 2680.0], [78122.5, 4960.0], [78120.0, 16630.0], [78055.0, 1530.0], [78052.5, 5130.0], [78045.0, 1300.0], [78042.5, 4360.0], [77990.0, 650.0], [77987.5, 2190.0], [77980.0, 8770.0], [77977.5, 500.0], [77975.0, 50000.0], [77960.0, 10.0], [77930.0, 35110.0], [77927.5, 51950.0], [77925.0, 40.0]], "asks": [[78212.5, 1200.0], [78215.0, 4530.0], [78232.5, 40.0], [78242.5, 63350.0], [78245.0, 44710.0], [78247.5, 20.0], [78265.0, 13480.0], [78267.5, 45160.0], [78292.5, 1350.0], [78295.0, 4530.0], [78310.0, 4520.0], [78312.5, 15140.0], [78330.0, 6280.0], [78332.5, 16060.0], [78335.0, 4980.0], [78395.0, 30810.0], [78425.0, 29620.0], [78445.0, 10.0], [78447.5, 2190.0], [78450.0, 50000.0]]}}}
{"jsonrpc": "2.0", "method": "subscription", "params": {"channel": "book.BTC-6FEB26.none.20.100ms", "data": {"timestamp": 1770065454696, "change_id": 138140273554, "instrument_name": "BTC-6FEB26", "bids": [[78147.5, 1350.0], [78145.0, 4530.0], [78122.5, 20.0], [78110.0, 900.0], [78107.5, 3000.0], [78055.0, 6050.0], [78052.5, 20280.0], [78050.0, 4920.0], [78047.5, 16470.0], [77995.0, 1350.0], [77992.5, 4520.0], [77937.5, 500.0], [77932.5, 2190.0], [77927.5, 20310.0], [77907.5, 43880.0], [77902.5, 50000.0], [77885.0, 36750.0], [77845.0, 38930.0], [77750.0, 210.0], [77745.0, 50000.0]], "asks": [[78152.5, 1300.0], [78155.0, 1300.0], [78160.0, 400.0], [78165.0, 7650.0], [78167.5, 1300.0], [78170.0, 20000.0], [78172.5, 16280.0], [78175.0, 54530.0], [78177.5, 13330.0], [78180.0, 44670.0], [78230.0, 13480.0], [78232.5, 45160.0], [78240.0, 5830.0], [78242.5, 19530.0], [78265.0, 16660.0], [78280.0, 24420.0], [78307.5, 41050.0], [78382.5, 39700.0], [78385.0, 500.0], [78397.5, 50000.0]]}}}
{"jsonrpc": "2.0", "method": "subscription", "params": {"channel": "book.BTC-13FEB26.none.20.100ms", "data": {"timestamp": 1770065455105, "change_id": 138140274396, "instrument_name": "BTC-13FEB26", "bids": [[78200.0, 450.0], [78197.5, 1520.0], [78192.5, 14930.0], [78190.0, 50020.0], [78187.5, 1350.0], [78185.0, 4530.0], [78127.5, 800.0], [78125.0, 2680.0], [78122.5, 4960.0], [78120.0, 16630.0], [78055.0, 1530.0], [78052.5, 5130.0], [78045.0, 1300.0], [78042.5, 4360.0], [77990.0, 650.0], [77987.5, 2190.0], [77980.0, 8770.0], [77977.5, 500.0], [77975.0, 50000.0], [77960.0, 10.0]], "asks": [[78207.5, 5730.0], [78212.5, 1500.0], [78227.5, 360.0], [78230.0, 1200.0], [78232.5, 40.0], [78242.5, 63350.0], [78245.0, 44710.0], [78247.5, 20.0], [78265.0, 13480.0], [78267.5, 45160.0], [78292.5, 1350.0], [78295.0, 4530.0], [78310.0, 4520.0], [78312.5, 15140.0], [78330.0, 6280.0], [78332.5, 16060.0], [78335.0, 4980.0], [78395.0, 30810.0], [78425.0, 29620.0], [78445.0, 10.0]]}}}
{"jsonrpc": "2.0", "method": "subscription", "params": {"channel": "book.BTC-6FEB26.none.20.100ms", "data": {"timestamp": 1770065455095, "change_id": 138140274335, "instrument_name": "BTC-6FEB26", "bids": [[78145.0, 4530.0], [78132.5, 450.0], [78130.0, 1500.0], [78122.5, 20.0], [78110.0, 900.0], [78107.5, 3000.0], [78055.0, 6050.0], [78052.5, 20280.0], [78050.0, 4920.0], [78047.5, 16470.0], [77995.0, 1350.0], [77992.5, 4520.0], [77937.5, 500.0], [77932.5, 2190.0], [77927.5, 20310.0], [77907.5, 43880.0], [77902.5, 50000.0], [77885.0, 36750.0], [77845.0, 38930.0], [77750.0, 210.0]], "asks": [[78147.5, 2800.0], [78150.0, 2080.0], [78152.5, 1300.0], [78155.0, 1300.0], [78160.0, 400.0], [78165.0, 7700.0], [78167.5, 1300.0], [78170.0, 36280.0], [78172.5, 50000.0], [78175.0, 4530.0], [78177.5, 13330.0], [78180.0, 44670.0], [78230.0, 13480.0], [78232.5, 45160.0], [78240.0, 5830.0], [78242.5, 19530.0], [78265.0, 16660.0], [78280.0, 24420.0], [78307.5, 41050.0], [78382.5, 39700.0]]}}}
{"jsonrpc": "2.0", "method": "subscription", "params": {"channel": "book.BTC-13FEB26.none.20.100ms", "data": {"timestamp": 1770065455420, "change_id": 138140274835, "instrument_name": "BTC-13FEB26", "bids": [[78202.5, 450.0], [78200.0, 1500.0], [78197.5, 20.0], [78192.5, 14930.0], [78190.0, 50020.0], [78187.5, 1350.0], [78185.0, 4530.0], [78127.5, 800.0], [78125.0, 2680.0], [78122.5, 4960.0], [78120.0, 16630.0], [78055.0, 1530.0], [78052.5, 5130.0], [78045.0, 1300.0], [78042.5, 4360.0], [77990.0, 650.0], [77987.5, 2190.0], [77980.0, 8770.0], [77977.5, 500.0], [77975.0, 50000.0]], "asks": [[78207.5, 5730.0], [78212.5, 1500.0], [78227.5, 360.0], [78230.0, 1200.0], [78232.5, 40.0], [78242.5, 63350.0], [78245.0, 44710.0], [78247.5, 20.0], [78265.0, 13480.0], [78267.5, 45160.0], [78292.5, 1350.0], [78295.0, 4530.0], [78310.0, 4520.0], [78312.5, 15140.0], [78330.0, 6280.0], [78332.5, 16060.0], [78335.0, 4980.0], [78395.0, 30810.0], [78425.0, 29620.0], [78445.0, 10.0]]}}}
{"jsonrpc": "2.0", "method": "subscription", "params": {"channel": "book.BTC-6FEB26.none.20.100ms", "data": {"timestamp": 1770065455320, "change_id": 138140274832, "instrument_name": "BTC-6FEB26", "bids": [[78145.0, 4530.0], [78135.0, 450.0], [78132.5, 1500.0], [78122.5, 20.0], [78110.0, 900.0], [78107.5, 3000.0], [78055.0, 6050.0], [78052.5, 20280.0], [78050.0, 4920.0], [78047.5, 16470.0], [77995.0, 1350.0], [77992.5, 4520.0], [77937.5, 500.0], [77932.5, 2190.0], [77927.5, 20310.0], [77907.5, 43880.0], [77902.5, 50000.0], [77885.0, 36750.0], [77845.0, 38930.0], [77750.0, 210.0]], "asks": [[78147.5, 2800.0], [78150.0, 390.0], [78152.5, 1300.0], [78160.0, 400.0], [78162.5, 1300.0], [78165.0, 6400.0], [78167.5, 1300.0], [78170.0, 36280.0], [78172.5, 50000.0], [78175.0, 4530.0], [78177.5, 13330.0], [78180.0, 44670.0], [78230.0, 13480.0], [78232.5, 45160.0], [78240.0, 5830.0], [78242.5, 19530.0], [78265.0, 16660.0], [78280.0, 24420.0], [78307.5, 41050.0], [78382.5, 39700.0]]}}}
{"jsonrpc": "2.0", "method": "subscription", "params": {"channel": "book.BTC-13FEB26.none.20.100ms", "data": {"timestamp": 1770065456123, "change_id": 138140276041, "instrument_name": "BTC-13FEB26", "bids": [[78202.5, 1500.0], [78197.5, 20.0], [78192.5, 14930.0], [78190.0, 50020.0], [78187.5, 1350.0], [78185.0, 4530.0], [78127.5, 800.0], [78125.0, 2680.0], [78122.5, 4960.0], [78120.0, 16630.0], [78055.0, 1530.0], [78052.5, 5130.0], [78045.0, 1300.0], [78042.5, 4360.0], [77990.0, 650.0], [77987.5, 2190.0], [77980.0, 8770.0], [77977.5, 500.0], [77975.0, 50000.0], [77960.0, 10.0]], "asks": [[78207.5, 4530.0], [78215.0, 450.0], [78217.5, 1500.0], [78222.5, 360.0], [78225.0, 1200.0], [78227.5, 360.0], [78230.0, 1200.0], [78232.5, 40.0], [78235.0, 50000.0], [78237.5, 44700.0], [78247.5, 20.0], [78265.0, 13480.0], [78267.5, 45160.0], [78292.5, 1350.0], [78295.0, 4530.0], [78310.0, 4520.0], [78312.5, 15140.0], [78330.0, 6280.0], [78332.5, 16060.0], [78335.0, 4980.0]]}}}
{"jsonrpc": "2.0", "method": "subscription", "params": {"channel": "book.BTC-6FEB26.none.20.100ms", "data": {"timestamp": 1770065455946, "change_id": 138140276045, "instrument_name": "BTC-6FEB26", "bids": [[78145.0, 4530.0], [78137.5, 450.0], [78135.0, 1500.0], [78122.5, 20.0], [78110.0, 900.0], [78107.5, 3000.0], [78055.0, 6050.0], [78052.5, 20280.0], [78050.0, 4920.0], [78047.5, 16470.0], [77995.0, 1350.0], [77992.5, 4520.0], [77937.5, 500.0], [77932.5, 2190.0], [77927.5, 20310.0], [77907.5, 43880.0], [77902.5, 50000.0], [77885.0, 36750.0], [77845.0, 38930.0], [77750.0, 210.0]], "asks": [[78147.5, 2800.0], [78150.0, 390.0], [78152.5, 1300.0], [78160.0, 400.0], [78162.5, 1300.0], [78165.0, 6400.0], [78167.5, 1300.0], [78170.0, 36280.0], [78172.5, 94670.0], [78175.0, 4530.0], [78230.0, 13480.0], [78232.5, 45160.0], [78240.0, 5830.0], [78242.5, 19530.0], [78265.0, 16660.0], [78280.0, 24420.0], [78307.5, 41050.0], [78382.5, 39700.0], [78385.0, 500.0], [78397.5, 50000.0]]}}}
{"jsonrpc": "2.0", "method": "subscription", "params": {"channel": "book.BTC-13FEB26.none.20.100ms", "data": {"timestamp": 1770065456436, "change_id": 138140276421, "instrument_name": "BTC-13FEB26", "bids": [[78202.5, 1500.0], [78197.5, 20.0], [78192.5, 14930.0], [78190.0, 50020.0], [78187.5, 1350.0], [78185.0, 4530.0], [78127.5, 800.0], [78125.0, 2680.0], [78122.5, 4960.0], [78120.0, 16630.0], [78055.0, 1530.0], [78052.5, 5130.0], [78045.0, 1300.0], [78042.5, 4360.0], [77990.0, 650.0], [77987.5, 2190.0], [77980.0, 8770.0], [77977.5, 500.0], [77975.0, 50000.0], [77960.0, 10.0]], "asks": [[78207.5, 4530.0], [78222.5, 360.0], [78225.0, 1200.0], [78227.5, 360.0], [78230.0, 1200.0], [78232.5, 40.0], [78235.0, 50000.0], [78237.5, 44700.0], [78247.5, 20.0], [78265.0, 13480.0], [78267.5, 45160.0], [78292.5, 1350.0], [78295.0, 4530.0], [78310.0, 4520.0], [78312.5, 15140.0], [78330.0, 6280.0], [78332.5, 16060.0], [78335.0, 4980.0], [78395.0, 30810.0], [78425.0, 29620.0]]}}}
{"jsonrpc": "2.0", "method": "subscription", "params": {"channel": "book.BTC-6FEB26.none.20.100ms", "data": {"timestamp": 1770065456531, "change_id": 138140276696, "instrument_name": "BTC-6FEB26", "bids": [[78152.5, 4530.0], [78137.5, 450.0], [78135.0, 1500.0], [78122.5, 20.0], [78110.0, 900.0], [78107.5, 3000.0], [78055.0, 6050.0], [78052.5, 20280.0], [78050.0, 4920.0], [78047.5, 16470.0], [77995.0, 1350.0], [77992.5, 4520.0], [77937.5, 500.0], [77932.5, 2190.0], [77927.5, 20310.0], [77907.5, 43880.0], [77902.5, 50000.0], [77885.0, 36750.0], [77845.0, 38930.0], [77750.0, 210.0]], "asks": [[78157.5, 1300.0], [78160.0, 400.0], [78162.5, 1300.0], [78165.0, 6400.0], [78167.5, 1300.0], [78170.0, 36280.0], [78172.5, 94670.0], [78175.0, 4530.0], [78230.0, 13480.0], [78232.5, 45160.0], [78240.0, 5830.0], [78242.5, 19530.0], [78265.0, 16660.0], [78280.0, 24420.0], [78307.5, 41050.0], [78382.5, 39700.0], [78385.0, 500.0], [78397.5, 50000.0], [78467.5, 10.0], [78485.0, 59070.0]]}}}
{"jsonrpc": "2.0", "method": "subscription", "params": {"channel": "book.BTC-13FEB26.none.20.100ms", "data": {"timestamp": 1770065456824, "change_id": 138140278193, "instrument_name": "BTC-13FEB26", "bids": [[78210.0, 1370.0], [78207.5, 4530.0], [78205.0, 450.0], [78202.5, 1500.0], [78197.5, 20.0], [78192.5, 14930.0], [78190.0, 59620.0], [78187.5, 32230.0], [78132.5, 800.0], [78130.0, 2680.0], [78122.5, 4960.0], [78120.0, 16630.0], [78060.0, 1530.0], [78057.5, 5130.0], [78045.0, 1300.0], [78042.5, 4360.0], [77990.0, 650.0], [77987.5, 2190.0], [77980.0, 8770.0], [77977.5, 500.0]], "asks": [[78227.5, 4530.0], [78230.0, 1200.0], [78245.0, 13350.0], [78247.5, 44720.0], [78255.0, 40.0], [78265.0, 63480.0], [78267.5, 45160.0], [78292.5, 1350.0], [78295.0, 4530.0], [78310.0, 4520.0], [78312.5, 15140.0], [78330.0, 6280.0], [78332.5, 16060.0], [78335.0, 4980.0], [78392.5, 9200.0], [78395.0, 30810.0], [78425.0, 29620.0], [78445.0, 10.0], [78447.5, 2190.0], [78450.0, 50000.0]]}}}
{"jsonrpc": "2.0", "method": "subscription", "params": {"channel": "book.BTC-6FEB26.none.20.100ms", "data": {"timestamp": 1770065456800, "change_id": 138140278188, "instrument_name": "BTC-6FEB26", "bids": [[78160.0, 4530.0], [78142.5, 20.0], [78137.5, 450.0], [78135.0, 1500.0], [78110.0, 900.0], [78107.5, 3000.0], [78055.0, 6050.0], [78052.5, 20280.0], [78050.0, 4920.0], [78047.5, 16470.0], [77995.0, 1350.0], [77992.5, 4520.0], [77937.5, 500.0], [77932.5, 2190.0], [77927.5, 20310.0], [77907.5, 43880.0], [77902.5, 50000.0], [77885.0, 36750.0], [77845.0, 38930.0], [77750.0, 210.0]], "asks": [[78162.5, 1300.0], [78167.5, 1300.0], [78172.5, 5970.0], [78175.0, 20000.0], [78177.5, 12700.0], [78180.0, 44670.0], [78185.0, 1360.0], [78187.5, 4570.0], [78215.0, 50000.0], [78230.0, 13480.0], [78232.5, 45160.0], [78240.0, 5830.0], [78242.5, 19530.0], [78262.5, 4970.0], [78265.0, 16660.0], [78280.0, 24420.0], [78307.5, 41050.0], [78382.5, 39700.0], [78385.0, 500.0], [78397.5, 50000.0]]}}}
{"jsonrpc": "2.0", "method": "subscription", "params": {"channel": "book.BTC-13FEB26.none.20.100ms", "data": {"timestamp": 1770065457181, "change_id": 138140278722, "instrument_name": "BTC-13FEB26", "bids": [[78227.5, 1500.0], [78210.0, 1370.0], [78207.5, 4530.0], [78197.5, 20.0], [78192.5, 11200.0], [78190.0, 47150.0], [78187.5, 32230.0], [78137.5, 2680.0], [78122.5, 4960.0], [78120.0, 16630.0], [78065.0, 5130.0], [78045.0, 1300.0], [78042.5, 4360.0], [77987.5, 2190.0], [77980.0, 8770.0], [77977.5, 500.0], [77975.0, 50000.0], [77960.0, 10.0], [77930.0, 35110.0], [77927.5, 51950.0]], "asks": [[78230.0, 1200.0], [78232.5, 4530.0], [78240.0, 360.0], [78242.5, 1200.0], [78245.0, 13350.0], [78247.5, 44720.0], [78255.0, 40.0], [78265.0, 63480.0], [78267.5, 45160.0], [78292.5, 1350.0], [78295.0, 4530.0], [78310.0, 4520.0], [78312.5, 15140.0], [78330.0, 6280.0], [78332.5, 16060.0], [78335.0, 4980.0], [78392.5, 9200.0], [78395.0, 30810.0], [78425.0, 29620.0], [78445.0, 10.0]]}}}
{"jsonrpc": "2.0", "method": "subscription", "params": {"channel": "book.BTC-6FEB26.none.20.100ms", "data": {"timestamp": 1770065457043, "change_id": 138140278556, "instrument_name": "BTC-6FEB26", "bids": [[78160.0, 6030.0], [78142.5, 20.0], [78110.0, 900.0], [78107.5, 3000.0], [78060.0, 6050.0], [78057.5, 20280.0], [78050.0, 4920.0], [78047.5, 16470.0], [77995.0, 1350.0], [77992.5, 4520.0], [77937.5, 500.0], [77932.5, 2190.0], [77927.5, 20310.0], [77907.5, 43880.0], [77902.5, 50000.0], [77885.0, 36750.0], [77845.0, 38930.0], [77750.0, 210.0], [77745.0, 50000.0], [77720.0, 40190.0]], "asks": [[78162.5, 1300.0], [78167.5, 1300.0], [78172.5, 5970.0], [78175.0, 21500.0], [78177.5, 12700.0], [78180.0, 44670.0], [78187.5, 40.0], [78192.5, 4530.0], [78215.0, 50000.0], [78230.0, 13480.0], [78232.5, 45160.0], [78240.0, 5830.0], [78242.5, 19530.0], [78262.5, 4970.0], [78265.0, 16660.0], [78280.0, 24420.0], [78307.5, 41050.0], [78382.5, 39700.0], [78385.0, 500.0], [78397.5, 50000.0]]}}}
{"jsonrpc": "2.0", "method": "subscription", "params": {"channel": "book.BTC-13FEB26.none.20.100ms", "data": {"timestamp": 1770065457336, "change_id": 138140280169, "instrument_name": "BTC-13FEB26", "bids": [[78230.0, 450.0], [78227.5, 1500.0], [78220.0, 20.0], [78215.0, 1350.0], [78212.5, 4530.0], [78197.5, 20.0], [78192.5, 11200.0], [78190.0, 47150.0], [78187.5, 32230.0], [78157.5, 16120.0], [78140.0, 800.0], [78137.5, 2680.0], [78065.0, 5130.0], [78045.0, 1300.0], [78042.5, 4360.0], [77987.5, 2190.0], [77980.0, 8770.0], [77977.5, 500.0], [77975.0, 50000.0], [77960.0, 10.0]], "asks": [[78237.5, 5730.0], [78242.5, 1200.0], [78247.5, 20.0], [78252.5, 60260.0], [78255.0, 44700.0], [78262.5, 40.0], [78265.0, 13480.0], [78267.5, 45160.0], [78292.5, 1350.0], [78295.0, 4530.0], [78310.0, 4520.0], [78312.5, 15140.0], [78330.0, 6280.0], [78332.5, 16060.0], [78335.0, 4980.0], [78392.5, 9200.0], [78395.0, 30810.0], [78425.0, 29620.0], [78445.0, 10.0], [78447.5, 2190.0]]}}}
{"jsonrpc": "2.0", "method": "subscription", "params": {"channel": "book.BTC-6FEB26.none.20.100ms", "data": {"timestamp": 1770065457484, "change_id": 138140280103, "instrument_name": "BTC-6FEB26", "bids": [[78182.5, 4530.0], [78162.5, 450.0], [78160.0, 1500.0], [78152.5, 20.0], [78110.0, 900.0], [78107.5, 3000.0], [78090.0, 4980.0], [78087.5, 16690.0], [78065.0, 6050.0], [78062.5, 20280.0], [77995.0, 1350.0], [77992.5, 4520.0], [77952.5, 50000.0], [77937.5, 500.0], [77932.5, 2190.0], [77927.5, 20310.0], [77907.5, 43880.0], [77885.0, 36750.0], [77845.0, 38930.0], [77750.0, 210.0]], "asks": [[78187.5, 29450.0], [78190.0, 44670.0], [78195.0, 40.0], [78197.5, 1350.0], [78200.0, 4530.0], [78225.0, 14930.0], [78227.5, 50000.0], [78230.0, 13480.0], [78232.5, 45160.0], [78240.0, 5830.0], [78242.5, 19530.0], [78262.5, 4970.0], [78265.0, 16660.0], [78280.0, 24420.0], [78307.5, 41050.0], [78382.5, 39700.0], [78385.0, 500.0], [78397.5, 50000.0], [78467.5, 10.0], [78485.0, 59070.0]]}}}
