{"jsonrpc": "2.0", "id": 1, "result": ["book.BTC-2JAN26.none.20.100ms"], "usIn": 1766455492756130, "usOut": 1766455492756318, "usDiff": 188, "testnet": false}
{"jsonrpc": "2.0", "method": "subscription", "params": {"channel": "book.BTC-2JAN26.none.20.100ms", "data": {"timestamp": 1766455492690, "change_id": 132961679219, "instrument_name": "BTC-2JAN26", "bids": [[88482.5, 3820.0], [88475.0, 800.0], [88472.5, 10.0], [88467.5, 800.0], [88465.0, 10.0], [88427.5, 2000.0], [88402.5, 16160.0], [88395.0, 1020.0], [88275.0, 12490.0], [88265.0, 50000.0], [88262.5, 44810.0], [88245.0, 50000.0], [88242.5, 500.0], [88137.5, 2270.0], [88122.5, 9110.0], [88120.0, 18540.0], [88112.5, 50000.0], [88087.5, 36550.0], [88060.0, 20.0], [88055.0, 3850.0]], "asks": [[88512.5, 800.0], [88515.0, 3800.0], [88520.0, 800.0], [88522.5, 40.0], [88580.0, 1020.0], [88585.0, 2000.0], [88615.0, 2000.0], [88627.5, 30.0], [88645.0, 2080.0], [88655.0, 16140.0], [88672.5, 6130.0], [88755.0, 42760.0], [88762.5, 4450.0], [88765.0, 500.0], [88772.5, 50000.0], [88785.0, 40.0], [88790.0, 18730.0], [88822.5, 36540.0], [88835.0, 70.0], [88845.0, 40.0]]}}}
{"jsonrpc": "2.0", "method": "subscription", "params": {"channel": "book.BTC-2JAN26.none.20.100ms", "data": {"timestamp": 1766455492690, "change_id": 132961679219, "instrument_name": "BTC-2JAN26", "bids": [[88482.5, 3820.0], [88475.0, 800.0], [88472.5, 10.0], [88467.5, 800.0], [88465.0, 10.0], [88427.5, 2000.0], [88402.5, 16160.0], [88395.0, 1020.0], [88275.0, 12490.0], [88265.0, 50000.0], [88262.5, 44810.0], [88245.0, 50000.0], [88242.5, 500.0], [88137.5, 2270.0], [88122.5, 9110.0], [88120.0, 18540.0], [88112.5, 50000.0], [88087.5, 36550.0], [88060.0, 20.0], [88055.0, 3850.0]], "asks": [[88512.5, 800.0], [88515.0, 3800.0], [88520.0, 800.0], [88522.5, 40.0], [88580.0, 1020.0], [88585.0, 2000.0], [88615.0, 2000.0], [88627.5, 30.0], [88645.0, 2080.0], [88655.0, 16140.0], [88672.5, 6130.0], [88755.0, 42760.0], [88762.5, 4450.0], [88765.0, 500.0], [88772.5, 50000.0], [88785.0, 40.0], [88790.0, 18730.0], [88822.5, 36540.0], [88835.0, 70.0], [88845.0, 40.0]]}}}
{"jsonrpc": "2.0", "method": "subscription", "params": {"channel": "book.BTC-2JAN26.none.20.100ms", "data": {"timestamp": 1766455493537, "change_id": 132961680368, "instrument_name": "BTC-2JAN26", "bids": [[88482.5, 800.0], [88475.0, 800.0], [88472.5, 3010.0], [88470.0, 20.0], [88467.5, 800.0], [88465.0, 10.0], [88427.5, 2000.0], [88402.5, 16160.0], [88395.0, 1020.0], [88277.5, 12490.0], [88265.0, 50000.0], [88262.5, 44810.0], [88245.0, 50000.0], [88242.5, 500.0], [88137.5, 2270.0], [88122.5, 9110.0], [88120.0, 18540.0], [88115.0, 36450.0], [88112.5, 50000.0], [88087.5, 36550.0]], "asks": [[88512.5, 800.0], [88515.0, 3000.0], [88520.0, 800.0], [88522.5, 40.0], [88580.0, 1020.0], [88585.0, 2000.0], [88615.0, 2000.0], [88627.5, 30.0], [88645.0, 2080.0], [88655.0, 16140.0], [88672.5, 6130.0], [88755.0, 42760.0], [88762.5, 4450.0], [88765.0, 500.0], [88772.5, 50000.0], [88785.0, 40.0], [88790.0, 18730.0], [88822.5, 36540.0], [88835.0, 70.0], [88845.0, 40.0]]}}}
{"jsonrpc": "2.0", "method": "subscription", "params": {"channel": "book.BTC-2JAN26.none.20.100ms", "data": {"timestamp": 1766455493782, "change_id": 132961680853, "instrument_name": "BTC-2JAN26", "bids": [[88482.5, 800.0], [88475.0, 800.0], [88472.5, 3010.0], [88470.0, 20.0], [88467.5, 800.0], [88465.0, 10.0], [88427.5, 2000.0], [88402.5, 16160.0], [88395.0, 1020.0], [88277.5, 12490.0], [88265.0, 50000.0], [88262.5, 44810.0], [88245.0, 50000.0], [88242.5, 500.0], [88137.5, 2270.0], [88122.5, 9110.0], [88120.0, 18540.0], [88115.0, 36450.0], [88112.5, 50000.0], [88087.5, 36550.0]], "asks": [[88507.5, 3800.0], [88512.5, 840.0], [88520.0, 800.0], [88580.0, 1020.0], [88585.0, 2000.0], [88615.0, 2000.0], [88627.5, 30.0], [88645.0, 2080.0], [88655.0, 16140.0], [88672.5, 6130.0], [88755.0, 42760.0], [88762.5, 4450.0], [88765.0, 500.0], [88772.5, 50000.0], [88785.0, 40.0], [88790.0, 18730.0], [88822.5, 36540.0], [88835.0, 70.0], [88845.0, 40.0], [88895.0, 38270.0]]}}}
{"jsonrpc": "2.0", "method": "subscription", "params": {"channel": "book.BTC-2JAN26.none.20.100ms", "data": {"timestamp": 1766455494190, "change_id": 132961682293, "instrument_name": "BTC-2JAN26", "bids": [[88470.0, 20.0], [88467.5, 800.0], [88462.5, 3000.0], [88450.0, 10.0], [88427.5, 2000.0], [88402.5, 16160.0], [88395.0, 1020.0], [88277.5, 12490.0], [88265.0, 50000.0], [88262.5, 44810.0], [88245.0, 50000.0], [88242.5, 500.0], [88137.5, 2270.0], [88122.5, 9110.0], [88120.0, 18540.0], [88115.0, 36450.0], [88112.5, 50000.0], [88087.5, 36550.0], [88060.0, 20.0], [88055.0, 3850.0]], "asks": [[88500.0, 3800.0], [88507.5, 800.0], [88512.5, 840.0], [88520.0, 800.0], [88580.0, 1020.0], [88585.0, 2000.0], [88615.0, 2000.0], [88627.5, 30.0], [88645.0, 2080.0], [88655.0, 16140.0], [88672.5, 6130.0], [88755.0, 42760.0], [88762.5, 4450.0], [88765.0, 500.0], [88772.5, 50000.0], [88785.0, 40.0], [88790.0, 18730.0], [88822.5, 36540.0], [88835.0, 70.0], [88845.0, 40.0]]}}}
{"jsonrpc": "2.0", "method": "subscription", "params": {"channel": "book.BTC-2JAN26.none.20.100ms", "data": {"timestamp": 1766455494521, "change_id": 132961683088, "instrument_name": "BTC-2JAN26", "bids": [[88467.5, 800.0], [88465.0, 800.0], [88462.5, 3000.0], [88457.5, 20.0], [88455.0, 10.0], [88450.0, 10.0], [88427.5, 2000.0], [88402.5, 16160.0], [88395.0, 1020.0], [88277.5, 12490.0], [88265.0, 50000.0], [88262.5, 44810.0], [88245.0, 50000.0], [88242.5, 500.0], [88137.5, 2270.0], [88122.5, 9110.0], [88120.0, 18540.0], [88115.0, 36450.0], [88112.5, 50000.0], [88087.5, 36550.0]], "asks": [[88497.5, 800.0], [88500.0, 3800.0], [88502.5, 40.0], [88572.5, 4520.0], [88580.0, 1020.0], [88585.0, 2000.0], [88615.0, 2000.0], [88627.5, 30.0], [88645.0, 2080.0], [88655.0, 16140.0], [88672.5, 6130.0], [88755.0, 42760.0], [88765.0, 500.0], [88772.5, 50000.0], [88785.0, 40.0], [88790.0, 18730.0], [88822.5, 36540.0], [88835.0, 70.0], [88845.0, 40.0], [88895.0, 38270.0]]}}}
{"jsonrpc": "2.0", "method": "subscription", "params": {"channel": "book.BTC-2JAN26.none.20.100ms", "data": {"timestamp": 1766455495504, "change_id": 132961684492, "instrument_name": "BTC-2JAN26", "bids": [[88467.5, 800.0], [88465.0, 800.0], [88462.5, 3000.0], [88457.5, 20.0], [88455.0, 10.0], [88452.5, 800.0], [88450.0, 10.0], [88427.5, 2000.0], [88402.5, 16160.0], [88395.0, 1020.0], [88277.5, 12490.0], [88265.0, 50000.0], [88262.5, 44810.0], [88245.0, 50000.0], [88242.5, 500.0], [88137.5, 2270.0], [88122.5, 9110.0], [88120.0, 18540.0], [88115.0, 36450.0], [88112.5, 50000.0]], "asks": [[88497.5, 800.0], [88500.0, 3800.0], [88502.5, 40.0], [88572.5, 4520.0], [88580.0, 1020.0], [88585.0, 2000.0], [88615.0, 2000.0], [88627.5, 30.0], [88645.0, 2080.0], [88655.0, 16140.0], [88672.5, 6130.0], [88755.0, 42760.0], [88765.0, 500.0], [88772.5, 50000.0], [88785.0, 40.0], [88790.0, 18730.0], [88822.5, 36540.0], [88835.0, 70.0], [88845.0, 40.0], [88895.0, 38270.0]]}}}
{"jsonrpc": "2.0", "method": "subscription", "params": {"channel": "book.BTC-2JAN26.none.20.100ms", "data": {"timestamp": 1766455495541, "change_id": 132961684522, "instrument_name": "BTC-2JAN26", "bids": [[88467.5, 800.0], [88465.0, 800.0], [88462.5, 3000.0], [88457.5, 20.0], [88455.0, 10.0], [88452.5, 800.0], [88450.0, 10.0], [88427.5, 2000.0], [88402.5, 16160.0], [88395.0, 1020.0], [88280.0, 12490.0], [88265.0, 50000.0], [88262.5, 44810.0], [88245.0, 50000.0], [88242.5, 500.0], [88137.5, 2270.0], [88122.5, 9110.0], [88120.0, 18540.0], [88115.0, 36450.0], [88112.5, 50000.0]], "asks": [[88497.5, 800.0], [88500.0, 3800.0], [88502.5, 40.0], [88572.5, 4520.0], [88580.0, 1020.0], [88585.0, 2000.0], [88615.0, 2000.0], [88627.5, 30.0], [88645.0, 2080.0], [88655.0, 16140.0], [88672.5, 6130.0], [88755.0, 42760.0], [88765.0, 500.0], [88772.5, 50000.0], [88785.0, 40.0], [88790.0, 18730.0], [88822.5, 36540.0], [88835.0, 70.0], [88845.0, 40.0], [88895.0, 38270.0]]}}}
{"jsonrpc": "2.0", "method": "subscription", "params": {"channel": "book.BTC-2JAN26.none.20.100ms", "data": {"timestamp": 1766455496493, "change_id": 132961685662, "instrument_name": "BTC-2JAN26", "bids": [[88465.0, 800.0], [88462.5, 3000.0], [88457.5, 820.0], [88455.0, 10.0], [88452.5, 800.0], [88450.0, 10.0], [88427.5, 2000.0], [88402.5, 16160.0], [88395.0, 1020.0], [88280.0, 12490.0], [88265.0, 50000.0], [88262.5, 44810.0], [88245.0, 50000.0], [88242.5, 500.0], [88137.5, 2270.0], [88122.5, 9110.0], [88120.0, 18540.0], [88115.0, 36450.0], [88112.5, 50000.0], [88087.5, 36550.0]], "asks": [[88497.5, 800.0], [88500.0, 3800.0], [88502.5, 40.0], [88572.5, 4520.0], [88580.0, 1020.0], [88585.0, 2000.0], [88615.0, 2000.0], [88627.5, 30.0], [88645.0, 2080.0], [88655.0, 16140.0], [88672.5, 6130.0], [88755.0, 42760.0], [88765.0, 500.0], [88772.5, 50000.0], [88785.0, 40.0], [88790.0, 18730.0], [88822.5, 36540.0], [88835.0, 70.0], [88845.0, 40.0], [88895.0, 38270.0]]}}}
{"jsonrpc": "2.0", "method": "subscription", "params": {"channel": "book.BTC-2JAN26.none.20.100ms", "data": {"timestamp": 1766455497032, "change_id": 132961686674, "instrument_name": "BTC-2JAN26", "bids": [[88465.0, 800.0], [88462.5, 3000.0], [88457.5, 820.0], [88455.0, 10.0], [88452.5, 800.0], [88450.0, 10.0], [88427.5, 2000.0], [88402.5, 16160.0], [88395.0, 1020.0], [88280.0, 12490.0], [88265.0, 50000.0], [88262.5, 44810.0], [88245.0, 50000.0], [88242.5, 500.0], [88137.5, 2270.0], [88122.5, 9110.0], [88120.0, 18540.0], [88115.0, 36450.0], [88112.5, 50000.0], [88087.5, 36550.0]], "asks": [[88497.5, 800.0], [88500.0, 3800.0], [88502.5, 40.0], [88572.5, 4520.0], [88580.0, 1020.0], [88585.0, 2000.0], [88595.0, 16040.0], [88615.0, 2000.0], [88627.5, 30.0], [88645.0, 2080.0], [88672.5, 6130.0], [88755.0, 42760.0], [88765.0, 500.0], [88772.5, 50000.0], [88785.0, 40.0], [88790.0, 18730.0], [88822.5, 36540.0], [88835.0, 70.0], [88845.0, 40.0], [88895.0, 38270.0]]}}}
{"jsonrpc": "2.0", "method": "subscription", "params": {"channel": "book.BTC-2JAN26.none.20.100ms", "data": {"timestamp": 1766455497482, "change_id": 132961687399, "instrument_name": "BTC-2JAN26", "bids": [[88465.0, 800.0], [88462.5, 3000.0], [88460.0, 800.0], [88457.5, 820.0], [88455.0, 10.0], [88452.5, 800.0], [88450.0, 10.0], [88427.5, 2000.0], [88402.5, 16160.0], [88395.0, 1020.0], [88280.0, 12490.0], [88265.0, 50000.0], [88262.5, 44810.0], [88245.0, 50000.0], [88242.5, 500.0], [88137.5, 2270.0], [88122.5, 9110.0], [88120.0, 18540.0], [88115.0, 36450.0], [88112.5, 50000.0]], "asks": [[88497.5, 800.0], [88500.0, 3800.0], [88502.5, 40.0], [88572.5, 4520.0], [88580.0, 1020.0], [88585.0, 2000.0], [88595.0, 16040.0], [88615.0, 2000.0], [88627.5, 30.0], [88645.0, 2080.0], [88672.5, 6130.0], [88755.0, 42760.0], [88765.0, 500.0], [88772.5, 50000.0], [88785.0, 40.0], [88790.0, 18730.0], [88822.5, 36540.0], [88835.0, 70.0], [88845.0, 40.0], [88895.0, 38270.0]]}}}
{"jsonrpc": "2.0", "method": "subscription", "params": {"channel": "book.BTC-2JAN26.none.20.100ms", "data": {"timestamp": 1766455498957, "change_id": 132961689085, "instrument_name": "BTC-2JAN26", "bids": [[88465.0, 800.0], [88462.5, 3000.0], [88460.0, 800.0], [88457.5, 820.0], [88455.0, 10.0], [88452.5, 800.0], [88450.0, 10.0], [88440.0, 16920.0], [88427.5, 2000.0], [88402.5, 16160.0], [88395.0, 1020.0], [88280.0, 12490.0], [88267.5, 2270.0], [88265.0, 50000.0], [88262.5, 44810.0], [88245.0, 50000.0], [88242.5, 500.0], [88122.5, 9110.0], [88120.0, 18540.0], [88115.0, 36450.0]], "asks": [[88497.5, 800.0], [88500.0, 3800.0], [88502.5, 40.0], [88572.5, 4520.0], [88580.0, 1020.0], [88585.0, 2000.0], [88595.0, 16040.0], [88615.0, 2000.0], [88627.5, 30.0], [88645.0, 2080.0], [88672.5, 6130.0], [88755.0, 42760.0], [88765.0, 500.0], [88772.5, 50000.0], [88785.0, 40.0], [88790.0, 18730.0], [88822.5, 36540.0], [88835.0, 70.0], [88845.0, 40.0], [88895.0, 38270.0]]}}}
{"jsonrpc": "2.0", "method": "subscription", "params": {"channel": "book.BTC-2JAN26.none.20.100ms", "data": {"timestamp": 1766455499459, "change_id": 132961689735, "instrument_name": "BTC-2JAN26", "bids": [[88465.0, 800.0], [88462.5, 3000.0], [88460.0, 800.0], [88457.5, 820.0], [88455.0, 10.0], [88452.5, 800.0], [88450.0, 10.0], [88442.5, 800.0], [88440.0, 16920.0], [88427.5, 2000.0], [88402.5, 16160.0], [88395.0, 1020.0], [88282.5, 12490.0], [88267.5, 2270.0], [88265.0, 50000.0], [88262.5, 44810.0], [88245.0, 50000.0], [88242.5, 500.0], [88122.5, 9110.0], [88120.0, 18540.0]], "asks": [[88497.5, 800.0], [88500.0, 3800.0], [88502.5, 40.0], [88572.5, 4520.0], [88580.0, 1020.0], [88585.0, 2000.0], [88595.0, 16040.0], [88615.0, 2000.0], [88627.5, 30.0], [88645.0, 2080.0], [88672.5, 6130.0], [88755.0, 42760.0], [88765.0, 500.0], [88772.5, 50000.0], [88785.0, 40.0], [88790.0, 18730.0], [88822.5, 36540.0], [88835.0, 70.0], [88845.0, 40.0], [88895.0, 38270.0]]}}}
{"jsonrpc": "2.0", "method": "subscription", "params": {"channel": "book.BTC-2JAN26.none.20.100ms", "data": {"timestamp": 1766455499814, "change_id": 132961690314, "instrument_name": "BTC-2JAN26", "bids": [[88465.0, 800.0], [88462.5, 3000.0], [88460.0, 800.0], [88457.5, 820.0], [88455.0, 10.0], [88452.5, 800.0], [88450.0, 10.0], [88445.0, 19010.0], [88442.5, 800.0], [88440.0, 16920.0], [88427.5, 2000.0], [88402.5, 16160.0], [88395.0, 1020.0], [88282.5, 12490.0], [88267.5, 2270.0], [88265.0, 50000.0], [88262.5, 44810.0], [88245.0, 50000.0], [88242.5, 500.0], [88122.5, 9110.0]], "asks": [[88497.5, 800.0], [88500.0, 3800.0], [88502.5, 40.0], [88572.5, 4520.0], [88580.0, 1020.0], [88585.0, 2000.0], [88595.0, 16040.0], [88615.0, 2000.0], [88627.5, 30.0], [88645.0, 2080.0], [88672.5, 6130.0], [88755.0, 42760.0], [88765.0, 500.0], [88772.5, 50000.0], [88785.0, 40.0], [88790.0, 18730.0], [88822.5, 36540.0], [88835.0, 70.0], [88845.0, 40.0], [88895.0, 38270.0]]}}}
{"jsonrpc": "2.0", "method": "subscription", "params": {"channel": "book.BTC-2JAN26.none.20.100ms", "data": {"timestamp": 1766455500448, "change_id": 132961691109, "instrument_name": "BTC-2JAN26", "bids": [[88465.0, 800.0], [88462.5, 3000.0], [88460.0, 800.0], [88457.5, 820.0], [88455.0, 10.0], [88452.5, 800.0], [88450.0, 10.0], [88427.5, 2000.0], [88402.5, 16160.0], [88395.0, 1020.0], [88282.5, 12490.0], [88267.5, 2270.0], [88265.0, 50000.0], [88262.5, 44810.0], [88245.0, 50000.0], [88242.5, 500.0], [88122.5, 9110.0], [88120.0, 18540.0], [88115.0, 36450.0], [88112.5, 50000.0]], "asks": [[88497.5, 800.0], [88500.0, 3800.0], [88502.5, 40.0], [88572.5, 4520.0], [88580.0, 1020.0], [88585.0, 2000.0], [88595.0, 16040.0], [88615.0, 2000.0], [88627.5, 30.0], [88645.0, 2080.0], [88672.5, 6130.0], [88755.0, 42760.0], [88765.0, 500.0], [88772.5, 50000.0], [88785.0, 40.0], [88790.0, 18730.0], [88822.5, 36540.0], [88835.0, 70.0], [88845.0, 40.0], [88895.0, 38270.0]]}}}
{"jsonrpc": "2.0", "method": "subscription", "params": {"channel": "book.BTC-2JAN26.none.20.100ms", "data": {"timestamp": 1766455500560, "change_id": 132961691242, "instrument_name": "BTC-2JAN26", "bids": [[88465.0, 800.0], [88462.5, 3000.0], [88460.0, 800.0], [88457.5, 820.0], [88455.0, 10.0], [88452.5, 800.0], [88450.0, 10.0], [88427.5, 2000.0], [88402.5, 16160.0], [88395.0, 1020.0], [88267.5, 14760.0], [88265.0, 50000.0], [88262.5, 44810.0], [88245.0, 50000.0], [88242.5, 500.0], [88122.5, 9110.0], [88120.0, 18540.0], [88115.0, 36450.0], [88112.5, 50000.0], [88087.5, 36550.0]], "asks": [[88497.5, 800.0], [88500.0, 3800.0], [88502.5, 40.0], [88572.5, 4520.0], [88580.0, 1020.0], [88585.0, 2000.0], [88595.0, 16040.0], [88615.0, 2000.0], [88627.5, 30.0], [88645.0, 2080.0], [88672.5, 6130.0], [88755.0, 42760.0], [88762.5, 38270.0], [88765.0, 500.0], [88772.5, 50000.0], [88785.0, 40.0], [88790.0, 18730.0], [88822.5, 36540.0], [88835.0, 70.0], [88845.0, 40.0]]}}}
{"jsonrpc": "2.0", "method": "subscription", "params": {"channel": "book.BTC-2JAN26.none.20.100ms", "data": {"timestamp": 1766455501116, "change_id": 132961692420, "instrument_name": "BTC-2JAN26", "bids": [[88470.0, 480.0], [88467.5, 820.0], [88465.0, 1930.0], [88462.5, 3000.0], [88460.0, 1040.0], [88457.5, 800.0], [88455.0, 9950.0], [88452.5, 72020.0], [88450.0, 26120.0], [88445.0, 16400.0], [88427.5, 2000.0], [88395.0, 1020.0], [88267.5, 14760.0], [88262.5, 44810.0], [88245.0, 50000.0], [88242.5, 500.0], [88122.5, 9110.0], [88120.0, 18540.0], [88115.0, 36450.0], [88112.5, 50000.0]], "asks": [[88497.5, 800.0], [88500.0, 800.0], [88517.5, 40.0], [88572.5, 4520.0], [88580.0, 1020.0], [88585.0, 2000.0], [88592.5, 4790.0], [88595.0, 16040.0], [88615.0, 2000.0], [88627.5, 30.0], [88642.5, 620.0], [88645.0, 2080.0], [88672.5, 6130.0], [88755.0, 42760.0], [88762.5, 38270.0], [88765.0, 500.0], [88772.5, 50000.0], [88785.0, 40.0], [88790.0, 18730.0], [88822.5, 36540.0]]}}}
{"jsonrpc": "2.0", "method": "subscription", "params": {"channel": "book.BTC-2JAN26.none.20.100ms", "data": {"timestamp": 1766455501440, "change_id": 132961693160, "instrument_name": "BTC-2JAN26", "bids": [[88485.0, 900.0], [88482.5, 3000.0], [88477.5, 20.0], [88470.0, 240.0], [88467.5, 800.0], [88460.0, 240.0], [88457.5, 800.0], [88455.0, 9950.0], [88452.5, 72020.0], [88450.0, 26120.0], [88445.0, 16400.0], [88427.5, 2000.0], [88395.0, 1020.0], [88267.5, 14760.0], [88262.5, 44810.0], [88245.0, 50000.0], [88242.5, 500.0], [88122.5, 9110.0], [88120.0, 18540.0], [88115.0, 36450.0]], "asks": [[88515.0, 910.0], [88517.5, 3040.0], [88572.5, 4520.0], [88580.0, 1020.0], [88585.0, 2000.0], [88592.5, 4790.0], [88595.0, 16040.0], [88615.0, 2000.0], [88627.5, 30.0], [88642.5, 620.0], [88645.0, 2080.0], [88670.0, 1830.0], [88672.5, 6130.0], [88755.0, 42760.0], [88762.5, 38270.0], [88765.0, 500.0], [88772.5, 50000.0], [88785.0, 40.0], [88790.0, 18730.0], [88822.5, 36540.0]]}}}
{"jsonrpc": "2.0", "method": "subscription", "params": {"channel": "book.BTC-2JAN26.none.20.100ms", "data": {"timestamp": 1766455501650, "change_id": 132961693622, "instrument_name": "BTC-2JAN26", "bids": [[88485.0, 900.0], [88482.5, 3000.0], [88477.5, 20.0], [88470.0, 240.0], [88467.5, 800.0], [88460.0, 240.0], [88457.5, 800.0], [88455.0, 10.0], [88452.5, 800.0], [88450.0, 4900.0], [88447.5, 50000.0], [88445.0, 16400.0], [88427.5, 2000.0], [88395.0, 1020.0], [88267.5, 14760.0], [88262.5, 44810.0], [88245.0, 50000.0], [88242.5, 500.0], [88122.5, 9110.0], [88120.0, 18540.0]], "asks": [[88515.0, 910.0], [88517.5, 3000.0], [88530.0, 40.0], [88572.5, 4520.0], [88580.0, 1020.0], [88592.5, 4790.0], [88595.0, 16040.0], [88627.5, 30.0], [88645.0, 80.0], [88670.0, 1830.0], [88672.5, 6130.0], [88755.0, 42760.0], [88762.5, 38270.0], [88765.0, 500.0], [88772.5, 50000.0], [88785.0, 40.0], [88790.0, 18730.0], [88822.5, 36540.0], [88835.0, 70.0], [88845.0, 40.0]]}}}
{"jsonrpc": "2.0", "method": "subscription", "params": {"channel": "book.BTC-2JAN26.none.20.100ms", "data": {"timestamp": 1766455502083, "change_id": 132961694811, "instrument_name": "BTC-2JAN26", "bids": [[88470.0, 240.0], [88467.5, 800.0], [88465.0, 20.0], [88460.0, 240.0], [88457.5, 800.0], [88455.0, 250.0], [88452.5, 800.0], [88450.0, 4900.0], [88445.0, 22660.0], [88442.5, 50000.0], [88427.5, 2000.0], [88397.5, 300.0], [88395.0, 1020.0], [88270.0, 9110.0], [88267.5, 14760.0], [88262.5, 44810.0], [88245.0, 50000.0], [88242.5, 500.0], [88120.0, 18540.0], [88115.0, 36450.0]], "asks": [[88500.0, 800.0], [88502.5, 800.0], [88505.0, 800.0], [88507.5, 800.0], [88510.0, 40.0], [88515.0, 910.0], [88517.5, 3000.0], [88570.0, 1350.0], [88572.5, 4520.0], [88580.0, 3020.0], [88592.5, 4790.0], [88595.0, 16040.0], [88607.5, 600.0], [88610.0, 2000.0], [88627.5, 30.0], [88637.5, 600.0], [88640.0, 2000.0], [88645.0, 80.0], [88670.0, 1830.0], [88672.5, 6130.0]]}}}
{"jsonrpc": "2.0", "method": "subscription", "params": {"channel": "book.BTC-2JAN26.none.20.100ms", "data": {"timestamp": 1766455502429, "change_id": 132961695154, "instrument_name": "BTC-2JAN26", "bids": [[88470.0, 1110.0], [88467.5, 800.0], [88465.0, 3020.0], [88460.0, 240.0], [88457.5, 800.0], [88455.0, 250.0], [88452.5, 800.0], [88450.0, 10.0], [88445.0, 6260.0], [88442.5, 50000.0], [88427.5, 2000.0], [88425.0, 15990.0], [88397.5, 300.0], [88395.0, 1020.0], [88270.0, 9110.0], [88267.5, 14760.0], [88262.5, 44810.0], [88245.0, 50000.0], [88242.5, 500.0], [88120.0, 18540.0]], "asks": [[88497.5, 240.0], [88500.0, 800.0], [88502.5, 1930.0], [88505.0, 4050.0], [88507.5, 800.0], [88510.0, 40.0], [88570.0, 1350.0], [88572.5, 4520.0], [88580.0, 3020.0], [88592.5, 4790.0], [88595.0, 16040.0], [88607.5, 600.0], [88610.0, 2000.0], [88627.5, 30.0], [88637.5, 600.0], [88640.0, 2000.0], [88645.0, 80.0], [88670.0, 1830.0], [88672.5, 6130.0], [88755.0, 42760.0]]}}}
{"jsonrpc": "2.0", "method": "subscription", "params": {"channel": "book.BTC-2JAN26.none.20.100ms", "data": {"timestamp": 1766455503097, "change_id": 132961696734, "instrument_name": "BTC-2JAN26", "bids": [[88470.0, 1110.0], [88467.5, 800.0], [88465.0, 3020.0], [88460.0, 240.0], [88457.5, 800.0], [88455.0, 250.0], [88452.5, 800.0], [88450.0, 6340.0], [88447.5, 21220.0], [88445.0, 6260.0], [88442.5, 50000.0], [88427.5, 2000.0], [88425.0, 15990.0], [88397.5, 300.0], [88395.0, 1020.0], [88270.0, 9110.0], [88267.5, 14760.0], [88262.5, 44810.0], [88245.0, 50000.0], [88242.5, 500.0]], "asks": [[88500.0, 800.0], [88502.5, 1930.0], [88505.0, 4050.0], [88507.5, 800.0], [88510.0, 40.0], [88570.0, 1350.0], [88572.5, 4520.0], [88577.5, 900.0], [88580.0, 3020.0], [88592.5, 4790.0], [88595.0, 16040.0], [88607.5, 600.0], [88610.0, 2000.0], [88627.5, 30.0], [88637.5, 600.0], [88640.0, 2000.0], [88645.0, 80.0], [88670.0, 1830.0], [88672.5, 6130.0], [88755.0, 42760.0]]}}}
{"jsonrpc": "2.0", "method": "subscription", "params": {"channel": "book.BTC-2JAN26.none.20.100ms", "data": {"timestamp": 1766455503436, "change_id": 132961697418, "instrument_name": "BTC-2JAN26", "bids": [[88482.5, 900.0], [88480.0, 3000.0], [88475.0, 20.0], [88460.0, 6550.0], [88457.5, 800.0], [88455.0, 21470.0], [88452.5, 800.0], [88450.0, 56340.0], [88447.5, 21220.0], [88427.5, 2000.0], [88425.0, 15990.0], [88397.5, 300.0], [88395.0, 1020.0], [88270.0, 9110.0], [88267.5, 14760.0], [88262.5, 44810.0], [88245.0, 50000.0], [88242.5, 500.0], [88120.0, 18540.0], [88115.0, 36450.0]], "asks": [[88502.5, 800.0], [88512.5, 900.0], [88515.0, 3000.0], [88522.5, 40.0], [88570.0, 1350.0], [88572.5, 4520.0], [88577.5, 900.0], [88580.0, 3020.0], [88592.5, 4790.0], [88595.0, 16040.0], [88607.5, 600.0], [88610.0, 2000.0], [88627.5, 30.0], [88637.5, 600.0], [88640.0, 2000.0], [88645.0, 80.0], [88670.0, 1830.0], [88672.5, 6130.0], [88755.0, 42760.0], [88762.5, 38270.0]]}}}
{"jsonrpc": "2.0", "method": "subscription", "params": {"channel": "book.BTC-2JAN26.none.20.100ms", "data": {"timestamp": 1766455503770, "change_id": 132961698605, "instrument_name": "BTC-2JAN26", "bids": [[88485.0, 20.0], [88482.5, 900.0], [88480.0, 3000.0], [88460.0, 6550.0], [88457.5, 2800.0], [88455.0, 21470.0], [88452.5, 800.0], [88450.0, 10.0], [88427.5, 50000.0], [88425.0, 15990.0], [88397.5, 300.0], [88395.0, 1020.0], [88272.5, 2720.0], [88270.0, 9110.0], [88267.5, 14760.0], [88262.5, 44810.0], [88245.0, 50000.0], [88242.5, 500.0], [88120.0, 18540.0], [88115.0, 36450.0]], "asks": [[88502.5, 800.0], [88535.0, 40.0], [88572.5, 4520.0], [88580.0, 1020.0], [88592.5, 4790.0], [88595.0, 16040.0], [88597.5, 2000.0], [88627.5, 2030.0], [88645.0, 80.0], [88657.5, 2000.0], [88672.5, 6130.0], [88755.0, 42760.0], [88762.5, 38270.0], [88765.0, 500.0], [88772.5, 50000.0], [88785.0, 40.0], [88790.0, 18730.0], [88822.5, 36540.0], [88835.0, 70.0], [88845.0, 40.0]]}}}
{"jsonrpc": "2.0", "method": "subscription", "params": {"channel": "book.BTC-2JAN26.none.20.100ms", "data": {"timestamp": 1766455503885, "change_id": 132961698895, "instrument_name": "BTC-2JAN26", "bids": [[88490.0, 900.0], [88487.5, 3000.0], [88485.0, 20.0], [88460.0, 240.0], [88457.5, 2800.0], [88455.0, 250.0], [88452.5, 800.0], [88425.0, 15990.0], [88397.5, 15190.0], [88395.0, 51020.0], [88272.5, 2720.0], [88270.0, 9110.0], [88267.5, 14760.0], [88262.5, 44810.0], [88245.0, 50000.0], [88242.5, 500.0], [88120.0, 18540.0], [88115.0, 36450.0], [88112.5, 50000.0], [88087.5, 36550.0]], "asks": [[88502.5, 800.0], [88522.5, 900.0], [88525.0, 3000.0], [88535.0, 40.0], [88572.5, 4520.0], [88580.0, 1020.0], [88592.5, 4790.0], [88595.0, 18040.0], [88625.0, 2000.0], [88627.5, 30.0], [88645.0, 80.0], [88655.0, 2000.0], [88672.5, 6130.0], [88755.0, 42760.0], [88762.5, 38270.0], [88765.0, 500.0], [88772.5, 50000.0], [88785.0, 40.0], [88790.0, 18730.0], [88822.5, 36540.0]]}}}
{"jsonrpc": "2.0", "method": "subscription", "params": {"channel": "book.BTC-2JAN26.none.20.100ms", "data": {"timestamp": 1766455504436, "change_id": 132961699931, "instrument_name": "BTC-2JAN26", "bids": [[88480.0, 900.0], [88477.5, 3000.0], [88472.5, 20.0], [88460.0, 810.0], [88457.5, 2800.0], [88455.0, 10.0], [88452.5, 10.0], [88427.5, 4770.0], [88425.0, 15990.0], [88400.0, 50000.0], [88397.5, 300.0], [88395.0, 1020.0], [88272.5, 2720.0], [88270.0, 9110.0], [88267.5, 14760.0], [88262.5, 44810.0], [88245.0, 50000.0], [88242.5, 500.0], [88120.0, 18540.0], [88115.0, 36450.0]], "asks": [[88502.5, 800.0], [88515.0, 900.0], [88517.5, 3000.0], [88525.0, 40.0], [88570.0, 1350.0], [88572.5, 4520.0], [88580.0, 1020.0], [88592.5, 4790.0], [88595.0, 18040.0], [88625.0, 2000.0], [88627.5, 30.0], [88645.0, 80.0], [88655.0, 2000.0], [88672.5, 6130.0], [88755.0, 42760.0], [88762.5, 38270.0], [88765.0, 500.0], [88772.5, 50000.0], [88785.0, 40.0], [88790.0, 18730.0]]}}}
{"jsonrpc": "2.0", "method": "subscription", "params": {"channel": "book.BTC-2JAN26.none.20.100ms", "data": {"timestamp": 1766455504774, "change_id": 132961700591, "instrument_name": "BTC-2JAN26", "bids": [[88487.5, 900.0], [88485.0, 3000.0], [88482.5, 20.0], [88460.0, 810.0], [88457.5, 2800.0], [88455.0, 10.0], [88452.5, 10.0], [88427.5, 4770.0], [88425.0, 15990.0], [88400.0, 50000.0], [88397.5, 300.0], [88395.0, 1020.0], [88272.5, 2720.0], [88270.0, 9110.0], [88267.5, 14760.0], [88262.5, 44810.0], [88245.0, 50000.0], [88242.5, 500.0], [88120.0, 18540.0], [88115.0, 36450.0]], "asks": [[88502.5, 800.0], [88525.0, 40.0], [88570.0, 1350.0], [88572.5, 4520.0], [88580.0, 1020.0], [88592.5, 4790.0], [88595.0, 18040.0], [88625.0, 2000.0], [88627.5, 30.0], [88645.0, 80.0], [88655.0, 2000.0], [88672.5, 6130.0], [88755.0, 42760.0], [88762.5, 38270.0], [88765.0, 500.0], [88772.5, 50000.0], [88785.0, 40.0], [88790.0, 18730.0], [88822.5, 36540.0], [88835.0, 70.0]]}}}
{"jsonrpc": "2.0", "method": "subscription", "params": {"channel": "book.BTC-2JAN26.none.20.100ms", "data": {"timestamp": 1766455505095, "change_id": 132961702262, "instrument_name": "BTC-2JAN26", "bids": [[88497.5, 900.0], [88495.0, 3000.0], [88492.5, 20.0], [88472.5, 10.0], [88460.0, 810.0], [88457.5, 2800.0], [88437.5, 1920.0], [88435.0, 6430.0], [88427.5, 4770.0], [88425.0, 17010.0], [88407.5, 14930.0], [88405.0, 50000.0], [88282.5, 1810.0], [88280.0, 6060.0], [88272.5, 2720.0], [88270.0, 9110.0], [88267.5, 2270.0], [88262.5, 44810.0], [88245.0, 68540.0], [88242.5, 500.0]], "asks": [[88530.0, 900.0], [88532.5, 3000.0], [88537.5, 40.0], [88540.0, 5970.0], [88542.5, 20000.0], [88570.0, 1350.0], [88572.5, 4520.0], [88577.5, 300.0], [88580.0, 1020.0], [88592.5, 4790.0], [88595.0, 18040.0], [88617.5, 1830.0], [88620.0, 6130.0], [88622.5, 600.0], [88625.0, 2000.0], [88627.5, 30.0], [88645.0, 80.0], [88652.5, 600.0], [88655.0, 2000.0], [88685.0, 5590.0]]}}}
{"jsonrpc": "2.0", "method": "subscription", "params": {"channel": "book.BTC-2JAN26.none.20.100ms", "data": {"timestamp": 1766455505394, "change_id": 132961702766, "instrument_name": "BTC-2JAN26", "bids": [[88497.5, 900.0], [88495.0, 3000.0], [88492.5, 20.0], [88472.5, 10.0], [88470.0, 4780.0], [88467.5, 16030.0], [88462.5, 10.0], [88460.0, 570.0], [88457.5, 2000.0], [88437.5, 1920.0], [88435.0, 6430.0], [88427.5, 300.0], [88425.0, 1020.0], [88407.5, 14930.0], [88405.0, 50000.0], [88282.5, 1810.0], [88280.0, 6060.0], [88272.5, 2720.0], [88270.0, 9110.0], [88267.5, 2270.0]], "asks": [[88530.0, 900.0], [88532.5, 3000.0], [88537.5, 40.0], [88540.0, 5970.0], [88542.5, 20000.0], [88570.0, 1350.0], [88572.5, 4520.0], [88577.5, 300.0], [88580.0, 1020.0], [88592.5, 4790.0], [88595.0, 16040.0], [88602.5, 600.0], [88605.0, 2000.0], [88617.5, 1830.0], [88620.0, 6130.0], [88627.5, 30.0], [88632.5, 600.0], [88635.0, 2000.0], [88645.0, 80.0], [88662.5, 600.0]]}}}
{"jsonrpc": "2.0", "method": "subscription", "params": {"channel": "book.BTC-2JAN26.none.20.100ms", "data": {"timestamp": 1766455505717, "change_id": 132961703683, "instrument_name": "BTC-2JAN26", "bids": [[88505.0, 900.0], [88502.5, 3000.0], [88492.5, 20.0], [88472.5, 10.0], [88470.0, 4780.0], [88467.5, 16030.0], [88460.0, 570.0], [88457.5, 2000.0], [88437.5, 1920.0], [88435.0, 6430.0], [88427.5, 300.0], [88425.0, 1020.0], [88407.5, 14930.0], [88405.0, 50000.0], [88282.5, 1810.0], [88280.0, 6060.0], [88270.0, 9110.0], [88267.5, 2270.0], [88262.5, 44810.0], [88245.0, 68540.0]], "asks": [[88532.5, 3000.0], [88537.5, 40.0], [88540.0, 5970.0], [88542.5, 20000.0], [88570.0, 1350.0], [88572.5, 4520.0], [88592.5, 4790.0], [88595.0, 16040.0], [88602.5, 1620.0], [88605.0, 2000.0], [88617.5, 1830.0], [88620.0, 6130.0], [88627.5, 30.0], [88632.5, 600.0], [88635.0, 2000.0], [88645.0, 80.0], [88662.5, 600.0], [88665.0, 2000.0], [88685.0, 5590.0], [88687.5, 18730.0]]}}}
{"jsonrpc": "2.0", "method": "subscription", "params": {"channel": "book.BTC-2JAN26.none.20.100ms", "data": {"timestamp": 1766455505804, "change_id": 132961703973, "instrument_name": "BTC-2JAN26", "bids": [[88505.0, 900.0], [88502.5, 3020.0], [88472.5, 10.0], [88470.0, 4780.0], [88467.5, 16030.0], [88460.0, 570.0], [88457.5, 2000.0], [88437.5, 1920.0], [88435.0, 6430.0], [88427.5, 300.0], [88425.0, 1020.0], [88407.5, 14930.0], [88405.0, 50000.0], [88282.5, 1810.0], [88280.0, 6060.0], [88270.0, 9110.0], [88267.5, 2270.0], [88262.5, 44810.0], [88245.0, 68540.0], [88242.5, 500.0]], "asks": [[88530.0, 900.0], [88532.5, 3000.0], [88537.5, 40.0], [88540.0, 5970.0], [88542.5, 20000.0], [88570.0, 1350.0], [88572.5, 4520.0], [88602.5, 1620.0], [88605.0, 2000.0], [88617.5, 1830.0], [88620.0, 6130.0], [88627.5, 30.0], [88630.0, 5410.0], [88632.5, 16120.0], [88635.0, 2000.0], [88645.0, 80.0], [88662.5, 600.0], [88665.0, 2000.0], [88685.0, 5590.0], [88687.5, 18730.0]]}}}
{"jsonrpc": "2.0", "method": "subscription", "params": {"channel": "book.BTC-2JAN26.none.20.100ms", "data": {"timestamp": 1766455506385, "change_id": 132961704852, "instrument_name": "BTC-2JAN26", "bids": [[88505.0, 900.0], [88502.5, 3020.0], [88490.0, 6340.0], [88487.5, 21230.0], [88472.5, 8100.0], [88470.0, 54780.0], [88467.5, 16030.0], [88460.0, 570.0], [88457.5, 2000.0], [88442.5, 1920.0], [88440.0, 6430.0], [88427.5, 300.0], [88425.0, 1020.0], [88287.5, 1810.0], [88285.0, 6060.0], [88272.5, 2720.0], [88270.0, 9110.0], [88267.5, 2270.0], [88262.5, 44810.0], [88245.0, 68540.0]], "asks": [[88540.0, 900.0], [88542.5, 3000.0], [88550.0, 40.0], [88570.0, 1350.0], [88572.5, 4520.0], [88575.0, 10.0], [88602.5, 1620.0], [88605.0, 2000.0], [88617.5, 1830.0], [88620.0, 6130.0], [88627.5, 30.0], [88630.0, 5410.0], [88632.5, 16120.0], [88635.0, 2000.0], [88645.0, 80.0], [88662.5, 600.0], [88665.0, 2000.0], [88685.0, 5590.0], [88687.5, 18730.0], [88727.5, 10910.0]]}}}
{"jsonrpc": "2.0", "method": "subscription", "params": {"channel": "book.BTC-2JAN26.none.20.100ms", "data": {"timestamp": 1766455506607, "change_id": 132961705346, "instrument_name": "BTC-2JAN26", "bids": [[88505.0, 900.0], [88502.5, 3020.0], [88490.0, 6340.0], [88487.5, 21230.0], [88472.5, 8100.0], [88470.0, 54790.0], [88467.5, 16030.0], [88460.0, 570.0], [88457.5, 2000.0], [88432.5, 1920.0], [88430.0, 6430.0], [88427.5, 300.0], [88425.0, 1020.0], [88287.5, 1810.0], [88285.0, 6060.0], [88272.5, 2720.0], [88270.0, 9110.0], [88267.5, 2270.0], [88262.5, 44810.0], [88245.0, 68540.0]], "asks": [[88540.0, 900.0], [88542.5, 3000.0], [88550.0, 40.0], [88555.0, 8010.0], [88557.5, 42500.0], [88570.0, 1350.0], [88572.5, 4520.0], [88575.0, 10.0], [88602.5, 1620.0], [88605.0, 2000.0], [88617.5, 1830.0], [88620.0, 6130.0], [88627.5, 30.0], [88630.0, 5410.0], [88632.5, 16120.0], [88635.0, 2000.0], [88645.0, 80.0], [88662.5, 600.0], [88665.0, 2000.0], [88685.0, 5590.0]]}}}
{"jsonrpc": "2.0", "method": "subscription", "params": {"channel": "book.BTC-2JAN26.none.20.100ms", "data": {"timestamp": 1766455507024, "change_id": 132961705957, "instrument_name": "BTC-2JAN26", "bids": [[88505.0, 900.0], [88502.5, 3020.0], [88490.0, 10210.0], [88487.5, 21230.0], [88485.0, 21230.0], [88472.5, 8100.0], [88470.0, 54790.0], [88467.5, 16030.0], [88460.0, 570.0], [88457.5, 2000.0], [88432.5, 1920.0], [88430.0, 6430.0], [88427.5, 300.0], [88425.0, 1020.0], [88287.5, 1810.0], [88285.0, 6060.0], [88272.5, 2720.0], [88270.0, 9110.0], [88267.5, 2270.0], [88262.5, 44810.0]], "asks": [[88540.0, 900.0], [88542.5, 3000.0], [88550.0, 40.0], [88570.0, 1350.0], [88572.5, 4520.0], [88575.0, 10.0], [88602.5, 1620.0], [88605.0, 2000.0], [88617.5, 1830.0], [88620.0, 6130.0], [88627.5, 30.0], [88630.0, 5410.0], [88632.5, 16120.0], [88635.0, 2000.0], [88645.0, 80.0], [88662.5, 600.0], [88665.0, 2000.0], [88685.0, 5590.0], [88687.5, 18730.0], [88727.5, 10910.0]]}}}
{"jsonrpc": "2.0", "method": "subscription", "params": {"channel": "book.BTC-2JAN26.none.20.100ms", "data": {"timestamp": 1766455507252, "change_id": 132961706431, "instrument_name": "BTC-2JAN26", "bids": [[88505.0, 900.0], [88502.5, 3020.0], [88490.0, 6340.0], [88487.5, 21230.0], [88472.5, 8100.0], [88470.0, 54790.0], [88467.5, 16030.0], [88460.0, 570.0], [88457.5, 2000.0], [88432.5, 1920.0], [88430.0, 6430.0], [88427.5, 300.0], [88425.0, 1020.0], [88287.5, 1810.0], [88285.0, 6060.0], [88272.5, 2720.0], [88270.0, 9110.0], [88267.5, 2270.0], [88262.5, 44810.0], [88245.0, 68540.0]], "asks": [[88540.0, 900.0], [88542.5, 3000.0], [88550.0, 40.0], [88570.0, 1350.0], [88572.5, 4520.0], [88575.0, 10.0], [88600.0, 300.0], [88602.5, 1020.0], [88617.5, 1830.0], [88620.0, 8130.0], [88627.5, 30.0], [88630.0, 5410.0], [88632.5, 16120.0], [88645.0, 80.0], [88647.5, 600.0], [88650.0, 2000.0], [88677.5, 600.0], [88680.0, 2000.0], [88685.0, 5590.0], [88687.5, 18730.0]]}}}
{"jsonrpc": "2.0", "method": "subscription", "params": {"channel": "book.BTC-2JAN26.none.20.100ms", "data": {"timestamp": 1766455507717, "change_id": 132961707209, "instrument_name": "BTC-2JAN26", "bids": [[88512.5, 900.0], [88510.0, 3000.0], [88502.5, 20.0], [88490.0, 6340.0], [88487.5, 21230.0], [88472.5, 8100.0], [88470.0, 54780.0], [88467.5, 16030.0], [88460.0, 570.0], [88457.5, 2000.0], [88432.5, 1920.0], [88430.0, 6430.0], [88427.5, 300.0], [88425.0, 1020.0], [88287.5, 1810.0], [88285.0, 6060.0], [88272.5, 2720.0], [88270.0, 9110.0], [88267.5, 2270.0], [88262.5, 44810.0]], "asks": [[88540.0, 900.0], [88542.5, 3000.0], [88550.0, 40.0], [88555.0, 5130.0], [88557.5, 17200.0], [88560.0, 3700.0], [88562.5, 21250.0], [88570.0, 1350.0], [88572.5, 4520.0], [88575.0, 10.0], [88600.0, 300.0], [88602.5, 1020.0], [88617.5, 1830.0], [88620.0, 8130.0], [88627.5, 30.0], [88630.0, 5410.0], [88632.5, 16120.0], [88645.0, 80.0], [88647.5, 600.0], [88650.0, 2000.0]]}}}
{"jsonrpc": "2.0", "method": "subscription", "params": {"channel": "book.BTC-2JAN26.none.20.100ms", "data": {"timestamp": 1766455508293, "change_id": 132961708250, "instrument_name": "BTC-2JAN26", "bids": [[88512.5, 900.0], [88510.0, 3000.0], [88502.5, 20.0], [88497.5, 1590.0], [88495.0, 5340.0], [88490.0, 6340.0], [88487.5, 21230.0], [88472.5, 8100.0], [88470.0, 54780.0], [88467.5, 16030.0], [88460.0, 570.0], [88457.5, 2000.0], [88432.5, 1920.0], [88430.0, 6430.0], [88427.5, 300.0], [88425.0, 1020.0], [88287.5, 1810.0], [88285.0, 6060.0], [88272.5, 2720.0], [88270.0, 9110.0]], "asks": [[88540.0, 900.0], [88542.5, 3000.0], [88550.0, 40.0], [88555.0, 5130.0], [88557.5, 17200.0], [88560.0, 3700.0], [88562.5, 21250.0], [88570.0, 1350.0], [88572.5, 4520.0], [88575.0, 10.0], [88600.0, 300.0], [88602.5, 1020.0], [88617.5, 1830.0], [88620.0, 8130.0], [88627.5, 30.0], [88630.0, 5410.0], [88632.5, 16120.0], [88645.0, 80.0], [88647.5, 600.0], [88650.0, 2000.0]]}}}
{"jsonrpc": "2.0", "method": "subscription", "params": {"channel": "book.BTC-2JAN26.none.20.100ms", "data": {"timestamp": 1766455508726, "change_id": 132961710383, "instrument_name": "BTC-2JAN26", "bids": [[88522.5, 920.0], [88520.0, 3000.0], [88497.5, 1590.0], [88495.0, 5340.0], [88487.5, 21230.0], [88482.5, 10.0], [88467.5, 16030.0], [88457.5, 52000.0], [88455.0, 1020.0], [88325.0, 1350.0], [88322.5, 9060.0], [88277.5, 1920.0], [88270.0, 9110.0], [88267.5, 2270.0], [88262.5, 44810.0], [88245.0, 68540.0], [88242.5, 500.0], [88180.0, 36550.0], [88115.0, 36450.0], [88112.5, 50000.0]], "asks": [[88557.5, 900.0], [88560.0, 3000.0], [88565.0, 6010.0], [88567.5, 20000.0], [88600.0, 300.0], [88602.5, 1020.0], [88617.5, 1830.0], [88620.0, 6130.0], [88627.5, 30.0], [88630.0, 5410.0], [88632.5, 18120.0], [88645.0, 80.0], [88662.5, 2000.0], [88687.5, 18730.0], [88692.5, 2000.0], [88727.5, 10910.0], [88730.0, 36540.0], [88755.0, 42760.0], [88757.5, 8940.0], [88760.0, 11570.0]]}}}
{"jsonrpc": "2.0", "method": "subscription", "params": {"channel": "book.BTC-2JAN26.none.20.100ms", "data": {"timestamp": 1766455509051, "change_id": 132961711272, "instrument_name": "BTC-2JAN26", "bids": [[88522.5, 920.0], [88520.0, 3000.0], [88482.5, 10.0], [88467.5, 16030.0], [88457.5, 2000.0], [88455.0, 1020.0], [88322.5, 9060.0], [88272.5, 6430.0], [88270.0, 9110.0], [88267.5, 52270.0], [88262.5, 44810.0], [88245.0, 68540.0], [88242.5, 500.0], [88180.0, 36550.0], [88115.0, 36450.0], [88112.5, 50000.0], [88060.0, 20.0], [88030.0, 40.0], [88020.0, 20.0], [88015.0, 37940.0]], "asks": [[88560.0, 910.0], [88562.5, 3000.0], [88565.0, 5820.0], [88567.5, 20000.0], [88592.5, 10.0], [88602.5, 1020.0], [88620.0, 6130.0], [88627.5, 30.0], [88632.5, 2000.0], [88645.0, 80.0], [88662.5, 2000.0], [88670.0, 16130.0], [88687.5, 18730.0], [88692.5, 2000.0], [88730.0, 36540.0], [88755.0, 42760.0], [88757.5, 8940.0], [88762.5, 38270.0], [88765.0, 500.0], [88772.5, 50000.0]]}}}
{"jsonrpc": "2.0", "method": "subscription", "params": {"channel": "book.BTC-2JAN26.none.20.100ms", "data": {"timestamp": 1766455509339, "change_id": 132961711920, "instrument_name": "BTC-2JAN26", "bids": [[88522.5, 920.0], [88520.0, 3000.0], [88490.0, 10.0], [88482.5, 10.0], [88467.5, 16030.0], [88457.5, 2000.0], [88455.0, 1020.0], [88322.5, 4530.0], [88272.5, 56430.0], [88270.0, 45560.0], [88267.5, 2270.0], [88262.5, 44810.0], [88245.0, 68540.0], [88242.5, 500.0], [88180.0, 36550.0], [88112.5, 50000.0], [88060.0, 20.0], [88030.0, 40.0], [88020.0, 20.0], [88015.0, 37940.0]], "asks": [[88560.0, 910.0], [88562.5, 3000.0], [88565.0, 5820.0], [88567.5, 20000.0], [88592.5, 10.0], [88602.5, 1020.0], [88620.0, 6130.0], [88627.5, 30.0], [88632.5, 2000.0], [88645.0, 80.0], [88662.5, 2000.0], [88670.0, 16130.0], [88687.5, 18730.0], [88692.5, 2000.0], [88730.0, 36540.0], [88755.0, 42760.0], [88757.5, 4470.0], [88762.5, 38270.0], [88765.0, 500.0], [88772.5, 50000.0]]}}}
{"jsonrpc": "2.0", "method": "subscription", "params": {"channel": "book.BTC-2JAN26.none.20.100ms", "data": {"timestamp": 1766455509675, "change_id": 132961712673, "instrument_name": "BTC-2JAN26", "bids": [[88522.5, 900.0], [88520.0, 3000.0], [88510.0, 20.0], [88490.0, 10.0], [88482.5, 10.0], [88467.5, 16030.0], [88457.5, 2000.0], [88455.0, 1020.0], [88327.5, 12490.0], [88322.5, 4530.0], [88272.5, 50000.0], [88270.0, 45560.0], [88267.5, 2270.0], [88262.5, 44810.0], [88245.0, 68540.0], [88242.5, 500.0], [88180.0, 36550.0], [88112.5, 50000.0], [88060.0, 20.0], [88030.0, 40.0]], "asks": [[88552.5, 900.0], [88555.0, 3040.0], [88565.0, 5780.0], [88567.5, 20000.0], [88575.0, 6140.0], [88577.5, 28930.0], [88602.5, 1020.0], [88620.0, 6130.0], [88627.5, 30.0], [88632.5, 2000.0], [88645.0, 80.0], [88662.5, 2000.0], [88670.0, 16130.0], [88687.5, 18730.0], [88692.5, 2000.0], [88730.0, 36540.0], [88755.0, 42760.0], [88757.5, 4470.0], [88762.5, 38270.0], [88765.0, 500.0]]}}}
{"jsonrpc": "2.0", "method": "subscription", "params": {"channel": "book.BTC-2JAN26.none.20.100ms", "data": {"timestamp": 1766455509839, "change_id": 132961713118, "instrument_name": "BTC-2JAN26", "bids": [[88512.5, 900.0], [88510.0, 3020.0], [88505.0, 6340.0], [88502.5, 21240.0], [88490.0, 10.0], [88482.5, 10.0], [88467.5, 16030.0], [88457.5, 52000.0], [88455.0, 1020.0], [88332.5, 12490.0], [88322.5, 4530.0], [88270.0, 45560.0], [88267.5, 2270.0], [88262.5, 44810.0], [88245.0, 68540.0], [88242.5, 500.0], [88180.0, 36550.0], [88112.5, 50000.0], [88060.0, 20.0], [88030.0, 40.0]], "asks": [[88545.0, 900.0], [88547.5, 3000.0], [88555.0, 40.0], [88565.0, 5780.0], [88567.5, 20000.0], [88575.0, 6140.0], [88577.5, 28930.0], [88602.5, 1020.0], [88620.0, 6130.0], [88627.5, 30.0], [88632.5, 2000.0], [88645.0, 80.0], [88662.5, 2000.0], [88670.0, 16130.0], [88687.5, 18730.0], [88692.5, 2000.0], [88730.0, 36540.0], [88755.0, 42760.0], [88757.5, 4470.0], [88762.5, 38270.0]]}}}
{"jsonrpc": "2.0", "method": "subscription", "params": {"channel": "book.BTC-2JAN26.none.20.100ms", "data": {"timestamp": 1766455510668, "change_id": 132961714266, "instrument_name": "BTC-2JAN26", "bids": [[88512.5, 900.0], [88510.0, 3020.0], [88505.0, 6340.0], [88502.5, 71240.0], [88500.0, 21240.0], [88490.0, 10.0], [88482.5, 10.0], [88470.0, 4780.0], [88467.5, 16030.0], [88457.5, 2000.0], [88455.0, 1020.0], [88335.0, 3730.0], [88332.5, 12490.0], [88322.5, 4530.0], [88270.0, 45560.0], [88267.5, 2270.0], [88262.5, 44810.0], [88245.0, 68540.0], [88242.5, 500.0], [88180.0, 36550.0]], "asks": [[88545.0, 900.0], [88547.5, 3000.0], [88555.0, 40.0], [88565.0, 5780.0], [88567.5, 20000.0], [88575.0, 6140.0], [88577.5, 28930.0], [88602.5, 1020.0], [88617.5, 1830.0], [88620.0, 6130.0], [88627.5, 30.0], [88632.5, 2000.0], [88645.0, 80.0], [88662.5, 2000.0], [88667.5, 4810.0], [88670.0, 16130.0], [88687.5, 18730.0], [88692.5, 2000.0], [88730.0, 36540.0], [88755.0, 42760.0]]}}}
{"jsonrpc": "2.0", "method": "subscription", "params": {"channel": "book.BTC-2JAN26.none.20.100ms", "data": {"timestamp": 1766455510985, "change_id": 132961714659, "instrument_name": "BTC-2JAN26", "bids": [[88512.5, 900.0], [88510.0, 3020.0], [88505.0, 6340.0], [88502.5, 71240.0], [88500.0, 21240.0], [88490.0, 10.0], [88482.5, 10.0], [88470.0, 4780.0], [88467.5, 16030.0], [88457.5, 2000.0], [88455.0, 1020.0], [88335.0, 3730.0], [88332.5, 12490.0], [88322.5, 4530.0], [88270.0, 45560.0], [88267.5, 2270.0], [88262.5, 44810.0], [88245.0, 68540.0], [88242.5, 500.0], [88180.0, 36550.0]], "asks": [[88545.0, 900.0], [88547.5, 3000.0], [88555.0, 40.0], [88575.0, 6140.0], [88577.5, 28930.0], [88602.5, 1020.0], [88617.5, 1830.0], [88620.0, 6130.0], [88627.5, 30.0], [88632.5, 2000.0], [88645.0, 80.0], [88662.5, 2000.0], [88667.5, 4810.0], [88670.0, 16130.0], [88687.5, 18730.0], [88692.5, 2000.0], [88727.5, 10910.0], [88730.0, 36540.0], [88755.0, 42760.0], [88757.5, 4470.0]]}}}
{"jsonrpc": "2.0", "method": "subscription", "params": {"channel": "book.BTC-2JAN26.none.20.100ms", "data": {"timestamp": 1766455511263, "change_id": 132961715712, "instrument_name": "BTC-2JAN26", "bids": [[88512.5, 900.0], [88510.0, 3020.0], [88505.0, 6340.0], [88502.5, 50000.0], [88500.0, 21240.0], [88485.0, 10.0], [88482.5, 10.0], [88470.0, 4780.0], [88467.5, 16030.0], [88457.5, 2000.0], [88422.5, 300.0], [88420.0, 1020.0], [88335.0, 3730.0], [88332.5, 12490.0], [88322.5, 4530.0], [88270.0, 45560.0], [88267.5, 2270.0], [88262.5, 44810.0], [88245.0, 68540.0], [88242.5, 500.0]], "asks": [[88537.5, 900.0], [88540.0, 3000.0], [88545.0, 40.0], [88575.0, 8140.0], [88577.5, 28930.0], [88602.5, 1020.0], [88620.0, 6130.0], [88627.5, 30.0], [88632.5, 2000.0], [88645.0, 80.0], [88662.5, 2000.0], [88667.5, 4810.0], [88670.0, 16130.0], [88687.5, 18730.0], [88692.5, 2000.0], [88730.0, 36540.0], [88755.0, 42760.0], [88757.5, 4470.0], [88762.5, 38270.0], [88765.0, 500.0]]}}}
{"jsonrpc": "2.0", "method": "subscription", "params": {"channel": "book.BTC-2JAN26.none.20.100ms", "data": {"timestamp": 1766455511492, "change_id": 132961715940, "instrument_name": "BTC-2JAN26", "bids": [[88502.5, 900.0], [88500.0, 3000.0], [88497.5, 20.0], [88485.0, 10.0], [88482.5, 10.0], [88470.0, 4780.0], [88467.5, 16030.0], [88457.5, 2000.0], [88422.5, 300.0], [88420.0, 1020.0], [88335.0, 3730.0], [88332.5, 62490.0], [88322.5, 4530.0], [88270.0, 45560.0], [88267.5, 2270.0], [88262.5, 44810.0], [88245.0, 68540.0], [88242.5, 500.0], [88180.0, 36550.0], [88112.5, 50000.0]], "asks": [[88537.5, 900.0], [88540.0, 3000.0], [88545.0, 40.0], [88575.0, 8140.0], [88577.5, 28930.0], [88602.5, 1020.0], [88620.0, 6130.0], [88627.5, 30.0], [88632.5, 2000.0], [88645.0, 80.0], [88662.5, 2000.0], [88667.5, 4810.0], [88670.0, 16130.0], [88687.5, 18730.0], [88692.5, 2000.0], [88730.0, 36540.0], [88755.0, 42760.0], [88757.5, 4470.0], [88762.5, 38270.0], [88765.0, 500.0]]}}}
{"jsonrpc": "2.0", "method": "subscription", "params": {"channel": "book.BTC-2JAN26.none.20.100ms", "data": {"timestamp": 1766455511805, "change_id": 132961716838, "instrument_name": "BTC-2JAN26", "bids": [[88502.5, 900.0], [88500.0, 3000.0], [88497.5, 20.0], [88485.0, 10.0], [88482.5, 10.0], [88470.0, 4780.0], [88467.5, 16030.0], [88460.0, 600.0], [88457.5, 2000.0], [88422.5, 300.0], [88420.0, 1020.0], [88335.0, 18180.0], [88332.5, 62490.0], [88322.5, 4530.0], [88270.0, 45560.0], [88267.5, 2270.0], [88262.5, 44810.0], [88245.0, 68540.0], [88242.5, 500.0], [88180.0, 36550.0]], "asks": [[88537.5, 900.0], [88540.0, 3000.0], [88545.0, 40.0], [88600.0, 300.0], [88602.5, 1020.0], [88620.0, 6130.0], [88627.5, 30.0], [88630.0, 600.0], [88632.5, 2000.0], [88645.0, 80.0], [88660.0, 600.0], [88662.5, 2000.0], [88667.5, 4810.0], [88670.0, 16130.0], [88687.5, 18730.0], [88690.0, 600.0], [88692.5, 2000.0], [88730.0, 36540.0], [88755.0, 42760.0], [88757.5, 4470.0]]}}}
{"jsonrpc": "2.0", "method": "subscription", "params": {"channel": "book.BTC-2JAN26.none.20.100ms", "data": {"timestamp": 1766455512348, "change_id": 132961718059, "instrument_name": "BTC-2JAN26", "bids": [[88517.5, 20.0], [88502.5, 900.0], [88500.0, 3000.0], [88485.0, 10.0], [88482.5, 10.0], [88470.0, 4780.0], [88467.5, 16030.0], [88460.0, 600.0], [88457.5, 2000.0], [88427.5, 1920.0], [88425.0, 6430.0], [88422.5, 300.0], [88420.0, 1020.0], [88340.0, 1810.0], [88337.5, 6060.0], [88335.0, 18180.0], [88332.5, 50000.0], [88325.0, 1350.0], [88322.5, 4530.0], [88270.0, 45560.0]], "asks": [[88560.0, 40.0], [88562.5, 5970.0], [88565.0, 20000.0], [88600.0, 310.0], [88602.5, 1020.0], [88617.5, 1830.0], [88620.0, 6130.0], [88627.5, 30.0], [88630.0, 600.0], [88632.5, 2000.0], [88645.0, 80.0], [88660.0, 600.0], [88662.5, 2000.0], [88667.5, 4810.0], [88670.0, 16130.0], [88690.0, 600.0], [88692.5, 2000.0], [88730.0, 5590.0], [88732.5, 18730.0], [88752.5, 12760.0]]}}}
{"jsonrpc": "2.0", "method": "subscription", "params": {"channel": "book.BTC-2JAN26.none.20.100ms", "data": {"timestamp": 1766455512537, "change_id": 132961718620, "instrument_name": "BTC-2JAN26", "bids": [[88505.0, 20.0], [88502.5, 900.0], [88500.0, 3000.0], [88485.0, 10.0], [88482.5, 61870.0], [88480.0, 42460.0], [88470.0, 4780.0], [88467.5, 16030.0], [88460.0, 600.0], [88457.5, 2000.0], [88427.5, 1920.0], [88425.0, 6430.0], [88422.5, 300.0], [88420.0, 1020.0], [88340.0, 1810.0], [88337.5, 6060.0], [88325.0, 1350.0], [88322.5, 4530.0], [88270.0, 45560.0], [88267.5, 2270.0]], "asks": [[88550.0, 40.0], [88562.5, 5970.0], [88565.0, 20000.0], [88600.0, 300.0], [88602.5, 1020.0], [88617.5, 1830.0], [88620.0, 6130.0], [88627.5, 30.0], [88630.0, 600.0], [88632.5, 2000.0], [88645.0, 80.0], [88660.0, 600.0], [88662.5, 2000.0], [88667.5, 4810.0], [88670.0, 16130.0], [88690.0, 600.0], [88692.5, 2000.0], [88730.0, 5590.0], [88732.5, 18730.0], [88752.5, 12760.0]]}}}
{"jsonrpc": "2.0", "method": "subscription", "params": {"channel": "book.BTC-2JAN26.none.20.100ms", "data": {"timestamp": 1766455512945, "change_id": 132961719959, "instrument_name": "BTC-2JAN26", "bids": [[88515.0, 20.0], [88502.5, 900.0], [88500.0, 3000.0], [88490.0, 600.0], [88487.5, 2000.0], [88485.0, 10.0], [88482.5, 10.0], [88470.0, 4780.0], [88467.5, 16030.0], [88437.5, 1920.0], [88435.0, 6430.0], [88427.5, 14930.0], [88425.0, 50300.0], [88422.5, 1020.0], [88350.0, 1810.0], [88347.5, 6060.0], [88325.0, 1350.0], [88322.5, 4530.0], [88270.0, 45560.0], [88267.5, 2270.0]], "asks": [[88562.5, 6010.0], [88565.0, 20000.0], [88572.5, 4890.0], [88575.0, 42500.0], [88592.5, 10.0], [88600.0, 300.0], [88602.5, 1020.0], [88617.5, 1830.0], [88620.0, 6130.0], [88627.5, 30.0], [88630.0, 600.0], [88632.5, 2000.0], [88645.0, 80.0], [88660.0, 600.0], [88662.5, 2000.0], [88667.5, 4810.0], [88670.0, 16130.0], [88690.0, 600.0], [88692.5, 2000.0], [88730.0, 5590.0]]}}}
{"jsonrpc": "2.0", "method": "subscription", "params": {"channel": "book.BTC-2JAN26.none.20.100ms", "data": {"timestamp": 1766455513172, "change_id": 132961720571, "instrument_name": "BTC-2JAN26", "bids": [[88522.5, 3000.0], [88515.0, 20.0], [88490.0, 600.0], [88487.5, 2000.0], [88482.5, 10.0], [88470.0, 4780.0], [88467.5, 16030.0], [88437.5, 1920.0], [88435.0, 6430.0], [88425.0, 300.0], [88422.5, 1020.0], [88350.0, 16500.0], [88347.5, 56060.0], [88325.0, 1350.0], [88322.5, 4530.0], [88270.0, 45560.0], [88267.5, 2270.0], [88262.5, 44810.0], [88245.0, 68540.0], [88242.5, 500.0]], "asks": [[88557.5, 900.0], [88560.0, 3000.0], [88562.5, 6010.0], [88565.0, 20000.0], [88572.5, 4890.0], [88575.0, 42500.0], [88592.5, 10.0], [88600.0, 300.0], [88602.5, 1020.0], [88617.5, 1830.0], [88620.0, 6130.0], [88627.5, 30.0], [88630.0, 600.0], [88632.5, 2000.0], [88645.0, 80.0], [88660.0, 600.0], [88662.5, 2000.0], [88667.5, 4810.0], [88670.0, 16130.0], [88690.0, 600.0]]}}}
{"jsonrpc": "2.0", "method": "subscription", "params": {"channel": "book.BTC-2JAN26.none.20.100ms", "data": {"timestamp": 1766455513542, "change_id": 132961721462, "instrument_name": "BTC-2JAN26", "bids": [[88525.0, 920.0], [88522.5, 3000.0], [88490.0, 600.0], [88487.5, 2000.0], [88482.5, 10.0], [88470.0, 4780.0], [88467.5, 16030.0], [88455.0, 300.0], [88452.5, 1020.0], [88437.5, 1920.0], [88435.0, 6430.0], [88350.0, 16500.0], [88347.5, 56060.0], [88325.0, 1350.0], [88322.5, 4530.0], [88270.0, 45560.0], [88267.5, 2270.0], [88262.5, 44810.0], [88245.0, 68540.0], [88242.5, 500.0]], "asks": [[88557.5, 900.0], [88560.0, 3000.0], [88562.5, 6010.0], [88565.0, 20000.0], [88572.5, 4890.0], [88575.0, 42500.0], [88592.5, 10.0], [88600.0, 300.0], [88602.5, 1020.0], [88617.5, 1830.0], [88620.0, 6130.0], [88627.5, 30.0], [88630.0, 600.0], [88632.5, 2000.0], [88645.0, 80.0], [88660.0, 600.0], [88662.5, 2000.0], [88667.5, 4810.0], [88670.0, 16130.0], [88690.0, 600.0]]}}}
{"jsonrpc": "2.0", "method": "subscription", "params": {"channel": "book.BTC-2JAN26.none.20.100ms", "data": {"timestamp": 1766455513952, "change_id": 132961722041, "instrument_name": "BTC-2JAN26", "bids": [[88525.0, 920.0], [88522.5, 3000.0], [88490.0, 610.0], [88487.5, 2000.0], [88482.5, 10.0], [88470.0, 4780.0], [88467.5, 16030.0], [88455.0, 300.0], [88452.5, 1020.0], [88437.5, 1920.0], [88435.0, 6430.0], [88350.0, 16500.0], [88347.5, 56060.0], [88325.0, 1350.0], [88322.5, 4530.0], [88270.0, 45560.0], [88267.5, 2270.0], [88262.5, 44810.0], [88245.0, 68540.0], [88242.5, 500.0]], "asks": [[88557.5, 900.0], [88560.0, 3000.0], [88562.5, 6010.0], [88565.0, 20000.0], [88592.5, 10.0], [88600.0, 300.0], [88602.5, 1020.0], [88617.5, 1830.0], [88620.0, 6130.0], [88627.5, 30.0], [88630.0, 600.0], [88632.5, 2000.0], [88645.0, 80.0], [88660.0, 600.0], [88662.5, 2000.0], [88667.5, 4810.0], [88670.0, 16130.0], [88690.0, 600.0], [88692.5, 2000.0], [88732.5, 18730.0]]}}}
{"jsonrpc": "2.0", "method": "subscription", "params": {"channel": "book.BTC-2JAN26.none.20.100ms", "data": {"timestamp": 1766455514344, "change_id": 132961723326, "instrument_name": "BTC-2JAN26", "bids": [[88525.0, 920.0], [88522.5, 3000.0], [88490.0, 610.0], [88487.5, 2000.0], [88470.0, 4780.0], [88467.5, 16030.0], [88455.0, 300.0], [88452.5, 1020.0], [88437.5, 1920.0], [88435.0, 6430.0], [88350.0, 16500.0], [88347.5, 56060.0], [88325.0, 1350.0], [88322.5, 4530.0], [88270.0, 45560.0], [88267.5, 2270.0], [88262.5, 44810.0], [88245.0, 68540.0], [88242.5, 500.0], [88180.0, 36550.0]], "asks": [[88557.5, 900.0], [88560.0, 3000.0], [88562.5, 5970.0], [88565.0, 20000.0], [88575.0, 40.0], [88617.5, 1830.0], [88620.0, 6130.0], [88627.5, 30.0], [88630.0, 300.0], [88632.5, 1020.0], [88640.0, 620.0], [88642.5, 2000.0], [88645.0, 80.0], [88667.5, 4810.0], [88670.0, 16730.0], [88672.5, 2000.0], [88700.0, 600.0], [88702.5, 2000.0], [88730.0, 5590.0], [88732.5, 18730.0]]}}}
{"jsonrpc": "2.0", "method": "subscription", "params": {"channel": "book.BTC-2JAN26.none.20.100ms", "data": {"timestamp": 1766455514513, "change_id": 132961724235, "instrument_name": "BTC-2JAN26", "bids": [[88532.5, 900.0], [88530.0, 3000.0], [88525.0, 20.0], [88515.0, 9180.0], [88512.5, 21240.0], [88510.0, 54240.0], [88507.5, 21240.0], [88500.0, 10.0], [88492.5, 10.0], [88490.0, 600.0], [88487.5, 2000.0], [88470.0, 4780.0], [88467.5, 16030.0], [88457.5, 1920.0], [88455.0, 6730.0], [88452.5, 1020.0], [88355.0, 1810.0], [88352.5, 6060.0], [88325.0, 1350.0], [88322.5, 4530.0]], "asks": [[88557.5, 900.0], [88560.0, 3000.0], [88575.0, 40.0], [88617.5, 1830.0], [88620.0, 6130.0], [88627.5, 30.0], [88630.0, 300.0], [88632.5, 1020.0], [88640.0, 620.0], [88642.5, 2000.0], [88645.0, 80.0], [88667.5, 4810.0], [88670.0, 16730.0], [88672.5, 2000.0], [88700.0, 600.0], [88702.5, 2000.0], [88730.0, 5590.0], [88732.5, 18730.0], [88755.0, 42760.0], [88757.5, 4470.0]]}}}
{"jsonrpc": "2.0", "method": "subscription", "params": {"channel": "book.BTC-2JAN26.none.20.100ms", "data": {"timestamp": 1766455514949, "change_id": 132961724661, "instrument_name": "BTC-2JAN26", "bids": [[88532.5, 900.0], [88530.0, 3000.0], [88525.0, 20.0], [88515.0, 9180.0], [88512.5, 21240.0], [88510.0, 54240.0], [88507.5, 21240.0], [88500.0, 10.0], [88490.0, 600.0], [88487.5, 2000.0], [88470.0, 4780.0], [88467.5, 16030.0], [88457.5, 1920.0], [88455.0, 6730.0], [88452.5, 1020.0], [88355.0, 1810.0], [88352.5, 6060.0], [88325.0, 1350.0], [88322.5, 4530.0], [88295.0, 500.0]], "asks": [[88557.5, 900.0], [88560.0, 3000.0], [88575.0, 40.0], [88617.5, 1830.0], [88620.0, 6130.0], [88627.5, 30.0], [88630.0, 300.0], [88632.5, 1020.0], [88640.0, 620.0], [88642.5, 2000.0], [88645.0, 80.0], [88667.5, 4810.0], [88670.0, 16730.0], [88672.5, 2000.0], [88700.0, 600.0], [88702.5, 2000.0], [88730.0, 5590.0], [88732.5, 18730.0], [88755.0, 42760.0], [88757.5, 4470.0]]}}}
{"jsonrpc": "2.0", "method": "subscription", "params": {"channel": "book.BTC-2JAN26.none.20.100ms", "data": {"timestamp": 1766455515650, "change_id": 132961725707, "instrument_name": "BTC-2JAN26", "bids": [[88532.5, 900.0], [88530.0, 3000.0], [88525.0, 20.0], [88515.0, 9180.0], [88512.5, 21240.0], [88510.0, 54240.0], [88507.5, 21240.0], [88502.5, 10.0], [88500.0, 10.0], [88490.0, 600.0], [88487.5, 2000.0], [88470.0, 4780.0], [88467.5, 16030.0], [88457.5, 1920.0], [88455.0, 6730.0], [88452.5, 1020.0], [88355.0, 1810.0], [88352.5, 6060.0], [88325.0, 1350.0], [88322.5, 4530.0]], "asks": [[88557.5, 900.0], [88560.0, 3000.0], [88575.0, 6380.0], [88577.5, 21250.0], [88580.0, 21250.0], [88617.5, 1830.0], [88620.0, 6130.0], [88627.5, 30.0], [88630.0, 300.0], [88632.5, 1020.0], [88640.0, 620.0], [88642.5, 2000.0], [88645.0, 80.0], [88667.5, 4810.0], [88670.0, 16730.0], [88672.5, 2000.0], [88700.0, 600.0], [88702.5, 2000.0], [88730.0, 5590.0], [88732.5, 18730.0]]}}}
{"jsonrpc": "2.0", "method": "subscription", "params": {"channel": "book.BTC-2JAN26.none.20.100ms", "data": {"timestamp": 1766455515841, "change_id": 132961726161, "instrument_name": "BTC-2JAN26", "bids": [[88532.5, 900.0], [88530.0, 3000.0], [88525.0, 20.0], [88515.0, 9180.0], [88512.5, 21240.0], [88510.0, 54240.0], [88507.5, 21240.0], [88502.5, 10.0], [88500.0, 10.0], [88490.0, 600.0], [88487.5, 2000.0], [88470.0, 4780.0], [88467.5, 16030.0], [88457.5, 1920.0], [88455.0, 6730.0], [88452.5, 1020.0], [88355.0, 1810.0], [88352.5, 6060.0], [88325.0, 1350.0], [88322.5, 4530.0]], "asks": [[88567.5, 900.0], [88570.0, 3000.0], [88575.0, 6380.0], [88577.5, 21250.0], [88580.0, 21250.0], [88602.5, 10.0], [88617.5, 1830.0], [88620.0, 6130.0], [88627.5, 30.0], [88630.0, 300.0], [88632.5, 1020.0], [88640.0, 620.0], [88642.5, 2000.0], [88645.0, 80.0], [88667.5, 4810.0], [88670.0, 16730.0], [88672.5, 2000.0], [88700.0, 600.0], [88702.5, 2000.0], [88730.0, 5590.0]]}}}
{"jsonrpc": "2.0", "method": "subscription", "params": {"channel": "book.BTC-2JAN26.none.20.100ms", "data": {"timestamp": 1766455517231, "change_id": 132961727754, "instrument_name": "BTC-2JAN26", "bids": [[88532.5, 900.0], [88530.0, 3000.0], [88525.0, 20.0], [88515.0, 9180.0], [88512.5, 21240.0], [88510.0, 54240.0], [88507.5, 21240.0], [88502.5, 10.0], [88500.0, 10.0], [88490.0, 600.0], [88487.5, 2000.0], [88470.0, 4780.0], [88467.5, 16030.0], [88457.5, 1920.0], [88455.0, 6730.0], [88452.5, 1020.0], [88355.0, 1810.0], [88352.5, 6060.0], [88325.0, 1350.0], [88322.5, 4530.0]], "asks": [[88567.5, 900.0], [88570.0, 3000.0], [88575.0, 40.0], [88602.5, 10.0], [88617.5, 1830.0], [88620.0, 6130.0], [88627.5, 30.0], [88630.0, 300.0], [88632.5, 1020.0], [88640.0, 620.0], [88642.5, 2000.0], [88645.0, 80.0], [88667.5, 4810.0], [88670.0, 16730.0], [88672.5, 2000.0], [88700.0, 600.0], [88702.5, 2000.0], [88730.0, 5590.0], [88732.5, 18730.0], [88755.0, 42760.0]]}}}
{"jsonrpc": "2.0", "method": "subscription", "params": {"channel": "book.BTC-2JAN26.none.20.100ms", "data": {"timestamp": 1766455517544, "change_id": 132961728179, "instrument_name": "BTC-2JAN26", "bids": [[88532.5, 900.0], [88530.0, 3000.0], [88525.0, 20.0], [88515.0, 6340.0], [88512.5, 21240.0], [88502.5, 10.0], [88500.0, 10.0], [88490.0, 10710.0], [88487.5, 2000.0], [88485.0, 50000.0], [88470.0, 4780.0], [88467.5, 16030.0], [88457.5, 1920.0], [88455.0, 6730.0], [88452.5, 1020.0], [88355.0, 1810.0], [88352.5, 6060.0], [88325.0, 1350.0], [88322.5, 4530.0], [88295.0, 500.0]], "asks": [[88567.5, 900.0], [88570.0, 3000.0], [88575.0, 40.0], [88602.5, 10.0], [88617.5, 1830.0], [88620.0, 6130.0], [88627.5, 30.0], [88630.0, 300.0], [88632.5, 1020.0], [88640.0, 620.0], [88642.5, 2000.0], [88645.0, 80.0], [88667.5, 4810.0], [88670.0, 16730.0], [88672.5, 2000.0], [88700.0, 600.0], [88702.5, 2000.0], [88730.0, 5590.0], [88732.5, 18730.0], [88755.0, 42760.0]]}}}
{"jsonrpc": "2.0", "method": "subscription", "params": {"channel": "book.BTC-2JAN26.none.20.100ms", "data": {"timestamp": 1766455517853, "change_id": 132961728651, "instrument_name": "BTC-2JAN26", "bids": [[88532.5, 900.0], [88530.0, 3000.0], [88525.0, 20.0], [88515.0, 6340.0], [88512.5, 21240.0], [88502.5, 10.0], [88500.0, 10.0], [88490.0, 10710.0], [88487.5, 2000.0], [88485.0, 50000.0], [88470.0, 4780.0], [88467.5, 16030.0], [88457.5, 1920.0], [88455.0, 6730.0], [88452.5, 1020.0], [88355.0, 1810.0], [88352.5, 6060.0], [88325.0, 1350.0], [88322.5, 4530.0], [88295.0, 500.0]], "asks": [[88560.0, 900.0], [88562.5, 3000.0], [88575.0, 40.0], [88587.5, 6350.0], [88590.0, 21260.0], [88617.5, 1830.0], [88620.0, 6130.0], [88627.5, 30.0], [88630.0, 300.0], [88632.5, 1020.0], [88640.0, 620.0], [88642.5, 2000.0], [88645.0, 80.0], [88667.5, 4810.0], [88670.0, 16730.0], [88672.5, 2000.0], [88700.0, 600.0], [88702.5, 2000.0], [88730.0, 5590.0], [88732.5, 18730.0]]}}}
{"jsonrpc": "2.0", "method": "subscription", "params": {"channel": "book.BTC-2JAN26.none.20.100ms", "data": {"timestamp": 1766455518117, "change_id": 132961729029, "instrument_name": "BTC-2JAN26", "bids": [[88532.5, 900.0], [88530.0, 3000.0], [88525.0, 20.0], [88515.0, 6340.0], [88512.5, 21240.0], [88502.5, 10.0], [88500.0, 10.0], [88490.0, 10710.0], [88487.5, 2000.0], [88485.0, 50000.0], [88470.0, 4780.0], [88467.5, 16030.0], [88457.5, 1920.0], [88455.0, 6730.0], [88452.5, 1020.0], [88355.0, 1810.0], [88352.5, 6060.0], [88325.0, 1350.0], [88322.5, 4530.0], [88295.0, 500.0]], "asks": [[88560.0, 900.0], [88562.5, 3000.0], [88575.0, 40.0], [88617.5, 1830.0], [88620.0, 6130.0], [88627.5, 30.0], [88630.0, 300.0], [88632.5, 1020.0], [88640.0, 620.0], [88642.5, 2000.0], [88645.0, 80.0], [88667.5, 4810.0], [88670.0, 16730.0], [88672.5, 2000.0], [88700.0, 600.0], [88702.5, 2000.0], [88730.0, 5590.0], [88732.5, 18730.0], [88755.0, 42760.0], [88757.5, 4470.0]]}}}
{"jsonrpc": "2.0", "method": "subscription", "params": {"channel": "book.BTC-2JAN26.none.20.100ms", "data": {"timestamp": 1766455518504, "change_id": 132961729385, "instrument_name": "BTC-2JAN26", "bids": [[88532.5, 900.0], [88530.0, 3000.0], [88525.0, 20.0], [88517.5, 6340.0], [88515.0, 77580.0], [88512.5, 21240.0], [88502.5, 10.0], [88500.0, 10.0], [88490.0, 600.0], [88487.5, 2000.0], [88470.0, 4780.0], [88467.5, 16030.0], [88457.5, 1920.0], [88455.0, 6730.0], [88452.5, 1020.0], [88355.0, 1810.0], [88352.5, 6060.0], [88325.0, 1350.0], [88322.5, 4530.0], [88295.0, 500.0]], "asks": [[88560.0, 900.0], [88562.5, 3000.0], [88565.0, 40.0], [88577.5, 6340.0], [88580.0, 23620.0], [88582.5, 21250.0], [88617.5, 1830.0], [88620.0, 6130.0], [88627.5, 30.0], [88630.0, 300.0], [88632.5, 1020.0], [88640.0, 620.0], [88642.5, 2000.0], [88645.0, 80.0], [88667.5, 4810.0], [88670.0, 16730.0], [88672.5, 2000.0], [88700.0, 600.0], [88702.5, 2000.0], [88730.0, 5590.0]]}}}
{"jsonrpc": "2.0", "method": "subscription", "params": {"channel": "book.BTC-2JAN26.none.20.100ms", "data": {"timestamp": 1766455520203, "change_id": 132961731516, "instrument_name": "BTC-2JAN26", "bids": [[88532.5, 900.0], [88530.0, 3000.0], [88525.0, 20.0], [88517.5, 6340.0], [88515.0, 77580.0], [88512.5, 21240.0], [88502.5, 10.0], [88500.0, 10.0], [88490.0, 600.0], [88487.5, 2000.0], [88475.0, 1920.0], [88472.5, 6430.0], [88470.0, 4780.0], [88467.5, 16030.0], [88455.0, 300.0], [88452.5, 1020.0], [88405.0, 6060.0], [88325.0, 1350.0], [88322.5, 4530.0], [88295.0, 500.0]], "asks": [[88560.0, 900.0], [88562.5, 3000.0], [88565.0, 40.0], [88577.5, 6340.0], [88580.0, 23620.0], [88582.5, 21250.0], [88617.5, 1830.0], [88620.0, 6130.0], [88627.5, 30.0], [88630.0, 300.0], [88632.5, 1020.0], [88640.0, 620.0], [88642.5, 2000.0], [88645.0, 80.0], [88667.5, 4810.0], [88670.0, 16730.0], [88672.5, 2000.0], [88700.0, 600.0], [88702.5, 2000.0], [88730.0, 5590.0]]}}}
{"jsonrpc": "2.0", "method": "subscription", "params": {"channel": "book.BTC-2JAN26.none.20.100ms", "data": {"timestamp": 1766455521496, "change_id": 132961733247, "instrument_name": "BTC-2JAN26", "bids": [[88525.0, 20.0], [88522.5, 900.0], [88520.0, 3000.0], [88517.5, 6340.0], [88515.0, 77580.0], [88512.5, 21240.0], [88502.5, 10.0], [88500.0, 10.0], [88490.0, 600.0], [88487.5, 2000.0], [88475.0, 1920.0], [88472.5, 6430.0], [88470.0, 4780.0], [88467.5, 16030.0], [88455.0, 300.0], [88452.5, 1020.0], [88407.5, 1810.0], [88405.0, 6060.0], [88325.0, 1350.0], [88322.5, 4530.0]], "asks": [[88560.0, 900.0], [88562.5, 3000.0], [88565.0, 40.0], [88577.5, 6340.0], [88580.0, 23620.0], [88582.5, 21250.0], [88617.5, 1830.0], [88620.0, 6130.0], [88627.5, 30.0], [88630.0, 300.0], [88632.5, 1020.0], [88640.0, 620.0], [88642.5, 2000.0], [88645.0, 80.0], [88667.5, 4810.0], [88670.0, 16730.0], [88672.5, 2000.0], [88700.0, 600.0], [88702.5, 2000.0], [88730.0, 5590.0]]}}}
{"jsonrpc": "2.0", "method": "subscription", "params": {"channel": "book.BTC-2JAN26.none.20.100ms", "data": {"timestamp": 1766455522083, "change_id": 132961734165, "instrument_name": "BTC-2JAN26", "bids": [[88530.0, 900.0], [88527.5, 3000.0], [88525.0, 20.0], [88517.5, 6340.0], [88515.0, 77580.0], [88512.5, 21240.0], [88502.5, 10.0], [88500.0, 10.0], [88490.0, 600.0], [88487.5, 2000.0], [88475.0, 1920.0], [88472.5, 6430.0], [88470.0, 4780.0], [88467.5, 16030.0], [88455.0, 300.0], [88452.5, 1020.0], [88407.5, 1810.0], [88405.0, 6060.0], [88325.0, 1350.0], [88322.5, 4530.0]], "asks": [[88560.0, 900.0], [88562.5, 3000.0], [88565.0, 40.0], [88577.5, 6340.0], [88580.0, 23620.0], [88582.5, 21250.0], [88617.5, 1830.0], [88620.0, 6130.0], [88627.5, 30.0], [88630.0, 300.0], [88632.5, 1020.0], [88640.0, 620.0], [88642.5, 2000.0], [88645.0, 80.0], [88667.5, 4810.0], [88670.0, 16730.0], [88672.5, 2000.0], [88700.0, 600.0], [88702.5, 2000.0], [88730.0, 5590.0]]}}}
{"jsonrpc": "2.0", "method": "subscription", "params": {"channel": "book.BTC-2JAN26.none.20.100ms", "data": {"timestamp": 1766455523206, "change_id": 132961735424, "instrument_name": "BTC-2JAN26", "bids": [[88530.0, 900.0], [88527.5, 3000.0], [88525.0, 20.0], [88517.5, 6340.0], [88515.0, 77580.0], [88512.5, 21240.0], [88502.5, 10.0], [88500.0, 10.0], [88490.0, 600.0], [88487.5, 2000.0], [88480.0, 1920.0], [88477.5, 6430.0], [88470.0, 4780.0], [88467.5, 16030.0], [88455.0, 300.0], [88452.5, 1020.0], [88407.5, 6060.0], [88325.0, 1350.0], [88322.5, 4530.0], [88295.0, 500.0]], "asks": [[88560.0, 900.0], [88562.5, 3000.0], [88565.0, 40.0], [88577.5, 6340.0], [88580.0, 23620.0], [88582.5, 21250.0], [88617.5, 1830.0], [88620.0, 6130.0], [88627.5, 30.0], [88630.0, 300.0], [88632.5, 1020.0], [88640.0, 620.0], [88642.5, 2000.0], [88645.0, 80.0], [88667.5, 4810.0], [88670.0, 16730.0], [88672.5, 2000.0], [88700.0, 600.0], [88702.5, 2000.0], [88730.0, 5590.0]]}}}
{"jsonrpc": "2.0", "method": "subscription", "params": {"channel": "book.BTC-2JAN26.none.20.100ms", "data": {"timestamp": 1766455523645, "change_id": 132961735954, "instrument_name": "BTC-2JAN26", "bids": [[88530.0, 900.0], [88527.5, 3000.0], [88525.0, 20.0], [88517.5, 6340.0], [88515.0, 77580.0], [88512.5, 21240.0], [88502.5, 10.0], [88500.0, 10.0], [88490.0, 600.0], [88487.5, 2000.0], [88480.0, 1920.0], [88477.5, 6430.0], [88470.0, 4780.0], [88467.5, 16030.0], [88455.0, 300.0], [88452.5, 1020.0], [88407.5, 6060.0], [88325.0, 1350.0], [88322.5, 4530.0], [88295.0, 500.0]], "asks": [[88565.0, 40.0], [88570.0, 900.0], [88572.5, 3000.0], [88577.5, 6340.0], [88580.0, 23620.0], [88582.5, 21250.0], [88617.5, 1830.0], [88620.0, 6130.0], [88627.5, 30.0], [88630.0, 300.0], [88632.5, 1020.0], [88640.0, 620.0], [88642.5, 2000.0], [88645.0, 80.0], [88667.5, 4810.0], [88670.0, 16730.0], [88672.5, 2000.0], [88700.0, 600.0], [88702.5, 2000.0], [88730.0, 5590.0]]}}}
{"jsonrpc": "2.0", "method": "subscription", "params": {"channel": "book.BTC-2JAN26.none.20.100ms", "data": {"timestamp": 1766455526203, "change_id": 132961738827, "instrument_name": "BTC-2JAN26", "bids": [[88530.0, 900.0], [88527.5, 3000.0], [88525.0, 20.0], [88517.5, 6340.0], [88515.0, 77580.0], [88512.5, 21240.0], [88502.5, 10.0], [88500.0, 10.0], [88490.0, 600.0], [88487.5, 2000.0], [88482.5, 6430.0], [88470.0, 4780.0], [88467.5, 16030.0], [88455.0, 300.0], [88452.5, 1020.0], [88410.0, 1810.0], [88407.5, 6060.0], [88325.0, 1350.0], [88322.5, 4530.0], [88295.0, 500.0]], "asks": [[88565.0, 40.0], [88570.0, 900.0], [88572.5, 3000.0], [88577.5, 6340.0], [88580.0, 23620.0], [88582.5, 21250.0], [88617.5, 1830.0], [88620.0, 6130.0], [88627.5, 30.0], [88630.0, 300.0], [88632.5, 1020.0], [88640.0, 620.0], [88642.5, 2000.0], [88645.0, 80.0], [88667.5, 4810.0], [88670.0, 16730.0], [88672.5, 2000.0], [88700.0, 600.0], [88702.5, 2000.0], [88730.0, 5590.0]]}}}
{"jsonrpc": "2.0", "method": "subscription", "params": {"channel": "book.BTC-2JAN26.none.20.100ms", "data": {"timestamp": 1766455526482, "change_id": 132961739110, "instrument_name": "BTC-2JAN26", "bids": [[88537.5, 900.0], [88535.0, 3000.0], [88525.0, 20.0], [88517.5, 6340.0], [88515.0, 77580.0], [88512.5, 21240.0], [88502.5, 10.0], [88490.0, 600.0], [88487.5, 2000.0], [88475.0, 1920.0], [88472.5, 6430.0], [88470.0, 4780.0], [88467.5, 16030.0], [88455.0, 300.0], [88452.5, 1020.0], [88410.0, 1810.0], [88407.5, 6060.0], [88325.0, 1350.0], [88322.5, 4530.0], [88295.0, 500.0]], "asks": [[88565.0, 40.0], [88570.0, 900.0], [88572.5, 3000.0], [88577.5, 6340.0], [88580.0, 23620.0], [88582.5, 21250.0], [88617.5, 1830.0], [88620.0, 6130.0], [88627.5, 30.0], [88630.0, 300.0], [88632.5, 1020.0], [88640.0, 620.0], [88642.5, 2000.0], [88645.0, 80.0], [88667.5, 4810.0], [88670.0, 16730.0], [88672.5, 2000.0], [88700.0, 600.0], [88702.5, 2000.0], [88730.0, 5590.0]]}}}
{"jsonrpc": "2.0", "method": "subscription", "params": {"channel": "book.BTC-2JAN26.none.20.100ms", "data": {"timestamp": 1766455528222, "change_id": 132961741553, "instrument_name": "BTC-2JAN26", "bids": [[88527.5, 900.0], [88525.0, 3020.0], [88517.5, 6340.0], [88515.0, 77580.0], [88512.5, 21240.0], [88502.5, 10.0], [88497.5, 10.0], [88495.0, 16500.0], [88490.0, 600.0], [88487.5, 2000.0], [88475.0, 1920.0], [88472.5, 6430.0], [88455.0, 300.0], [88452.5, 1020.0], [88410.0, 1810.0], [88407.5, 6060.0], [88325.0, 1350.0], [88322.5, 4530.0], [88295.0, 500.0], [88270.0, 45560.0]], "asks": [[88562.5, 910.0], [88565.0, 3040.0], [88577.5, 6340.0], [88580.0, 23620.0], [88582.5, 21250.0], [88617.5, 1830.0], [88620.0, 6130.0], [88627.5, 30.0], [88630.0, 300.0], [88632.5, 1020.0], [88640.0, 620.0], [88642.5, 2000.0], [88645.0, 80.0], [88667.5, 4810.0], [88670.0, 16730.0], [88672.5, 2000.0], [88700.0, 600.0], [88702.5, 2000.0], [88730.0, 5590.0], [88732.5, 18730.0]]}}}
{"jsonrpc": "2.0", "method": "subscription", "params": {"channel": "book.BTC-2JAN26.none.20.100ms", "data": {"timestamp": 1766455528429, "change_id": 132961741755, "instrument_name": "BTC-2JAN26", "bids": [[88527.5, 900.0], [88525.0, 3020.0], [88517.5, 6340.0], [88515.0, 56340.0], [88512.5, 21240.0], [88502.5, 10.0], [88497.5, 10.0], [88495.0, 16500.0], [88490.0, 600.0], [88487.5, 2000.0], [88475.0, 1920.0], [88472.5, 6430.0], [88455.0, 300.0], [88452.5, 1020.0], [88410.0, 1810.0], [88407.5, 6060.0], [88325.0, 1350.0], [88322.5, 4530.0], [88295.0, 500.0], [88270.0, 45560.0]], "asks": [[88562.5, 910.0], [88565.0, 3040.0], [88577.5, 6340.0], [88580.0, 23620.0], [88582.5, 21250.0], [88617.5, 1830.0], [88620.0, 6130.0], [88627.5, 30.0], [88630.0, 300.0], [88632.5, 1020.0], [88640.0, 620.0], [88642.5, 2000.0], [88645.0, 80.0], [88667.5, 4810.0], [88670.0, 16730.0], [88672.5, 2000.0], [88700.0, 600.0], [88702.5, 2000.0], [88730.0, 5590.0], [88732.5, 18730.0]]}}}
{"jsonrpc": "2.0", "method": "subscription", "params": {"channel": "book.BTC-2JAN26.none.20.100ms", "data": {"timestamp": 1766455528795, "change_id": 132961742118, "instrument_name": "BTC-2JAN26", "bids": [[88527.5, 900.0], [88525.0, 3020.0], [88515.0, 6340.0], [88512.5, 21240.0], [88507.5, 21240.0], [88502.5, 10.0], [88500.0, 5350.0], [88497.5, 50010.0], [88495.0, 16500.0], [88490.0, 600.0], [88487.5, 2000.0], [88475.0, 1920.0], [88472.5, 6430.0], [88455.0, 300.0], [88452.5, 1020.0], [88410.0, 1810.0], [88407.5, 6060.0], [88325.0, 1350.0], [88322.5, 4530.0], [88295.0, 500.0]], "asks": [[88562.5, 910.0], [88565.0, 3040.0], [88577.5, 6340.0], [88580.0, 23620.0], [88582.5, 21250.0], [88617.5, 1830.0], [88620.0, 6130.0], [88627.5, 30.0], [88630.0, 300.0], [88632.5, 1020.0], [88640.0, 620.0], [88642.5, 2000.0], [88645.0, 80.0], [88667.5, 4810.0], [88670.0, 16730.0], [88672.5, 2000.0], [88700.0, 600.0], [88702.5, 2000.0], [88730.0, 5590.0], [88732.5, 18730.0]]}}}
{"jsonrpc": "2.0", "method": "subscription", "params": {"channel": "book.BTC-2JAN26.none.20.100ms", "data": {"timestamp": 1766455530835, "change_id": 132961744525, "instrument_name": "BTC-2JAN26", "bids": [[88527.5, 900.0], [88525.0, 3020.0], [88515.0, 6340.0], [88512.5, 21240.0], [88507.5, 21240.0], [88502.5, 10.0], [88500.0, 5350.0], [88497.5, 50010.0], [88495.0, 16500.0], [88490.0, 600.0], [88487.5, 2000.0], [88475.0, 1920.0], [88472.5, 6430.0], [88455.0, 300.0], [88452.5, 1020.0], [88410.0, 1810.0], [88407.5, 6060.0], [88325.0, 1350.0], [88322.5, 4530.0], [88295.0, 500.0]], "asks": [[88562.5, 910.0], [88565.0, 3040.0], [88577.5, 6340.0], [88580.0, 23620.0], [88582.5, 21250.0], [88617.5, 1830.0], [88620.0, 6130.0], [88627.5, 30.0], [88630.0, 300.0], [88632.5, 1020.0], [88640.0, 620.0], [88642.5, 2000.0], [88645.0, 80.0], [88667.5, 4810.0], [88670.0, 16730.0], [88672.5, 2000.0], [88700.0, 600.0], [88702.5, 2000.0], [88730.0, 5590.0], [88732.5, 18730.0]]}}}
{"jsonrpc": "2.0", "method": "subscription", "params": {"channel": "book.BTC-2JAN26.none.20.100ms", "data": {"timestamp": 1766455532083, "change_id": 132961745823, "instrument_name": "BTC-2JAN26", "bids": [[88527.5, 900.0], [88525.0, 3020.0], [88510.0, 6340.0], [88507.5, 21240.0], [88502.5, 10.0], [88500.0, 5350.0], [88497.5, 50010.0], [88495.0, 16500.0], [88490.0, 600.0], [88487.5, 2000.0], [88475.0, 1920.0], [88472.5, 6430.0], [88455.0, 300.0], [88452.5, 1020.0], [88410.0, 1810.0], [88407.5, 6060.0], [88325.0, 1350.0], [88322.5, 4530.0], [88295.0, 500.0], [88270.0, 45560.0]], "asks": [[88562.5, 910.0], [88565.0, 3040.0], [88577.5, 6340.0], [88580.0, 23620.0], [88582.5, 21250.0], [88617.5, 1830.0], [88620.0, 6130.0], [88627.5, 30.0], [88630.0, 300.0], [88632.5, 1020.0], [88640.0, 620.0], [88642.5, 2000.0], [88645.0, 80.0], [88667.5, 4810.0], [88670.0, 16730.0], [88672.5, 2000.0], [88700.0, 600.0], [88702.5, 2000.0], [88730.0, 5590.0], [88732.5, 18730.0]]}}}
{"jsonrpc": "2.0", "method": "subscription", "params": {"channel": "book.BTC-2JAN26.none.20.100ms", "data": {"timestamp": 1766455532519, "change_id": 132961746613, "instrument_name": "BTC-2JAN26", "bids": [[88527.5, 900.0], [88525.0, 3000.0], [88512.5, 20.0], [88502.5, 10.0], [88500.0, 5350.0], [88497.5, 50010.0], [88495.0, 16500.0], [88490.0, 600.0], [88487.5, 2000.0], [88477.5, 1920.0], [88475.0, 6430.0], [88455.0, 300.0], [88452.5, 1020.0], [88405.0, 1810.0], [88402.5, 6060.0], [88325.0, 1350.0], [88322.5, 4530.0], [88295.0, 500.0], [88270.0, 45560.0], [88267.5, 2270.0]], "asks": [[88555.0, 40.0], [88562.5, 910.0], [88565.0, 3000.0], [88577.5, 6340.0], [88580.0, 23620.0], [88582.5, 21250.0], [88600.0, 300.0], [88602.5, 1020.0], [88617.5, 1830.0], [88620.0, 6130.0], [88627.5, 30.0], [88640.0, 620.0], [88642.5, 2000.0], [88645.0, 80.0], [88667.5, 4810.0], [88670.0, 16730.0], [88672.5, 2000.0], [88700.0, 600.0], [88702.5, 2000.0], [88730.0, 5590.0]]}}}
{"jsonrpc": "2.0", "method": "subscription", "params": {"channel": "book.BTC-2JAN26.none.20.100ms", "data": {"timestamp": 1766455532535, "change_id": 132961746746, "instrument_name": "BTC-2JAN26", "bids": [[88527.5, 900.0], [88525.0, 3000.0], [88512.5, 20.0], [88502.5, 10.0], [88500.0, 5350.0], [88497.5, 10.0], [88495.0, 16500.0], [88490.0, 600.0], [88487.5, 2000.0], [88477.5, 1920.0], [88475.0, 56430.0], [88455.0, 300.0], [88452.5, 1020.0], [88405.0, 1810.0], [88402.5, 6060.0], [88325.0, 1350.0], [88322.5, 4530.0], [88295.0, 500.0], [88270.0, 45560.0], [88267.5, 2270.0]], "asks": [[88555.0, 40.0], [88562.5, 910.0], [88565.0, 3000.0], [88577.5, 6340.0], [88580.0, 23620.0], [88582.5, 21250.0], [88600.0, 300.0], [88602.5, 1020.0], [88617.5, 1830.0], [88620.0, 6130.0], [88627.5, 30.0], [88640.0, 620.0], [88642.5, 2000.0], [88645.0, 80.0], [88667.5, 4810.0], [88670.0, 16730.0], [88672.5, 2000.0], [88700.0, 600.0], [88702.5, 2000.0], [88730.0, 5590.0]]}}}
{"jsonrpc": "2.0", "method": "subscription", "params": {"channel": "book.BTC-2JAN26.none.20.100ms", "data": {"timestamp": 1766455533071, "change_id": 132961747580, "instrument_name": "BTC-2JAN26", "bids": [[88527.5, 900.0], [88525.0, 3000.0], [88512.5, 20.0], [88502.5, 10.0], [88500.0, 5350.0], [88497.5, 10.0], [88495.0, 16500.0], [88490.0, 600.0], [88487.5, 2000.0], [88477.5, 1920.0], [88475.0, 56430.0], [88455.0, 300.0], [88452.5, 1020.0], [88405.0, 1810.0], [88402.5, 6060.0], [88325.0, 1350.0], [88322.5, 4530.0], [88295.0, 500.0], [88270.0, 45560.0], [88267.5, 2270.0]], "asks": [[88555.0, 40.0], [88562.5, 910.0], [88565.0, 3000.0], [88577.5, 6340.0], [88580.0, 21250.0], [88600.0, 300.0], [88602.5, 1020.0], [88617.5, 1830.0], [88620.0, 6130.0], [88627.5, 30.0], [88640.0, 620.0], [88642.5, 2000.0], [88645.0, 80.0], [88667.5, 4810.0], [88670.0, 16730.0], [88672.5, 2000.0], [88700.0, 600.0], [88702.5, 2000.0], [88730.0, 5590.0], [88732.5, 18730.0]]}}}
{"jsonrpc": "2.0", "method": "subscription", "params": {"channel": "book.BTC-2JAN26.none.20.100ms", "data": {"timestamp": 1766455533849, "change_id": 132961748621, "instrument_name": "BTC-2JAN26", "bids": [[88527.5, 900.0], [88525.0, 3000.0], [88512.5, 20.0], [88507.5, 6340.0], [88505.0, 71240.0], [88502.5, 21250.0], [88500.0, 5350.0], [88497.5, 10.0], [88495.0, 16500.0], [88490.0, 600.0], [88487.5, 2000.0], [88477.5, 1920.0], [88475.0, 6430.0], [88455.0, 300.0], [88452.5, 1020.0], [88405.0, 1810.0], [88402.5, 6060.0], [88325.0, 1350.0], [88322.5, 4530.0], [88295.0, 500.0]], "asks": [[88555.0, 40.0], [88562.5, 910.0], [88565.0, 3000.0], [88572.5, 6340.0], [88575.0, 21250.0], [88577.5, 6340.0], [88580.0, 21250.0], [88600.0, 300.0], [88602.5, 1020.0], [88617.5, 1830.0], [88620.0, 6130.0], [88627.5, 30.0], [88640.0, 620.0], [88642.5, 2000.0], [88645.0, 80.0], [88667.5, 4810.0], [88670.0, 16730.0], [88672.5, 2000.0], [88700.0, 600.0], [88702.5, 2000.0]]}}}
{"jsonrpc": "2.0", "method": "subscription", "params": {"channel": "book.BTC-2JAN26.none.20.100ms", "data": {"timestamp": 1766455534406, "change_id": 132961749305, "instrument_name": "BTC-2JAN26", "bids": [[88535.0, 900.0], [88532.5, 3000.0], [88522.5, 20.0], [88507.5, 9140.0], [88505.0, 71240.0], [88502.5, 21250.0], [88500.0, 5350.0], [88495.0, 16500.0], [88490.0, 600.0], [88487.5, 2000.0], [88477.5, 1920.0], [88475.0, 6430.0], [88455.0, 300.0], [88452.5, 1020.0], [88405.0, 1810.0], [88402.5, 6060.0], [88325.0, 1350.0], [88322.5, 4530.0], [88295.0, 500.0], [88270.0, 45560.0]], "asks": [[88567.5, 40.0], [88572.5, 6340.0], [88575.0, 21250.0], [88577.5, 9340.0], [88580.0, 21250.0], [88600.0, 300.0], [88602.5, 1030.0], [88617.5, 1830.0], [88620.0, 6130.0], [88627.5, 30.0], [88640.0, 620.0], [88642.5, 2000.0], [88645.0, 80.0], [88667.5, 4810.0], [88670.0, 16730.0], [88672.5, 2000.0], [88700.0, 600.0], [88702.5, 2000.0], [88730.0, 5590.0], [88732.5, 18730.0]]}}}
{"jsonrpc": "2.0", "method": "subscription", "params": {"channel": "book.BTC-2JAN26.none.20.100ms", "data": {"timestamp": 1766455534779, "change_id": 132961749908, "instrument_name": "BTC-2JAN26", "bids": [[88542.5, 580.0], [88540.0, 3000.0], [88522.5, 20.0], [88507.5, 9140.0], [88505.0, 71240.0], [88502.5, 21250.0], [88500.0, 5350.0], [88495.0, 16500.0], [88490.0, 600.0], [88487.5, 2000.0], [88477.5, 1920.0], [88475.0, 6430.0], [88455.0, 300.0], [88452.5, 1020.0], [88405.0, 1810.0], [88402.5, 6060.0], [88325.0, 1350.0], [88322.5, 4530.0], [88297.5, 50000.0], [88295.0, 500.0]], "asks": [[88567.5, 40.0], [88572.5, 6340.0], [88575.0, 41250.0], [88577.5, 9340.0], [88580.0, 21250.0], [88600.0, 300.0], [88602.5, 1030.0], [88617.5, 1830.0], [88620.0, 6130.0], [88627.5, 30.0], [88640.0, 620.0], [88642.5, 2000.0], [88645.0, 80.0], [88667.5, 4810.0], [88670.0, 16730.0], [88672.5, 2000.0], [88700.0, 600.0], [88702.5, 2000.0], [88730.0, 5590.0], [88732.5, 18730.0]]}}}
{"jsonrpc": "2.0", "method": "subscription", "params": {"channel": "book.BTC-2JAN26.none.20.100ms", "data": {"timestamp": 1766455535105, "change_id": 132961750433, "instrument_name": "BTC-2JAN26", "bids": [[88542.5, 580.0], [88540.0, 3000.0], [88522.5, 20.0], [88507.5, 9140.0], [88505.0, 71240.0], [88502.5, 10.0], [88500.0, 5350.0], [88495.0, 16500.0], [88490.0, 600.0], [88487.5, 2000.0], [88477.5, 1920.0], [88475.0, 6430.0], [88455.0, 300.0], [88452.5, 1020.0], [88405.0, 1810.0], [88402.5, 6060.0], [88325.0, 1350.0], [88322.5, 4530.0], [88297.5, 50000.0], [88295.0, 500.0]], "asks": [[88567.5, 40.0], [88572.5, 6340.0], [88575.0, 41250.0], [88577.5, 9340.0], [88580.0, 21250.0], [88600.0, 300.0], [88602.5, 1030.0], [88617.5, 1830.0], [88620.0, 6130.0], [88627.5, 30.0], [88640.0, 620.0], [88642.5, 2000.0], [88645.0, 80.0], [88667.5, 4810.0], [88670.0, 16730.0], [88672.5, 2000.0], [88700.0, 600.0], [88702.5, 2000.0], [88730.0, 5590.0], [88732.5, 18730.0]]}}}
{"jsonrpc": "2.0", "method": "subscription", "params": {"channel": "book.BTC-2JAN26.none.20.100ms", "data": {"timestamp": 1766455535216, "change_id": 132961750492, "instrument_name": "BTC-2JAN26", "bids": [[88542.5, 580.0], [88540.0, 3000.0], [88522.5, 20.0], [88507.5, 6340.0], [88505.0, 21240.0], [88502.5, 10.0], [88500.0, 5350.0], [88497.5, 50000.0], [88495.0, 16500.0], [88490.0, 600.0], [88487.5, 2000.0], [88460.0, 1920.0], [88457.5, 6430.0], [88455.0, 300.0], [88452.5, 1020.0], [88400.0, 6060.0], [88325.0, 1350.0], [88322.5, 4530.0], [88297.5, 50000.0], [88295.0, 500.0]], "asks": [[88567.5, 40.0], [88572.5, 6340.0], [88575.0, 41250.0], [88577.5, 9340.0], [88580.0, 21250.0], [88600.0, 300.0], [88602.5, 1030.0], [88617.5, 1830.0], [88620.0, 6130.0], [88627.5, 30.0], [88640.0, 620.0], [88642.5, 2000.0], [88645.0, 80.0], [88667.5, 4810.0], [88670.0, 16730.0], [88672.5, 2000.0], [88700.0, 600.0], [88702.5, 2000.0], [88730.0, 5590.0], [88732.5, 18730.0]]}}}
{"jsonrpc": "2.0", "method": "subscription", "params": {"channel": "book.BTC-2JAN26.none.20.100ms", "data": {"timestamp": 1766455535663, "change_id": 132961750935, "instrument_name": "BTC-2JAN26", "bids": [[88542.5, 820.0], [88540.0, 3000.0], [88522.5, 20.0], [88507.5, 6340.0], [88505.0, 21240.0], [88502.5, 10.0], [88500.0, 5350.0], [88497.5, 50000.0], [88495.0, 16500.0], [88490.0, 600.0], [88487.5, 2000.0], [88460.0, 1920.0], [88457.5, 6430.0], [88455.0, 300.0], [88452.5, 1020.0], [88400.0, 6060.0], [88325.0, 1350.0], [88322.5, 4530.0], [88297.5, 50000.0], [88295.0, 500.0]], "asks": [[88567.5, 40.0], [88572.5, 6340.0], [88575.0, 41250.0], [88577.5, 9340.0], [88580.0, 21250.0], [88600.0, 300.0], [88602.5, 1030.0], [88617.5, 1830.0], [88620.0, 6130.0], [88627.5, 30.0], [88640.0, 620.0], [88642.5, 2000.0], [88645.0, 80.0], [88667.5, 4810.0], [88670.0, 16730.0], [88672.5, 2000.0], [88700.0, 600.0], [88702.5, 2000.0], [88730.0, 5590.0], [88732.5, 18730.0]]}}}
{"jsonrpc": "2.0", "method": "subscription", "params": {"channel": "book.BTC-2JAN26.none.20.100ms", "data": {"timestamp": 1766455536277, "change_id": 132961751692, "instrument_name": "BTC-2JAN26", "bids": [[88542.5, 820.0], [88540.0, 3000.0], [88522.5, 20.0], [88507.5, 6340.0], [88505.0, 21240.0], [88502.5, 10.0], [88500.0, 5350.0], [88497.5, 50000.0], [88495.0, 16500.0], [88490.0, 600.0], [88487.5, 2000.0], [88460.0, 1920.0], [88457.5, 6430.0], [88455.0, 300.0], [88452.5, 1020.0], [88400.0, 6060.0], [88327.5, 2270.0], [88325.0, 1350.0], [88322.5, 4530.0], [88297.5, 50000.0]], "asks": [[88567.5, 40.0], [88572.5, 6340.0], [88575.0, 41250.0], [88577.5, 9340.0], [88580.0, 21250.0], [88600.0, 300.0], [88602.5, 1030.0], [88617.5, 1830.0], [88620.0, 6130.0], [88627.5, 30.0], [88640.0, 620.0], [88642.5, 2000.0], [88645.0, 80.0], [88667.5, 4810.0], [88670.0, 16730.0], [88672.5, 2000.0], [88700.0, 600.0], [88702.5, 2000.0], [88730.0, 5590.0], [88732.5, 18730.0]]}}}
{"jsonrpc": "2.0", "method": "subscription", "params": {"channel": "book.BTC-2JAN26.none.20.100ms", "data": {"timestamp": 1766455537521, "change_id": 132961753090, "instrument_name": "BTC-2JAN26", "bids": [[88542.5, 820.0], [88540.0, 3000.0], [88522.5, 20.0], [88507.5, 6340.0], [88505.0, 21240.0], [88502.5, 10.0], [88500.0, 5350.0], [88497.5, 50000.0], [88495.0, 16500.0], [88490.0, 600.0], [88487.5, 2000.0], [88460.0, 1920.0], [88457.5, 6430.0], [88455.0, 300.0], [88452.5, 1020.0], [88400.0, 6060.0], [88327.5, 11380.0], [88325.0, 1350.0], [88322.5, 4530.0], [88297.5, 50000.0]], "asks": [[88567.5, 40.0], [88572.5, 6340.0], [88575.0, 41250.0], [88577.5, 9340.0], [88580.0, 21250.0], [88600.0, 300.0], [88602.5, 1030.0], [88617.5, 1830.0], [88620.0, 6130.0], [88627.5, 30.0], [88640.0, 620.0], [88642.5, 2000.0], [88645.0, 80.0], [88667.5, 4810.0], [88670.0, 16730.0], [88672.5, 2000.0], [88700.0, 600.0], [88702.5, 2000.0], [88730.0, 5590.0], [88732.5, 18730.0]]}}}
{"jsonrpc": "2.0", "method": "subscription", "params": {"channel": "book.BTC-2JAN26.none.20.100ms", "data": {"timestamp": 1766455538211, "change_id": 132961753944, "instrument_name": "BTC-2JAN26", "bids": [[88542.5, 820.0], [88540.0, 3000.0], [88522.5, 20.0], [88507.5, 6340.0], [88505.0, 21240.0], [88502.5, 10.0], [88500.0, 5350.0], [88497.5, 50000.0], [88495.0, 16500.0], [88490.0, 600.0], [88487.5, 2000.0], [88465.0, 1920.0], [88462.5, 6430.0], [88455.0, 300.0], [88452.5, 1020.0], [88402.5, 1810.0], [88400.0, 6060.0], [88327.5, 11380.0], [88325.0, 1350.0], [88322.5, 4530.0]], "asks": [[88567.5, 40.0], [88572.5, 6340.0], [88575.0, 41250.0], [88577.5, 9340.0], [88580.0, 21250.0], [88600.0, 300.0], [88602.5, 1030.0], [88617.5, 1830.0], [88620.0, 6130.0], [88627.5, 30.0], [88640.0, 620.0], [88642.5, 2000.0], [88645.0, 80.0], [88667.5, 4810.0], [88670.0, 16730.0], [88672.5, 2000.0], [88700.0, 600.0], [88702.5, 2000.0], [88730.0, 5590.0], [88732.5, 18730.0]]}}}
{"jsonrpc": "2.0", "method": "subscription", "params": {"channel": "book.BTC-2JAN26.none.20.100ms", "data": {"timestamp": 1766455540456, "change_id": 132961756457, "instrument_name": "BTC-2JAN26", "bids": [[88540.0, 3000.0], [88522.5, 20.0], [88502.5, 10.0], [88500.0, 5350.0], [88495.0, 16500.0], [88490.0, 600.0], [88487.5, 2000.0], [88465.0, 11750.0], [88462.5, 6430.0], [88460.0, 50000.0], [88435.0, 1020.0], [88402.5, 1810.0], [88400.0, 6060.0], [88327.5, 11380.0], [88325.0, 1350.0], [88322.5, 4530.0], [88297.5, 50000.0], [88295.0, 500.0], [88270.0, 36450.0], [88262.5, 44810.0]], "asks": [[88567.5, 940.0], [88570.0, 3000.0], [88572.5, 8820.0], [88575.0, 41250.0], [88577.5, 6340.0], [88580.0, 21250.0], [88600.0, 300.0], [88602.5, 1030.0], [88617.5, 1830.0], [88620.0, 6130.0], [88627.5, 30.0], [88640.0, 620.0], [88642.5, 2000.0], [88645.0, 80.0], [88667.5, 4810.0], [88670.0, 16730.0], [88672.5, 2000.0], [88700.0, 600.0], [88702.5, 2000.0], [88730.0, 5590.0]]}}}
{"jsonrpc": "2.0", "method": "subscription", "params": {"channel": "book.BTC-2JAN26.none.20.100ms", "data": {"timestamp": 1766455540738, "change_id": 132961756891, "instrument_name": "BTC-2JAN26", "bids": [[88532.5, 900.0], [88530.0, 3000.0], [88522.5, 20.0], [88502.5, 10.0], [88500.0, 5350.0], [88497.5, 10.0], [88495.0, 16500.0], [88490.0, 600.0], [88487.5, 2000.0], [88465.0, 11750.0], [88462.5, 6430.0], [88460.0, 50000.0], [88435.0, 1020.0], [88402.5, 1810.0], [88400.0, 6060.0], [88330.0, 3400.0], [88327.5, 11380.0], [88325.0, 1350.0], [88322.5, 4530.0], [88297.5, 50000.0]], "asks": [[88557.5, 40.0], [88567.5, 900.0], [88570.0, 3000.0], [88572.5, 8820.0], [88575.0, 41250.0], [88577.5, 6340.0], [88580.0, 21250.0], [88600.0, 300.0], [88602.5, 1020.0], [88617.5, 1830.0], [88620.0, 6130.0], [88627.5, 30.0], [88640.0, 620.0], [88642.5, 2000.0], [88645.0, 80.0], [88667.5, 4810.0], [88670.0, 16730.0], [88672.5, 2000.0], [88700.0, 600.0], [88702.5, 2000.0]]}}}
{"jsonrpc": "2.0", "method": "subscription", "params": {"channel": "book.BTC-2JAN26.none.20.100ms", "data": {"timestamp": 1766455541035, "change_id": 132961757289, "instrument_name": "BTC-2JAN26", "bids": [[88540.0, 900.0], [88537.5, 3000.0], [88522.5, 20.0], [88502.5, 10.0], [88500.0, 5350.0], [88495.0, 16500.0], [88490.0, 600.0], [88487.5, 2000.0], [88465.0, 11750.0], [88462.5, 6430.0], [88460.0, 50000.0], [88435.0, 1020.0], [88402.5, 1810.0], [88400.0, 6060.0], [88330.0, 3400.0], [88327.5, 11380.0], [88325.0, 1350.0], [88322.5, 4530.0], [88297.5, 50000.0], [88295.0, 500.0]], "asks": [[88570.0, 40.0], [88572.5, 8820.0], [88575.0, 41250.0], [88577.5, 6340.0], [88580.0, 24250.0], [88600.0, 300.0], [88602.5, 1020.0], [88617.5, 1830.0], [88620.0, 6130.0], [88627.5, 30.0], [88640.0, 620.0], [88642.5, 2000.0], [88645.0, 80.0], [88667.5, 4810.0], [88670.0, 16730.0], [88672.5, 2000.0], [88700.0, 600.0], [88702.5, 2000.0], [88730.0, 5590.0], [88732.5, 18730.0]]}}}
{"jsonrpc": "2.0", "method": "subscription", "params": {"channel": "book.BTC-2JAN26.none.20.100ms", "data": {"timestamp": 1766455541374, "change_id": 132961757859, "instrument_name": "BTC-2JAN26", "bids": [[88540.0, 900.0], [88537.5, 3000.0], [88522.5, 20.0], [88510.0, 21240.0], [88507.5, 21240.0], [88505.0, 11520.0], [88502.5, 50010.0], [88500.0, 5350.0], [88495.0, 16500.0], [88490.0, 600.0], [88487.5, 2000.0], [88467.5, 6430.0], [88435.0, 1020.0], [88332.5, 6060.0], [88330.0, 3400.0], [88327.5, 11380.0], [88325.0, 1350.0], [88322.5, 4530.0], [88297.5, 50000.0], [88295.0, 500.0]], "asks": [[88570.0, 40.0], [88572.5, 8820.0], [88575.0, 41250.0], [88577.5, 6340.0], [88580.0, 24250.0], [88600.0, 300.0], [88602.5, 1030.0], [88617.5, 1830.0], [88620.0, 6130.0], [88627.5, 30.0], [88640.0, 620.0], [88642.5, 2000.0], [88645.0, 80.0], [88667.5, 4810.0], [88670.0, 16730.0], [88672.5, 2000.0], [88700.0, 600.0], [88702.5, 2000.0], [88730.0, 5590.0], [88732.5, 18730.0]]}}}
{"jsonrpc": "2.0", "method": "subscription", "params": {"channel": "book.BTC-2JAN26.none.20.100ms", "data": {"timestamp": 1766455541736, "change_id": 132961758304, "instrument_name": "BTC-2JAN26", "bids": [[88545.0, 3000.0], [88522.5, 20.0], [88510.0, 21240.0], [88507.5, 21240.0], [88505.0, 11520.0], [88502.5, 50010.0], [88500.0, 5350.0], [88495.0, 16500.0], [88490.0, 600.0], [88487.5, 2000.0], [88467.5, 6430.0], [88435.0, 1020.0], [88332.5, 6060.0], [88330.0, 3400.0], [88327.5, 11380.0], [88325.0, 1350.0], [88322.5, 4530.0], [88297.5, 50000.0], [88295.0, 500.0], [88270.0, 36450.0]], "asks": [[88570.0, 40.0], [88572.5, 8820.0], [88575.0, 41250.0], [88577.5, 6340.0], [88580.0, 24250.0], [88600.0, 300.0], [88602.5, 1030.0], [88617.5, 1830.0], [88620.0, 6130.0], [88627.5, 30.0], [88640.0, 620.0], [88642.5, 2000.0], [88645.0, 80.0], [88667.5, 4810.0], [88670.0, 16730.0], [88672.5, 2000.0], [88700.0, 600.0], [88702.5, 2000.0], [88730.0, 5590.0], [88732.5, 18730.0]]}}}
{"jsonrpc": "2.0", "method": "subscription", "params": {"channel": "book.BTC-2JAN26.none.20.100ms", "data": {"timestamp": 1766455544216, "change_id": 132961761148, "instrument_name": "BTC-2JAN26", "bids": [[88545.0, 3000.0], [88522.5, 20.0], [88512.5, 6340.0], [88510.0, 21240.0], [88507.5, 21240.0], [88505.0, 11520.0], [88502.5, 50010.0], [88500.0, 5350.0], [88495.0, 16500.0], [88490.0, 600.0], [88487.5, 2000.0], [88470.0, 6430.0], [88437.5, 300.0], [88435.0, 1020.0], [88337.5, 1810.0], [88335.0, 6060.0], [88330.0, 3400.0], [88327.5, 11380.0], [88325.0, 1350.0], [88322.5, 4530.0]], "asks": [[88570.0, 40.0], [88572.5, 8820.0], [88575.0, 41250.0], [88577.5, 6340.0], [88580.0, 24250.0], [88600.0, 300.0], [88602.5, 1030.0], [88617.5, 1830.0], [88620.0, 6130.0], [88627.5, 30.0], [88640.0, 620.0], [88642.5, 2000.0], [88645.0, 80.0], [88667.5, 4810.0], [88670.0, 16730.0], [88672.5, 2000.0], [88700.0, 600.0], [88702.5, 2000.0], [88730.0, 5590.0], [88732.5, 18730.0]]}}}
{"jsonrpc": "2.0", "method": "subscription", "params": {"channel": "book.BTC-2JAN26.none.20.100ms", "data": {"timestamp": 1766455545724, "change_id": 132961762717, "instrument_name": "BTC-2JAN26", "bids": [[88545.0, 3000.0], [88522.5, 20.0], [88512.5, 6340.0], [88510.0, 24920.0], [88507.5, 21240.0], [88505.0, 11520.0], [88502.5, 50010.0], [88500.0, 5350.0], [88495.0, 16500.0], [88490.0, 600.0], [88487.5, 2000.0], [88470.0, 6430.0], [88437.5, 300.0], [88435.0, 1020.0], [88337.5, 1810.0], [88335.0, 6060.0], [88330.0, 3400.0], [88327.5, 11380.0], [88325.0, 1350.0], [88322.5, 4530.0]], "asks": [[88570.0, 40.0], [88572.5, 11820.0], [88575.0, 41250.0], [88577.5, 6340.0], [88580.0, 21250.0], [88600.0, 300.0], [88602.5, 1030.0], [88617.5, 1830.0], [88620.0, 6130.0], [88627.5, 30.0], [88640.0, 620.0], [88642.5, 2000.0], [88645.0, 80.0], [88667.5, 4810.0], [88670.0, 16730.0], [88672.5, 2000.0], [88700.0, 600.0], [88702.5, 2000.0], [88730.0, 5590.0], [88732.5, 18730.0]]}}}
{"jsonrpc": "2.0", "method": "subscription", "params": {"channel": "book.BTC-2JAN26.none.20.100ms", "data": {"timestamp": 1766455547356, "change_id": 132961764599, "instrument_name": "BTC-2JAN26", "bids": [[88535.0, 3000.0], [88522.5, 20.0], [88502.5, 10.0], [88500.0, 5350.0], [88495.0, 16500.0], [88490.0, 600.0], [88487.5, 2000.0], [88440.0, 2220.0], [88437.5, 7450.0], [88335.0, 1810.0], [88332.5, 56060.0], [88330.0, 3400.0], [88327.5, 11380.0], [88325.0, 1350.0], [88322.5, 4530.0], [88297.5, 50000.0], [88295.0, 500.0], [88270.0, 36450.0], [88262.5, 44810.0], [88245.0, 18540.0]], "asks": [[88570.0, 40.0], [88572.5, 9340.0], [88575.0, 20000.0], [88600.0, 300.0], [88602.5, 1030.0], [88617.5, 1830.0], [88620.0, 6130.0], [88627.5, 30.0], [88640.0, 620.0], [88642.5, 2000.0], [88645.0, 80.0], [88667.5, 4810.0], [88670.0, 16730.0], [88672.5, 2000.0], [88700.0, 600.0], [88702.5, 2000.0], [88730.0, 5590.0], [88732.5, 18730.0], [88752.5, 12760.0], [88755.0, 42760.0]]}}}
{"jsonrpc": "2.0", "method": "subscription", "params": {"channel": "book.BTC-2JAN26.none.20.100ms", "data": {"timestamp": 1766455547563, "change_id": 132961764885, "instrument_name": "BTC-2JAN26", "bids": [[88537.5, 900.0], [88535.0, 3000.0], [88522.5, 20.0], [88502.5, 10.0], [88500.0, 5350.0], [88495.0, 16500.0], [88490.0, 600.0], [88487.5, 2000.0], [88440.0, 2220.0], [88437.5, 7450.0], [88335.0, 1810.0], [88332.5, 56060.0], [88330.0, 3400.0], [88327.5, 11380.0], [88325.0, 1350.0], [88322.5, 4530.0], [88297.5, 50000.0], [88295.0, 500.0], [88270.0, 36450.0], [88262.5, 44810.0]], "asks": [[88570.0, 40.0], [88572.5, 9340.0], [88575.0, 21980.0], [88577.5, 21250.0], [88580.0, 21250.0], [88600.0, 300.0], [88602.5, 1030.0], [88617.5, 1830.0], [88620.0, 6130.0], [88627.5, 30.0], [88640.0, 620.0], [88642.5, 2000.0], [88645.0, 80.0], [88667.5, 4810.0], [88670.0, 16730.0], [88672.5, 2000.0], [88700.0, 600.0], [88702.5, 2000.0], [88730.0, 5590.0], [88732.5, 18730.0]]}}}
{"jsonrpc": "2.0", "method": "subscription", "params": {"channel": "book.BTC-2JAN26.none.20.100ms", "data": {"timestamp": 1766455547728, "change_id": 132961765071, "instrument_name": "BTC-2JAN26", "bids": [[88542.5, 3000.0], [88522.5, 20.0], [88502.5, 10.0], [88500.0, 5350.0], [88495.0, 16500.0], [88490.0, 600.0], [88487.5, 2000.0], [88440.0, 2220.0], [88437.5, 7450.0], [88335.0, 1810.0], [88332.5, 56060.0], [88330.0, 3400.0], [88327.5, 11380.0], [88325.0, 1350.0], [88322.5, 4530.0], [88297.5, 50000.0], [88295.0, 500.0], [88270.0, 36450.0], [88262.5, 44810.0], [88245.0, 18540.0]], "asks": [[88570.0, 40.0], [88572.5, 9340.0], [88575.0, 21980.0], [88577.5, 21250.0], [88580.0, 21250.0], [88600.0, 300.0], [88602.5, 1030.0], [88617.5, 1830.0], [88620.0, 6130.0], [88627.5, 30.0], [88640.0, 620.0], [88642.5, 2000.0], [88645.0, 80.0], [88667.5, 4810.0], [88670.0, 16730.0], [88672.5, 2000.0], [88700.0, 600.0], [88702.5, 2000.0], [88730.0, 5590.0], [88732.5, 18730.0]]}}}
{"jsonrpc": "2.0", "method": "subscription", "params": {"channel": "book.BTC-2JAN26.none.20.100ms", "data": {"timestamp": 1766455550282, "change_id": 132961767854, "instrument_name": "BTC-2JAN26", "bids": [[88545.0, 750.0], [88542.5, 3000.0], [88522.5, 20.0], [88502.5, 10.0], [88500.0, 5350.0], [88495.0, 16500.0], [88490.0, 600.0], [88487.5, 2000.0], [88442.5, 6430.0], [88440.0, 300.0], [88437.5, 1020.0], [88337.5, 6060.0], [88335.0, 14690.0], [88332.5, 50000.0], [88330.0, 3400.0], [88327.5, 11380.0], [88325.0, 1350.0], [88322.5, 4530.0], [88300.0, 36450.0], [88297.5, 50000.0]], "asks": [[88570.0, 40.0], [88572.5, 9340.0], [88575.0, 21980.0], [88577.5, 21250.0], [88580.0, 21250.0], [88600.0, 300.0], [88602.5, 1030.0], [88617.5, 1830.0], [88620.0, 6130.0], [88627.5, 30.0], [88640.0, 620.0], [88642.5, 2000.0], [88645.0, 80.0], [88667.5, 4810.0], [88670.0, 16730.0], [88672.5, 2000.0], [88700.0, 600.0], [88702.5, 2000.0], [88730.0, 5590.0], [88732.5, 18730.0]]}}}
{"jsonrpc": "2.0", "method": "subscription", "params": {"channel": "book.BTC-2JAN26.none.20.100ms", "data": {"timestamp": 1766455550662, "change_id": 132961768377, "instrument_name": "BTC-2JAN26", "bids": [[88545.0, 750.0], [88542.5, 3000.0], [88522.5, 20.0], [88502.5, 10.0], [88500.0, 5350.0], [88495.0, 16500.0], [88490.0, 600.0], [88487.5, 2000.0], [88442.5, 6430.0], [88440.0, 300.0], [88437.5, 1020.0], [88337.5, 6060.0], [88335.0, 14690.0], [88332.5, 50000.0], [88330.0, 3400.0], [88327.5, 11380.0], [88325.0, 1350.0], [88322.5, 4530.0], [88300.0, 36450.0], [88297.5, 50000.0]], "asks": [[88570.0, 40.0], [88572.5, 6340.0], [88575.0, 21980.0], [88580.0, 21250.0], [88582.5, 3000.0], [88600.0, 300.0], [88602.5, 1030.0], [88617.5, 1830.0], [88620.0, 6130.0], [88627.5, 30.0], [88640.0, 620.0], [88642.5, 2000.0], [88645.0, 80.0], [88667.5, 4810.0], [88670.0, 16730.0], [88672.5, 2000.0], [88700.0, 600.0], [88702.5, 2000.0], [88730.0, 5590.0], [88732.5, 18730.0]]}}}
{"jsonrpc": "2.0", "method": "subscription", "params": {"channel": "book.BTC-2JAN26.none.20.100ms", "data": {"timestamp": 1766455551022, "change_id": 132961768888, "instrument_name": "BTC-2JAN26", "bids": [[88545.0, 750.0], [88542.5, 3000.0], [88522.5, 20.0], [88502.5, 10.0], [88500.0, 5350.0], [88495.0, 16500.0], [88490.0, 600.0], [88487.5, 2000.0], [88442.5, 6430.0], [88440.0, 300.0], [88437.5, 1020.0], [88337.5, 6060.0], [88335.0, 14690.0], [88332.5, 50000.0], [88330.0, 3400.0], [88327.5, 11380.0], [88325.0, 1350.0], [88322.5, 4530.0], [88300.0, 36450.0], [88297.5, 50000.0]], "asks": [[88570.0, 40.0], [88572.5, 6340.0], [88575.0, 21980.0], [88580.0, 21250.0], [88582.5, 3000.0], [88585.0, 21260.0], [88600.0, 300.0], [88602.5, 1030.0], [88617.5, 1830.0], [88620.0, 6130.0], [88627.5, 30.0], [88640.0, 620.0], [88642.5, 2000.0], [88645.0, 80.0], [88667.5, 4810.0], [88670.0, 16730.0], [88672.5, 2000.0], [88700.0, 600.0], [88702.5, 2000.0], [88730.0, 5590.0]]}}}
{"jsonrpc": "2.0", "method": "subscription", "params": {"channel": "book.BTC-2JAN26.none.20.100ms", "data": {"timestamp": 1766455551235, "change_id": 132961769369, "instrument_name": "BTC-2JAN26", "bids": [[88545.0, 750.0], [88542.5, 3000.0], [88532.5, 20.0], [88502.5, 10.0], [88500.0, 5350.0], [88495.0, 16500.0], [88490.0, 600.0], [88487.5, 2000.0], [88445.0, 1920.0], [88442.5, 6430.0], [88440.0, 300.0], [88437.5, 1020.0], [88340.0, 1810.0], [88337.5, 6060.0], [88335.0, 14690.0], [88332.5, 50000.0], [88330.0, 3400.0], [88327.5, 11380.0], [88325.0, 1350.0], [88322.5, 4530.0]], "asks": [[88570.0, 40.0], [88572.5, 6340.0], [88575.0, 21980.0], [88580.0, 21250.0], [88582.5, 3000.0], [88585.0, 21260.0], [88600.0, 300.0], [88602.5, 1030.0], [88617.5, 1830.0], [88620.0, 6130.0], [88627.5, 30.0], [88640.0, 620.0], [88642.5, 2000.0], [88645.0, 80.0], [88667.5, 4810.0], [88670.0, 16730.0], [88672.5, 2000.0], [88700.0, 600.0], [88702.5, 2000.0], [88730.0, 5590.0]]}}}
{"jsonrpc": "2.0", "method": "subscription", "params": {"channel": "book.BTC-2JAN26.none.20.100ms", "data": {"timestamp": 1766455551555, "change_id": 132961769764, "instrument_name": "BTC-2JAN26", "bids": [[88545.0, 750.0], [88542.5, 3000.0], [88532.5, 20.0], [88502.5, 10.0], [88500.0, 5350.0], [88495.0, 16500.0], [88490.0, 600.0], [88487.5, 2000.0], [88445.0, 1920.0], [88442.5, 6430.0], [88440.0, 300.0], [88437.5, 1020.0], [88340.0, 4080.0], [88337.5, 6060.0], [88335.0, 14690.0], [88332.5, 50000.0], [88330.0, 3400.0], [88327.5, 9110.0], [88325.0, 1350.0], [88322.5, 4530.0]], "asks": [[88570.0, 40.0], [88572.5, 6340.0], [88575.0, 21980.0], [88580.0, 21250.0], [88582.5, 3000.0], [88585.0, 21260.0], [88600.0, 300.0], [88602.5, 1030.0], [88617.5, 1830.0], [88620.0, 6130.0], [88627.5, 30.0], [88640.0, 620.0], [88642.5, 2000.0], [88645.0, 80.0], [88667.5, 4810.0], [88670.0, 16730.0], [88672.5, 2000.0], [88700.0, 600.0], [88702.5, 2000.0], [88730.0, 5590.0]]}}}
