{"jsonrpc": "2.0", "id": 1, "result": ["book.BTC-19SEP25.none.20.100ms", "book.BTC-12SEP25.none.20.100ms"], "usIn": 1757654517971751, "usOut": 1757654517972032, "usDiff": 281, "testnet": false}
{"jsonrpc": "2.0", "method": "subscription", "params": {"channel": "book.BTC-19SEP25.none.20.100ms", "data": {"timestamp": 1757654517951, "change_id": 117135827502, "instrument_name": "BTC-19SEP25", "bids": [[115840.0, 7450.0], [115837.5, 2880.0], [115835.0, 9600.0], [115832.5, 18200.0], [115830.0, 76580.0], [115822.5, 660.0], [115820.0, 35980.0], [115817.5, 160.0], [115812.5, 80610.0], [115810.0, 35240.0], [115807.5, 48000.0], [115802.5, 2450.0], [115727.5, 650.0], [115720.0, 6300.0], [115715.0, 44700.0], [115702.5, 660.0], [115697.5, 30000.0], [115690.0, 640.0], [115667.5, 20.0], [115630.0, 6320.0]], "asks": [[115842.5, 58620.0], [115847.5, 5800.0], [115850.0, 9760.0], [115852.5, 9620.0], [115855.0, 12050.0], [115857.5, 34580.0], [115860.0, 42660.0], [115867.5, 39580.0], [115872.5, 18240.0], [115877.5, 34580.0], [115880.0, 2000.0], [115885.0, 3100.0], [115920.0, 650.0], [115925.0, 6360.0], [115940.0, 12000.0], [115942.5, 640.0], [115945.0, 20.0], [115955.0, 30670.0], [115965.0, 10.0], [115967.5, 19130.0]]}}}
{"jsonrpc": "2.0", "method": "subscription", "params": {"channel": "book.BTC-12SEP25.none.20.100ms", "data": {"timestamp": 1757654517942, "change_id": 117135827493, "instrument_name": "BTC-12SEP25", "bids": [[115640.0, 2330.0], [115637.5, 55520.0], [115635.0, 16190.0], [115632.5, 10400.0], [115630.0, 10400.0], [115627.5, 10400.0], [115625.0, 2330.0], [115622.5, 1960.0], [115620.0, 5000.0], [115610.0, 2010.0], [115597.5, 2150.0], [115580.0, 2040.0], [115575.0, 2000.0], [115567.5, 1980.0], [115505.0, 12500.0], [115490.0, 2020.0], [115487.5, 40.0], [115482.5, 20.0], [115480.0, 12000.0], [115477.5, 46050.0]], "asks": [[115642.5, 2000.0], [115645.0, 5160.0], [115647.5, 2330.0], [115665.0, 43990.0], [115667.5, 59330.0], [115672.5, 2000.0], [115675.0, 2330.0], [115690.0, 2040.0], [115700.0, 24980.0], [115702.5, 3990.0], [115760.0, 20.0], [115775.0, 43420.0], [115802.5, 2000.0], [115815.0, 8990.0], [115835.0, 50560.0], [115840.0, 2040.0], [115845.0, 24850.0], [115862.5, 1950.0], [115870.0, 9600.0], [115887.5, 2040.0]]}}}
{"jsonrpc": "2.0", "method": "subscription", "params": {"channel": "book.BTC-19SEP25.none.20.100ms", "data": {"timestamp": 1757654517951, "change_id": 117135827502, "instrument_name": "BTC-19SEP25", "bids": [[115840.0, 7450.0], [115837.5, 2880.0], [115835.0, 9600.0], [115832.5, 18200.0], [115830.0, 76580.0], [115822.5, 660.0], [115820.0, 35980.0], [115817.5, 160.0], [115812.5, 80610.0], [115810.0, 35240.0], [115807.5, 48000.0], [115802.5, 2450.0], [115727.5, 650.0], [115720.0, 6300.0], [115715.0, 44700.0], [115702.5, 660.0], [115697.5, 30000.0], [115690.0, 640.0], [115667.5, 20.0], [115630.0, 6320.0]], "asks": [[115842.5, 58620.0], [115847.5, 5800.0], [115850.0, 9760.0], [115852.5, 9620.0], [115855.0, 12050.0], [115857.5, 34580.0], [115860.0, 42660.0], [115867.5, 39580.0], [115872.5, 18240.0], [115877.5, 34580.0], [115880.0, 2000.0], [115885.0, 3100.0], [115920.0, 650.0], [115925.0, 6360.0], [115940.0, 12000.0], [115942.5, 640.0], [115945.0, 20.0], [115955.0, 30670.0], [115965.0, 10.0], [115967.5, 19130.0]]}}}
{"jsonrpc": "2.0", "method": "subscription", "params": {"channel": "book.BTC-12SEP25.none.20.100ms", "data": {"timestamp": 1757654517942, "change_id": 117135827493, "instrument_name": "BTC-12SEP25", "bids": [[115640.0, 2330.0], [115637.5, 55520.0], [115635.0, 16190.0], [115632.5, 10400.0], [115630.0, 10400.0], [115627.5, 10400.0], [115625.0, 2330.0], [115622.5, 1960.0], [115620.0, 5000.0], [115610.0, 2010.0], [115597.5, 2150.0], [115580.0, 2040.0], [115575.0, 2000.0], [115567.5, 1980.0], [115505.0, 12500.0], [115490.0, 2020.0], [115487.5, 40.0], [115482.5, 20.0], [115480.0, 12000.0], [115477.5, 46050.0]], "asks": [[115642.5, 2000.0], [115645.0, 5160.0], [115647.5, 2330.0], [115665.0, 43990.0], [115667.5, 59330.0], [115672.5, 2000.0], [115675.0, 2330.0], [115690.0, 2040.0], [115700.0, 24980.0], [115702.5, 3990.0], [115760.0, 20.0], [115775.0, 43420.0], [115802.5, 2000.0], [115815.0, 8990.0], [115835.0, 50560.0], [115840.0, 2040.0], [115845.0, 24850.0], [115862.5, 1950.0], [115870.0, 9600.0], [115887.5, 2040.0]]}}}
{"jsonrpc": "2.0", "method": "subscription", "params": {"channel": "book.BTC-12SEP25.none.20.100ms", "data": {"timestamp": 1757654518498, "change_id": 117135828259, "instrument_name": "BTC-12SEP25", "bids": [[115640.0, 14680.0], [115637.5, 55520.0], [115635.0, 16190.0], [115632.5, 10400.0], [115630.0, 10400.0], [115625.0, 2330.0], [115622.5, 1960.0], [115620.0, 5000.0], [115610.0, 2010.0], [115597.5, 2150.0], [115580.0, 2040.0], [115575.0, 2000.0], [115567.5, 1980.0], [115492.5, 12500.0], [115490.0, 2020.0], [115487.5, 40.0], [115482.5, 20.0], [115480.0, 12000.0], [115477.5, 46050.0], [115465.0, 25320.0]], "asks": [[115642.5, 2000.0], [115645.0, 160.0], [115665.0, 1990.0], [115667.5, 20.0], [115672.5, 2000.0], [115690.0, 2040.0], [115700.0, 24980.0], [115702.5, 3990.0], [115760.0, 20.0], [115775.0, 43420.0], [115802.5, 2000.0], [115815.0, 8990.0], [115835.0, 50560.0], [115840.0, 2040.0], [115845.0, 24850.0], [115862.5, 1950.0], [115870.0, 9600.0], [115887.5, 2040.0], [115942.5, 3310.0], [115975.0, 1980.0]]}}}
{"jsonrpc": "2.0", "method": "subscription", "params": {"channel": "book.BTC-19SEP25.none.20.100ms", "data": {"timestamp": 1757654518457, "change_id": 117135828292, "instrument_name": "BTC-19SEP25", "bids": [[115840.0, 8090.0], [115837.5, 2880.0], [115835.0, 9600.0], [115832.5, 18200.0], [115830.0, 34580.0], [115822.5, 660.0], [115820.0, 35980.0], [115817.5, 58770.0], [115812.5, 70000.0], [115810.0, 35240.0], [115802.5, 2450.0], [115727.5, 650.0], [115717.5, 6300.0], [115715.0, 44700.0], [115702.5, 660.0], [115697.5, 30000.0], [115690.0, 640.0], [115667.5, 20.0], [115630.0, 6320.0], [115600.0, 660.0]], "asks": [[115842.5, 48010.0], [115852.5, 20.0], [115860.0, 660.0], [115867.5, 34580.0], [115870.0, 160.0], [115872.5, 660.0], [115877.5, 34580.0], [115885.0, 650.0], [115910.0, 2000.0], [115920.0, 650.0], [115925.0, 6360.0], [115935.0, 3000.0], [115940.0, 12000.0], [115942.5, 640.0], [115945.0, 20.0], [115955.0, 30670.0], [115965.0, 10.0], [115967.5, 19130.0], [115980.0, 640.0], [115995.0, 43870.0]]}}}
{"jsonrpc": "2.0", "method": "subscription", "params": {"channel": "book.BTC-19SEP25.none.20.100ms", "data": {"timestamp": 1757654518832, "change_id": 117135829816, "instrument_name": "BTC-19SEP25", "bids": [[115840.0, 59690.0], [115837.5, 2880.0], [115835.0, 9600.0], [115832.5, 18200.0], [115830.0, 37190.0], [115825.0, 70000.0], [115822.5, 11270.0], [115820.0, 35980.0], [115817.5, 48000.0], [115810.0, 35240.0], [115727.5, 650.0], [115715.0, 44700.0], [115705.0, 6300.0], [115702.5, 660.0], [115697.5, 30000.0], [115690.0, 640.0], [115667.5, 20.0], [115612.5, 6320.0], [115600.0, 660.0], [115590.0, 1230.0]], "asks": [[115842.5, 10.0], [115852.5, 20.0], [115857.5, 57600.0], [115860.0, 660.0], [115865.0, 9600.0], [115867.5, 34580.0], [115870.0, 160.0], [115872.5, 660.0], [115875.0, 44450.0], [115877.5, 34580.0], [115885.0, 650.0], [115897.5, 5640.0], [115910.0, 2000.0], [115912.5, 2450.0], [115920.0, 650.0], [115925.0, 6360.0], [115940.0, 12000.0], [115942.5, 640.0], [115945.0, 20.0], [115955.0, 30670.0]]}}}
{"jsonrpc": "2.0", "method": "subscription", "params": {"channel": "book.BTC-12SEP25.none.20.100ms", "data": {"timestamp": 1757654518829, "change_id": 117135829942, "instrument_name": "BTC-12SEP25", "bids": [[115640.0, 14680.0], [115637.5, 55520.0], [115635.0, 21190.0], [115632.5, 10400.0], [115630.0, 10400.0], [115625.0, 2330.0], [115622.5, 1960.0], [115610.0, 2170.0], [115580.0, 2040.0], [115575.0, 2000.0], [115567.5, 1980.0], [115507.5, 12500.0], [115490.0, 2020.0], [115487.5, 40.0], [115482.5, 20.0], [115480.0, 12000.0], [115477.5, 46050.0], [115452.5, 1990.0], [115450.0, 25320.0], [115390.0, 20.0]], "asks": [[115642.5, 2000.0], [115645.0, 160.0], [115665.0, 6990.0], [115667.5, 2350.0], [115672.5, 2000.0], [115677.5, 42000.0], [115690.0, 2040.0], [115700.0, 27310.0], [115702.5, 3990.0], [115760.0, 20.0], [115775.0, 43420.0], [115802.5, 2000.0], [115815.0, 8990.0], [115835.0, 50560.0], [115840.0, 2040.0], [115845.0, 24850.0], [115862.5, 1950.0], [115870.0, 9600.0], [115887.5, 2040.0], [115942.5, 3310.0]]}}}
{"jsonrpc": "2.0", "method": "subscription", "params": {"channel": "book.BTC-12SEP25.none.20.100ms", "data": {"timestamp": 1757654519147, "change_id": 117135830912, "instrument_name": "BTC-12SEP25", "bids": [[115640.0, 14680.0], [115637.5, 55520.0], [115635.0, 21190.0], [115632.5, 10400.0], [115630.0, 10400.0], [115625.0, 2330.0], [115622.5, 1960.0], [115612.5, 101730.0], [115610.0, 2170.0], [115605.0, 2000.0], [115580.0, 2040.0], [115567.5, 1980.0], [115507.5, 12500.0], [115490.0, 2020.0], [115487.5, 40.0], [115482.5, 20.0], [115480.0, 12000.0], [115477.5, 46050.0], [115452.5, 1990.0], [115450.0, 25320.0]], "asks": [[115642.5, 2000.0], [115645.0, 160.0], [115665.0, 6990.0], [115667.5, 20.0], [115670.0, 2330.0], [115672.5, 2000.0], [115677.5, 1950.0], [115682.5, 42000.0], [115690.0, 2040.0], [115700.0, 27310.0], [115702.5, 3990.0], [115760.0, 20.0], [115775.0, 43420.0], [115802.5, 2000.0], [115815.0, 8990.0], [115835.0, 50560.0], [115840.0, 2040.0], [115845.0, 24850.0], [115862.5, 1950.0], [115870.0, 9600.0]]}}}
{"jsonrpc": "2.0", "method": "subscription", "params": {"channel": "book.BTC-19SEP25.none.20.100ms", "data": {"timestamp": 1757654518859, "change_id": 117135830372, "instrument_name": "BTC-19SEP25", "bids": [[115840.0, 59690.0], [115837.5, 2880.0], [115835.0, 9600.0], [115832.5, 13300.0], [115830.0, 37190.0], [115825.0, 70000.0], [115822.5, 11270.0], [115820.0, 35980.0], [115817.5, 48000.0], [115810.0, 35240.0], [115727.5, 650.0], [115715.0, 44700.0], [115705.0, 6300.0], [115702.5, 660.0], [115697.5, 30000.0], [115690.0, 640.0], [115667.5, 20.0], [115612.5, 6320.0], [115600.0, 660.0], [115590.0, 1230.0]], "asks": [[115842.5, 10620.0], [115852.5, 20.0], [115857.5, 57600.0], [115860.0, 660.0], [115865.0, 9600.0], [115867.5, 34580.0], [115870.0, 160.0], [115872.5, 660.0], [115875.0, 44450.0], [115877.5, 34580.0], [115885.0, 650.0], [115897.5, 5640.0], [115910.0, 2000.0], [115912.5, 2450.0], [115920.0, 650.0], [115925.0, 6360.0], [115940.0, 12000.0], [115942.5, 640.0], [115945.0, 20.0], [115955.0, 30670.0]]}}}
{"jsonrpc": "2.0", "method": "subscription", "params": {"channel": "book.BTC-19SEP25.none.20.100ms", "data": {"timestamp": 1757654519398, "change_id": 117135831236, "instrument_name": "BTC-19SEP25", "bids": [[115840.0, 59690.0], [115837.5, 1920.0], [115835.0, 6400.0], [115832.5, 13300.0], [115830.0, 37190.0], [115827.5, 980.0], [115825.0, 70000.0], [115822.5, 11270.0], [115820.0, 35980.0], [115817.5, 48000.0], [115810.0, 35240.0], [115727.5, 650.0], [115715.0, 44700.0], [115705.0, 6300.0], [115702.5, 660.0], [115697.5, 30000.0], [115690.0, 640.0], [115667.5, 20.0], [115612.5, 6320.0], [115600.0, 660.0]], "asks": [[115842.5, 10620.0], [115852.5, 20.0], [115857.5, 57600.0], [115860.0, 660.0], [115865.0, 9600.0], [115867.5, 76580.0], [115870.0, 160.0], [115872.5, 660.0], [115875.0, 2450.0], [115877.5, 34580.0], [115885.0, 650.0], [115897.5, 5640.0], [115910.0, 2000.0], [115912.5, 2450.0], [115920.0, 650.0], [115925.0, 6360.0], [115940.0, 12000.0], [115942.5, 640.0], [115945.0, 20.0], [115955.0, 30670.0]]}}}
{"jsonrpc": "2.0", "method": "subscription", "params": {"channel": "book.BTC-12SEP25.none.20.100ms", "data": {"timestamp": 1757654519496, "change_id": 117135831354, "instrument_name": "BTC-12SEP25", "bids": [[115640.0, 14680.0], [115637.5, 55520.0], [115635.0, 21190.0], [115632.5, 10400.0], [115630.0, 10400.0], [115625.0, 2330.0], [115622.5, 1960.0], [115612.5, 101730.0], [115610.0, 2170.0], [115605.0, 2000.0], [115580.0, 2040.0], [115567.5, 1980.0], [115507.5, 12500.0], [115490.0, 2020.0], [115487.5, 40.0], [115482.5, 20.0], [115480.0, 12000.0], [115477.5, 46050.0], [115452.5, 1990.0], [115450.0, 25320.0]], "asks": [[115642.5, 2000.0], [115645.0, 160.0], [115665.0, 9320.0], [115667.5, 20.0], [115672.5, 2000.0], [115677.5, 1950.0], [115682.5, 42000.0], [115690.0, 2040.0], [115700.0, 27310.0], [115702.5, 3990.0], [115760.0, 20.0], [115775.0, 43420.0], [115802.5, 2000.0], [115815.0, 8990.0], [115835.0, 50560.0], [115840.0, 2040.0], [115845.0, 24850.0], [115862.5, 1950.0], [115870.0, 9600.0], [115887.5, 2040.0]]}}}
{"jsonrpc": "2.0", "method": "subscription", "params": {"channel": "book.BTC-12SEP25.none.20.100ms", "data": {"timestamp": 1757654519615, "change_id": 117135831725, "instrument_name": "BTC-12SEP25", "bids": [[115640.0, 14680.0], [115637.5, 55520.0], [115635.0, 21190.0], [115632.5, 10400.0], [115630.0, 10400.0], [115625.0, 2330.0], [115622.5, 1960.0], [115612.5, 101730.0], [115610.0, 2170.0], [115605.0, 2000.0], [115580.0, 2040.0], [115567.5, 1980.0], [115507.5, 12500.0], [115490.0, 2020.0], [115487.5, 40.0], [115482.5, 20.0], [115480.0, 12000.0], [115477.5, 46050.0], [115452.5, 1990.0], [115450.0, 25320.0]], "asks": [[115642.5, 2000.0], [115645.0, 160.0], [115657.5, 5000.0], [115665.0, 4320.0], [115667.5, 20.0], [115672.5, 2000.0], [115677.5, 1950.0], [115682.5, 42000.0], [115690.0, 2040.0], [115700.0, 27310.0], [115702.5, 3990.0], [115760.0, 20.0], [115775.0, 43420.0], [115802.5, 2000.0], [115815.0, 8990.0], [115835.0, 50560.0], [115840.0, 2040.0], [115845.0, 24850.0], [115862.5, 1950.0], [115870.0, 9600.0]]}}}
{"jsonrpc": "2.0", "method": "subscription", "params": {"channel": "book.BTC-19SEP25.none.20.100ms", "data": {"timestamp": 1757654519689, "change_id": 117135831841, "instrument_name": "BTC-19SEP25", "bids": [[115840.0, 59690.0], [115837.5, 1920.0], [115835.0, 6400.0], [115832.5, 13300.0], [115830.0, 37190.0], [115827.5, 980.0], [115825.0, 70000.0], [115822.5, 11270.0], [115820.0, 35980.0], [115817.5, 48000.0], [115810.0, 35240.0], [115727.5, 650.0], [115715.0, 44700.0], [115705.0, 6300.0], [115702.5, 660.0], [115697.5, 30000.0], [115690.0, 640.0], [115667.5, 20.0], [115612.5, 6320.0], [115600.0, 660.0]], "asks": [[115842.5, 20220.0], [115852.5, 20.0], [115857.5, 57600.0], [115860.0, 660.0], [115865.0, 9600.0], [115867.5, 76580.0], [115870.0, 160.0], [115872.5, 660.0], [115875.0, 2450.0], [115877.5, 34580.0], [115885.0, 650.0], [115890.0, 5000.0], [115897.5, 640.0], [115910.0, 2000.0], [115912.5, 2450.0], [115920.0, 650.0], [115925.0, 6360.0], [115940.0, 12000.0], [115942.5, 640.0], [115945.0, 20.0]]}}}
{"jsonrpc": "2.0", "method": "subscription", "params": {"channel": "book.BTC-12SEP25.none.20.100ms", "data": {"timestamp": 1757654520395, "change_id": 117135832615, "instrument_name": "BTC-12SEP25", "bids": [[115640.0, 17170.0], [115637.5, 55520.0], [115635.0, 21190.0], [115632.5, 10400.0], [115630.0, 10400.0], [115625.0, 2330.0], [115622.5, 1960.0], [115612.5, 101730.0], [115610.0, 2170.0], [115605.0, 2000.0], [115580.0, 2040.0], [115567.5, 1980.0], [115507.5, 12500.0], [115490.0, 2020.0], [115487.5, 40.0], [115482.5, 20.0], [115480.0, 12000.0], [115477.5, 46050.0], [115452.5, 1990.0], [115450.0, 25320.0]], "asks": [[115642.5, 2000.0], [115645.0, 160.0], [115657.5, 7410.0], [115665.0, 1990.0], [115667.5, 20.0], [115672.5, 2000.0], [115675.0, 2410.0], [115677.5, 1950.0], [115682.5, 42000.0], [115690.0, 2040.0], [115700.0, 27310.0], [115702.5, 3990.0], [115760.0, 20.0], [115775.0, 43420.0], [115802.5, 2000.0], [115815.0, 8990.0], [115835.0, 50560.0], [115840.0, 2040.0], [115845.0, 24850.0], [115862.5, 1950.0]]}}}
{"jsonrpc": "2.0", "method": "subscription", "params": {"channel": "book.BTC-19SEP25.none.20.100ms", "data": {"timestamp": 1757654520491, "change_id": 117135832713, "instrument_name": "BTC-19SEP25", "bids": [[115840.0, 52140.0], [115837.5, 1920.0], [115832.5, 15550.0], [115830.0, 34740.0], [115827.5, 980.0], [115825.0, 70000.0], [115822.5, 660.0], [115820.0, 35980.0], [115817.5, 48000.0], [115810.0, 35240.0], [115727.5, 650.0], [115715.0, 44700.0], [115705.0, 6300.0], [115702.5, 660.0], [115697.5, 30000.0], [115690.0, 640.0], [115667.5, 20.0], [115612.5, 6320.0], [115600.0, 660.0], [115590.0, 1230.0]], "asks": [[115842.5, 20220.0], [115852.5, 34600.0], [115857.5, 9600.0], [115860.0, 660.0], [115865.0, 11850.0], [115867.5, 76580.0], [115870.0, 160.0], [115872.5, 660.0], [115877.5, 34580.0], [115885.0, 2900.0], [115890.0, 5000.0], [115897.5, 640.0], [115902.5, 2250.0], [115910.0, 2000.0], [115920.0, 650.0], [115925.0, 6360.0], [115940.0, 12000.0], [115942.5, 640.0], [115945.0, 20.0], [115955.0, 30670.0]]}}}
{"jsonrpc": "2.0", "method": "subscription", "params": {"channel": "book.BTC-12SEP25.none.20.100ms", "data": {"timestamp": 1757654520762, "change_id": 117135833438, "instrument_name": "BTC-12SEP25", "bids": [[115640.0, 17170.0], [115637.5, 55520.0], [115635.0, 16190.0], [115632.5, 15400.0], [115630.0, 10400.0], [115622.5, 4370.0], [115612.5, 101730.0], [115610.0, 2170.0], [115605.0, 2000.0], [115580.0, 2040.0], [115567.5, 1980.0], [115507.5, 12500.0], [115490.0, 2020.0], [115487.5, 40.0], [115482.5, 20.0], [115480.0, 12000.0], [115477.5, 46050.0], [115452.5, 1990.0], [115450.0, 25320.0], [115390.0, 20.0]], "asks": [[115642.5, 2000.0], [115645.0, 160.0], [115655.0, 2410.0], [115657.5, 5000.0], [115665.0, 1990.0], [115667.5, 20.0], [115672.5, 2000.0], [115675.0, 44410.0], [115677.5, 1950.0], [115690.0, 2040.0], [115692.5, 2410.0], [115700.0, 24980.0], [115702.5, 3990.0], [115760.0, 20.0], [115775.0, 43420.0], [115802.5, 2000.0], [115815.0, 8990.0], [115835.0, 50560.0], [115840.0, 2040.0], [115845.0, 24850.0]]}}}
{"jsonrpc": "2.0", "method": "subscription", "params": {"channel": "book.BTC-19SEP25.none.20.100ms", "data": {"timestamp": 1757654520519, "change_id": 117135833279, "instrument_name": "BTC-19SEP25", "bids": [[115840.0, 51500.0], [115837.5, 2880.0], [115835.0, 9600.0], [115832.5, 21850.0], [115830.0, 34740.0], [115825.0, 70000.0], [115822.5, 11260.0], [115820.0, 35980.0], [115817.5, 48000.0], [115810.0, 35240.0], [115727.5, 650.0], [115715.0, 44700.0], [115705.0, 6300.0], [115702.5, 660.0], [115697.5, 30000.0], [115690.0, 640.0], [115667.5, 20.0], [115612.5, 6320.0], [115600.0, 660.0], [115590.0, 1230.0]], "asks": [[115842.5, 20220.0], [115847.5, 5800.0], [115850.0, 48000.0], [115852.5, 34600.0], [115857.5, 9600.0], [115860.0, 42660.0], [115862.5, 2250.0], [115865.0, 9600.0], [115867.5, 34580.0], [115870.0, 160.0], [115872.5, 660.0], [115877.5, 34580.0], [115885.0, 2900.0], [115890.0, 5000.0], [115897.5, 640.0], [115902.5, 2250.0], [115910.0, 2000.0], [115920.0, 650.0], [115925.0, 6360.0], [115940.0, 12000.0]]}}}
{"jsonrpc": "2.0", "method": "subscription", "params": {"channel": "book.BTC-12SEP25.none.20.100ms", "data": {"timestamp": 1757654521057, "change_id": 117135833850, "instrument_name": "BTC-12SEP25", "bids": [[115640.0, 22170.0], [115637.5, 55520.0], [115635.0, 16190.0], [115632.5, 10400.0], [115630.0, 10400.0], [115622.5, 4370.0], [115612.5, 101730.0], [115610.0, 2170.0], [115605.0, 2000.0], [115580.0, 2040.0], [115567.5, 1980.0], [115507.5, 12500.0], [115490.0, 2020.0], [115487.5, 40.0], [115482.5, 20.0], [115480.0, 12000.0], [115477.5, 46050.0], [115452.5, 1990.0], [115450.0, 25320.0], [115390.0, 20.0]], "asks": [[115642.5, 2000.0], [115645.0, 160.0], [115657.5, 7410.0], [115665.0, 1990.0], [115667.5, 20.0], [115672.5, 2000.0], [115675.0, 2410.0], [115677.5, 1950.0], [115690.0, 44040.0], [115692.5, 2410.0], [115700.0, 24980.0], [115702.5, 3990.0], [115760.0, 20.0], [115775.0, 43420.0], [115802.5, 2000.0], [115815.0, 8990.0], [115835.0, 50560.0], [115840.0, 2040.0], [115845.0, 24850.0], [115862.5, 1950.0]]}}}
{"jsonrpc": "2.0", "method": "subscription", "params": {"channel": "book.BTC-19SEP25.none.20.100ms", "data": {"timestamp": 1757654521086, "change_id": 117135833965, "instrument_name": "BTC-19SEP25", "bids": [[115840.0, 51500.0], [115837.5, 2880.0], [115835.0, 9600.0], [115832.5, 21850.0], [115830.0, 34740.0], [115825.0, 70000.0], [115822.5, 11260.0], [115820.0, 35980.0], [115817.5, 48000.0], [115810.0, 35240.0], [115727.5, 650.0], [115715.0, 44700.0], [115705.0, 6300.0], [115702.5, 660.0], [115697.5, 30000.0], [115690.0, 640.0], [115667.5, 20.0], [115612.5, 6320.0], [115600.0, 660.0], [115590.0, 1230.0]], "asks": [[115842.5, 10610.0], [115847.5, 5800.0], [115850.0, 48000.0], [115852.5, 20.0], [115857.5, 9600.0], [115860.0, 660.0], [115865.0, 11850.0], [115867.5, 34580.0], [115870.0, 160.0], [115872.5, 660.0], [115875.0, 42000.0], [115877.5, 34580.0], [115885.0, 2900.0], [115890.0, 5000.0], [115897.5, 640.0], [115902.5, 2250.0], [115910.0, 2000.0], [115920.0, 650.0], [115925.0, 6360.0], [115940.0, 12000.0]]}}}
{"jsonrpc": "2.0", "method": "subscription", "params": {"channel": "book.BTC-12SEP25.none.20.100ms", "data": {"timestamp": 1757654521375, "change_id": 117135834307, "instrument_name": "BTC-12SEP25", "bids": [[115640.0, 22170.0], [115637.5, 55520.0], [115635.0, 16190.0], [115632.5, 10400.0], [115630.0, 10400.0], [115622.5, 4370.0], [115612.5, 101730.0], [115610.0, 2170.0], [115605.0, 2000.0], [115580.0, 2040.0], [115567.5, 1980.0], [115507.5, 12500.0], [115490.0, 2020.0], [115487.5, 40.0], [115482.5, 20.0], [115480.0, 12000.0], [115477.5, 46050.0], [115452.5, 1990.0], [115450.0, 25320.0], [115390.0, 20.0]], "asks": [[115642.5, 2000.0], [115645.0, 160.0], [115657.5, 7410.0], [115665.0, 1990.0], [115667.5, 20.0], [115672.5, 2000.0], [115675.0, 2410.0], [115677.5, 1950.0], [115690.0, 44040.0], [115692.5, 2410.0], [115700.0, 24980.0], [115702.5, 3990.0], [115760.0, 20.0], [115775.0, 43420.0], [115802.5, 2000.0], [115815.0, 8990.0], [115835.0, 50560.0], [115840.0, 2040.0], [115845.0, 24850.0], [115862.5, 1950.0]]}}}
{"jsonrpc": "2.0", "method": "subscription", "params": {"channel": "book.BTC-19SEP25.none.20.100ms", "data": {"timestamp": 1757654521422, "change_id": 117135834335, "instrument_name": "BTC-19SEP25", "bids": [[115840.0, 61100.0], [115837.5, 2880.0], [115835.0, 9600.0], [115832.5, 15550.0], [115830.0, 45340.0], [115825.0, 118000.0], [115822.5, 660.0], [115820.0, 35980.0], [115810.0, 35240.0], [115727.5, 650.0], [115715.0, 44700.0], [115705.0, 6300.0], [115702.5, 660.0], [115697.5, 30000.0], [115690.0, 640.0], [115667.5, 20.0], [115612.5, 6320.0], [115600.0, 660.0], [115590.0, 1230.0], [115575.0, 20.0]], "asks": [[115842.5, 90.0], [115847.5, 5800.0], [115850.0, 48000.0], [115852.5, 20.0], [115857.5, 9600.0], [115860.0, 660.0], [115865.0, 11850.0], [115867.5, 34580.0], [115870.0, 160.0], [115872.5, 660.0], [115875.0, 42000.0], [115877.5, 34580.0], [115885.0, 2900.0], [115890.0, 5000.0], [115897.5, 640.0], [115902.5, 2250.0], [115910.0, 2000.0], [115920.0, 650.0], [115925.0, 6360.0], [115940.0, 12000.0]]}}}
{"jsonrpc": "2.0", "method": "subscription", "params": {"channel": "book.BTC-19SEP25.none.20.100ms", "data": {"timestamp": 1757654521666, "change_id": 117135834760, "instrument_name": "BTC-19SEP25", "bids": [[115840.0, 61100.0], [115837.5, 2880.0], [115835.0, 9600.0], [115832.5, 15550.0], [115830.0, 45340.0], [115825.0, 118000.0], [115822.5, 660.0], [115820.0, 35980.0], [115810.0, 35240.0], [115727.5, 650.0], [115715.0, 44700.0], [115705.0, 6300.0], [115702.5, 660.0], [115697.5, 30000.0], [115690.0, 640.0], [115667.5, 20.0], [115612.5, 6320.0], [115600.0, 660.0], [115590.0, 1230.0], [115575.0, 20.0]], "asks": [[115842.5, 90.0], [115847.5, 9600.0], [115850.0, 48000.0], [115852.5, 20.0], [115857.5, 9600.0], [115860.0, 660.0], [115862.5, 5800.0], [115865.0, 11850.0], [115867.5, 34580.0], [115870.0, 160.0], [115872.5, 660.0], [115875.0, 42000.0], [115877.5, 34580.0], [115885.0, 2900.0], [115890.0, 5000.0], [115897.5, 640.0], [115902.5, 2250.0], [115910.0, 2000.0], [115920.0, 650.0], [115925.0, 6360.0]]}}}
{"jsonrpc": "2.0", "method": "subscription", "params": {"channel": "book.BTC-12SEP25.none.20.100ms", "data": {"timestamp": 1757654521639, "change_id": 117135834738, "instrument_name": "BTC-12SEP25", "bids": [[115640.0, 22170.0], [115637.5, 55520.0], [115635.0, 16190.0], [115632.5, 10400.0], [115630.0, 10400.0], [115622.5, 4370.0], [115612.5, 101730.0], [115610.0, 2170.0], [115605.0, 2000.0], [115567.5, 1980.0], [115507.5, 12500.0], [115490.0, 2020.0], [115487.5, 40.0], [115482.5, 20.0], [115480.0, 12000.0], [115477.5, 46050.0], [115452.5, 1990.0], [115450.0, 25320.0], [115390.0, 20.0], [115375.0, 2040.0]], "asks": [[115642.5, 2000.0], [115645.0, 160.0], [115657.5, 5000.0], [115660.0, 2410.0], [115665.0, 1990.0], [115667.5, 20.0], [115672.5, 2000.0], [115675.0, 2410.0], [115677.5, 1950.0], [115690.0, 44040.0], [115692.5, 2410.0], [115700.0, 24980.0], [115702.5, 3990.0], [115760.0, 20.0], [115775.0, 43420.0], [115802.5, 2000.0], [115815.0, 8990.0], [115835.0, 50560.0], [115840.0, 2040.0], [115845.0, 24850.0]]}}}
{"jsonrpc": "2.0", "method": "subscription", "params": {"channel": "book.BTC-19SEP25.none.20.100ms", "data": {"timestamp": 1757654522041, "change_id": 117135835225, "instrument_name": "BTC-19SEP25", "bids": [[115845.0, 11640.0], [115842.5, 22490.0], [115840.0, 47000.0], [115832.5, 4860.0], [115830.0, 45340.0], [115825.0, 118000.0], [115822.5, 660.0], [115820.0, 35980.0], [115810.0, 35240.0], [115727.5, 650.0], [115715.0, 44700.0], [115705.0, 6300.0], [115702.5, 660.0], [115697.5, 30000.0], [115690.0, 640.0], [115667.5, 20.0], [115612.5, 6320.0], [115600.0, 660.0], [115590.0, 1230.0], [115575.0, 20.0]], "asks": [[115847.5, 20200.0], [115850.0, 48000.0], [115852.5, 20.0], [115857.5, 44180.0], [115860.0, 660.0], [115862.5, 5800.0], [115865.0, 11850.0], [115867.5, 34580.0], [115872.5, 660.0], [115875.0, 42000.0], [115877.5, 34580.0], [115885.0, 2900.0], [115890.0, 5000.0], [115897.5, 640.0], [115902.5, 2250.0], [115910.0, 2000.0], [115920.0, 650.0], [115925.0, 6360.0], [115940.0, 12000.0], [115942.5, 640.0]]}}}
{"jsonrpc": "2.0", "method": "subscription", "params": {"channel": "book.BTC-12SEP25.none.20.100ms", "data": {"timestamp": 1757654522040, "change_id": 117135835224, "instrument_name": "BTC-12SEP25", "bids": [[115640.0, 22170.0], [115637.5, 55520.0], [115635.0, 16190.0], [115632.5, 10400.0], [115630.0, 10400.0], [115622.5, 4370.0], [115612.5, 101730.0], [115610.0, 2170.0], [115605.0, 2000.0], [115567.5, 1980.0], [115507.5, 12500.0], [115490.0, 2020.0], [115487.5, 40.0], [115482.5, 20.0], [115480.0, 12000.0], [115477.5, 46050.0], [115452.5, 1990.0], [115450.0, 25320.0], [115390.0, 20.0], [115375.0, 2040.0]], "asks": [[115642.5, 2000.0], [115657.5, 5000.0], [115660.0, 2410.0], [115665.0, 1990.0], [115667.5, 20.0], [115672.5, 2000.0], [115675.0, 2410.0], [115677.5, 1950.0], [115690.0, 44040.0], [115692.5, 2410.0], [115700.0, 24980.0], [115702.5, 3990.0], [115760.0, 20.0], [115775.0, 43420.0], [115795.0, 160.0], [115802.5, 2000.0], [115815.0, 8990.0], [115835.0, 50560.0], [115840.0, 2040.0], [115845.0, 24850.0]]}}}
{"jsonrpc": "2.0", "method": "subscription", "params": {"channel": "book.BTC-19SEP25.none.20.100ms", "data": {"timestamp": 1757654522430, "change_id": 117135835600, "instrument_name": "BTC-19SEP25", "bids": [[115845.0, 11640.0], [115842.5, 22490.0], [115840.0, 47000.0], [115832.5, 4860.0], [115830.0, 45340.0], [115825.0, 118000.0], [115822.5, 660.0], [115820.0, 35980.0], [115810.0, 35240.0], [115727.5, 650.0], [115715.0, 44700.0], [115705.0, 6300.0], [115702.5, 660.0], [115697.5, 30000.0], [115690.0, 640.0], [115667.5, 20.0], [115612.5, 6320.0], [115600.0, 660.0], [115590.0, 1230.0], [115575.0, 20.0]], "asks": [[115847.5, 20200.0], [115850.0, 48000.0], [115852.5, 20.0], [115857.5, 44180.0], [115860.0, 660.0], [115862.5, 5800.0], [115865.0, 11850.0], [115867.5, 34580.0], [115872.5, 660.0], [115875.0, 42000.0], [115877.5, 34580.0], [115885.0, 2900.0], [115890.0, 5000.0], [115897.5, 640.0], [115902.5, 2250.0], [115910.0, 2000.0], [115920.0, 650.0], [115925.0, 6360.0], [115940.0, 12000.0], [115942.5, 640.0]]}}}
{"jsonrpc": "2.0", "method": "subscription", "params": {"channel": "book.BTC-12SEP25.none.20.100ms", "data": {"timestamp": 1757654522429, "change_id": 117135835599, "instrument_name": "BTC-12SEP25", "bids": [[115640.0, 22170.0], [115637.5, 55520.0], [115635.0, 16190.0], [115632.5, 10400.0], [115630.0, 10400.0], [115622.5, 4370.0], [115612.5, 101730.0], [115610.0, 2170.0], [115605.0, 2000.0], [115567.5, 1980.0], [115507.5, 12500.0], [115490.0, 2020.0], [115487.5, 40.0], [115482.5, 20.0], [115480.0, 12000.0], [115477.5, 46050.0], [115452.5, 1990.0], [115450.0, 25320.0], [115390.0, 20.0], [115375.0, 2040.0]], "asks": [[115642.5, 2000.0], [115657.5, 5000.0], [115660.0, 2410.0], [115665.0, 1990.0], [115667.5, 20.0], [115672.5, 2000.0], [115675.0, 2410.0], [115677.5, 1950.0], [115690.0, 44040.0], [115692.5, 2410.0], [115700.0, 24980.0], [115702.5, 3990.0], [115760.0, 20.0], [115775.0, 43420.0], [115777.5, 160.0], [115802.5, 2000.0], [115815.0, 8990.0], [115835.0, 50560.0], [115840.0, 2040.0], [115845.0, 24850.0]]}}}
{"jsonrpc": "2.0", "method": "subscription", "params": {"channel": "book.BTC-19SEP25.none.20.100ms", "data": {"timestamp": 1757654522782, "change_id": 117135836120, "instrument_name": "BTC-19SEP25", "bids": [[115845.0, 14740.0], [115842.5, 22490.0], [115840.0, 47000.0], [115832.5, 4860.0], [115830.0, 45340.0], [115825.0, 118000.0], [115822.5, 660.0], [115820.0, 35980.0], [115810.0, 35240.0], [115727.5, 650.0], [115715.0, 44700.0], [115705.0, 6300.0], [115702.5, 660.0], [115697.5, 30000.0], [115690.0, 640.0], [115667.5, 20.0], [115612.5, 6320.0], [115600.0, 660.0], [115590.0, 1230.0], [115575.0, 20.0]], "asks": [[115847.5, 20200.0], [115850.0, 48000.0], [115852.5, 20.0], [115857.5, 44180.0], [115860.0, 660.0], [115862.5, 5800.0], [115865.0, 2250.0], [115867.5, 34580.0], [115872.5, 660.0], [115875.0, 42000.0], [115877.5, 34580.0], [115885.0, 2900.0], [115890.0, 5000.0], [115897.5, 640.0], [115902.5, 2250.0], [115910.0, 2000.0], [115920.0, 650.0], [115925.0, 6360.0], [115940.0, 12000.0], [115942.5, 640.0]]}}}
{"jsonrpc": "2.0", "method": "subscription", "params": {"channel": "book.BTC-12SEP25.none.20.100ms", "data": {"timestamp": 1757654522848, "change_id": 117135836243, "instrument_name": "BTC-12SEP25", "bids": [[115640.0, 22170.0], [115637.5, 55520.0], [115635.0, 16190.0], [115632.5, 10400.0], [115630.0, 10400.0], [115622.5, 4370.0], [115612.5, 101730.0], [115610.0, 2170.0], [115605.0, 2000.0], [115567.5, 1980.0], [115507.5, 12500.0], [115490.0, 2020.0], [115487.5, 40.0], [115482.5, 20.0], [115480.0, 12000.0], [115477.5, 46050.0], [115452.5, 1990.0], [115450.0, 25320.0], [115390.0, 20.0], [115375.0, 2040.0]], "asks": [[115642.5, 2000.0], [115657.5, 5000.0], [115660.0, 2410.0], [115665.0, 1990.0], [115667.5, 20.0], [115672.5, 2000.0], [115675.0, 2410.0], [115677.5, 1950.0], [115690.0, 44040.0], [115692.5, 2410.0], [115700.0, 24980.0], [115702.5, 3990.0], [115760.0, 180.0], [115775.0, 43420.0], [115802.5, 2000.0], [115815.0, 8990.0], [115835.0, 50560.0], [115840.0, 2040.0], [115845.0, 24850.0], [115862.5, 1950.0]]}}}
{"jsonrpc": "2.0", "method": "subscription", "params": {"channel": "book.BTC-19SEP25.none.20.100ms", "data": {"timestamp": 1757654523028, "change_id": 117135836322, "instrument_name": "BTC-19SEP25", "bids": [[115845.0, 14740.0], [115842.5, 22490.0], [115840.0, 47000.0], [115832.5, 4860.0], [115830.0, 45340.0], [115825.0, 118000.0], [115822.5, 660.0], [115820.0, 35980.0], [115810.0, 35240.0], [115727.5, 650.0], [115717.5, 6300.0], [115715.0, 44700.0], [115702.5, 660.0], [115697.5, 30000.0], [115690.0, 640.0], [115667.5, 20.0], [115625.0, 6320.0], [115600.0, 660.0], [115590.0, 1230.0], [115575.0, 20.0]], "asks": [[115847.5, 20200.0], [115850.0, 48000.0], [115852.5, 20.0], [115857.5, 44180.0], [115860.0, 660.0], [115862.5, 5800.0], [115865.0, 2250.0], [115867.5, 34580.0], [115872.5, 660.0], [115875.0, 42000.0], [115877.5, 34580.0], [115885.0, 2900.0], [115890.0, 5000.0], [115897.5, 640.0], [115902.5, 2250.0], [115910.0, 2000.0], [115920.0, 650.0], [115925.0, 6360.0], [115940.0, 12000.0], [115942.5, 640.0]]}}}
{"jsonrpc": "2.0", "method": "subscription", "params": {"channel": "book.BTC-19SEP25.none.20.100ms", "data": {"timestamp": 1757654523163, "change_id": 117135836576, "instrument_name": "BTC-19SEP25", "bids": [[115845.0, 14740.0], [115842.5, 22490.0], [115840.0, 47000.0], [115832.5, 4860.0], [115830.0, 45340.0], [115825.0, 118000.0], [115822.5, 660.0], [115820.0, 35980.0], [115810.0, 35240.0], [115727.5, 650.0], [115717.5, 6300.0], [115715.0, 44700.0], [115702.5, 660.0], [115697.5, 30000.0], [115690.0, 640.0], [115667.5, 20.0], [115625.0, 6320.0], [115600.0, 660.0], [115590.0, 1230.0], [115575.0, 20.0]], "asks": [[115847.5, 20200.0], [115850.0, 48000.0], [115852.5, 20.0], [115857.5, 44180.0], [115860.0, 660.0], [115862.5, 5800.0], [115865.0, 2250.0], [115867.5, 34580.0], [115872.5, 660.0], [115875.0, 42000.0], [115877.5, 34580.0], [115885.0, 2900.0], [115890.0, 5000.0], [115897.5, 640.0], [115902.5, 2250.0], [115910.0, 2000.0], [115920.0, 650.0], [115925.0, 6360.0], [115940.0, 12000.0], [115942.5, 640.0]]}}}
{"jsonrpc": "2.0", "method": "subscription", "params": {"channel": "book.BTC-12SEP25.none.20.100ms", "data": {"timestamp": 1757654523279, "change_id": 117135836725, "instrument_name": "BTC-12SEP25", "bids": [[115640.0, 22170.0], [115637.5, 55520.0], [115635.0, 16190.0], [115632.5, 10400.0], [115630.0, 10400.0], [115622.5, 4370.0], [115612.5, 101730.0], [115610.0, 2170.0], [115605.0, 2000.0], [115567.5, 1980.0], [115510.0, 12500.0], [115490.0, 2020.0], [115487.5, 40.0], [115482.5, 20.0], [115480.0, 12000.0], [115477.5, 46050.0], [115457.5, 25320.0], [115452.5, 1990.0], [115390.0, 20.0], [115375.0, 2040.0]], "asks": [[115642.5, 2000.0], [115657.5, 5000.0], [115660.0, 2410.0], [115665.0, 1990.0], [115667.5, 20.0], [115672.5, 2000.0], [115675.0, 2410.0], [115677.5, 1950.0], [115690.0, 44040.0], [115692.5, 2410.0], [115700.0, 24980.0], [115702.5, 3990.0], [115747.5, 160.0], [115760.0, 20.0], [115775.0, 43420.0], [115802.5, 2000.0], [115815.0, 8990.0], [115840.0, 2040.0], [115845.0, 24850.0], [115862.5, 1950.0]]}}}
{"jsonrpc": "2.0", "method": "subscription", "params": {"channel": "book.BTC-12SEP25.none.20.100ms", "data": {"timestamp": 1757654523696, "change_id": 117135837326, "instrument_name": "BTC-12SEP25", "bids": [[115640.0, 22170.0], [115637.5, 55520.0], [115635.0, 16190.0], [115632.5, 10400.0], [115630.0, 10400.0], [115622.5, 4370.0], [115612.5, 101730.0], [115610.0, 2170.0], [115605.0, 2000.0], [115567.5, 1980.0], [115510.0, 12500.0], [115490.0, 2020.0], [115487.5, 40.0], [115482.5, 20.0], [115480.0, 12000.0], [115477.5, 46050.0], [115457.5, 25320.0], [115452.5, 1990.0], [115390.0, 20.0], [115375.0, 2040.0]], "asks": [[115642.5, 2000.0], [115657.5, 5000.0], [115660.0, 2410.0], [115665.0, 1990.0], [115667.5, 20.0], [115672.5, 2000.0], [115675.0, 2410.0], [115677.5, 1950.0], [115690.0, 44040.0], [115692.5, 2410.0], [115700.0, 24980.0], [115702.5, 3990.0], [115730.0, 160.0], [115760.0, 20.0], [115775.0, 43420.0], [115802.5, 2000.0], [115815.0, 8990.0], [115840.0, 2040.0], [115845.0, 24850.0], [115862.5, 1950.0]]}}}
{"jsonrpc": "2.0", "method": "subscription", "params": {"channel": "book.BTC-19SEP25.none.20.100ms", "data": {"timestamp": 1757654523698, "change_id": 117135837365, "instrument_name": "BTC-19SEP25", "bids": [[115845.0, 14740.0], [115842.5, 22490.0], [115840.0, 47000.0], [115832.5, 4860.0], [115830.0, 45340.0], [115825.0, 118000.0], [115822.5, 660.0], [115820.0, 35980.0], [115810.0, 35240.0], [115727.5, 650.0], [115717.5, 6300.0], [115715.0, 44700.0], [115702.5, 660.0], [115697.5, 30000.0], [115690.0, 640.0], [115667.5, 20.0], [115625.0, 6320.0], [115600.0, 660.0], [115590.0, 1230.0], [115575.0, 20.0]], "asks": [[115847.5, 20200.0], [115850.0, 48000.0], [115852.5, 20.0], [115857.5, 44180.0], [115860.0, 660.0], [115862.5, 5800.0], [115865.0, 2250.0], [115867.5, 34580.0], [115872.5, 660.0], [115875.0, 42000.0], [115877.5, 34580.0], [115885.0, 2900.0], [115890.0, 5000.0], [115897.5, 640.0], [115902.5, 2250.0], [115910.0, 2000.0], [115920.0, 650.0], [115925.0, 6360.0], [115940.0, 12000.0], [115942.5, 640.0]]}}}
{"jsonrpc": "2.0", "method": "subscription", "params": {"channel": "book.BTC-12SEP25.none.20.100ms", "data": {"timestamp": 1757654524086, "change_id": 117135837652, "instrument_name": "BTC-12SEP25", "bids": [[115640.0, 22170.0], [115637.5, 55520.0], [115635.0, 16190.0], [115632.5, 10400.0], [115630.0, 10400.0], [115622.5, 4370.0], [115612.5, 101730.0], [115610.0, 2170.0], [115605.0, 2000.0], [115567.5, 1980.0], [115510.0, 12500.0], [115490.0, 2020.0], [115487.5, 40.0], [115482.5, 20.0], [115480.0, 12000.0], [115477.5, 46050.0], [115457.5, 25320.0], [115452.5, 1990.0], [115390.0, 20.0], [115375.0, 2040.0]], "asks": [[115642.5, 2000.0], [115660.0, 2410.0], [115665.0, 1990.0], [115667.5, 5020.0], [115672.5, 2000.0], [115675.0, 2410.0], [115677.5, 1950.0], [115690.0, 44040.0], [115692.5, 2410.0], [115700.0, 24980.0], [115702.5, 3990.0], [115730.0, 160.0], [115760.0, 20.0], [115775.0, 43420.0], [115802.5, 2000.0], [115815.0, 8990.0], [115840.0, 2040.0], [115845.0, 24850.0], [115862.5, 1950.0], [115870.0, 9600.0]]}}}
{"jsonrpc": "2.0", "method": "subscription", "params": {"channel": "book.BTC-12SEP25.none.20.100ms", "data": {"timestamp": 1757654524371, "change_id": 117135837851, "instrument_name": "BTC-12SEP25", "bids": [[115640.0, 22170.0], [115637.5, 55520.0], [115635.0, 16190.0], [115632.5, 10400.0], [115630.0, 10400.0], [115622.5, 4370.0], [115612.5, 101730.0], [115610.0, 2170.0], [115605.0, 2000.0], [115567.5, 1980.0], [115510.0, 12500.0], [115490.0, 2020.0], [115487.5, 40.0], [115482.5, 20.0], [115480.0, 12000.0], [115477.5, 46050.0], [115457.5, 25320.0], [115452.5, 1990.0], [115390.0, 20.0], [115375.0, 2040.0]], "asks": [[115642.5, 2000.0], [115655.0, 2410.0], [115665.0, 1990.0], [115667.5, 5020.0], [115672.5, 2000.0], [115675.0, 2410.0], [115677.5, 1950.0], [115690.0, 44040.0], [115692.5, 2410.0], [115700.0, 24980.0], [115702.5, 3990.0], [115717.5, 160.0], [115760.0, 20.0], [115775.0, 43420.0], [115802.5, 2000.0], [115815.0, 8990.0], [115840.0, 2040.0], [115845.0, 24850.0], [115862.5, 1950.0], [115870.0, 9600.0]]}}}
{"jsonrpc": "2.0", "method": "subscription", "params": {"channel": "book.BTC-19SEP25.none.20.100ms", "data": {"timestamp": 1757654524259, "change_id": 117135837783, "instrument_name": "BTC-19SEP25", "bids": [[115845.0, 14740.0], [115842.5, 22490.0], [115840.0, 47000.0], [115832.5, 4860.0], [115830.0, 45340.0], [115825.0, 118000.0], [115822.5, 660.0], [115820.0, 35980.0], [115810.0, 35240.0], [115727.5, 650.0], [115717.5, 6300.0], [115715.0, 44700.0], [115702.5, 660.0], [115697.5, 30000.0], [115690.0, 640.0], [115667.5, 20.0], [115625.0, 6320.0], [115600.0, 660.0], [115590.0, 1230.0], [115575.0, 20.0]], "asks": [[115847.5, 20200.0], [115850.0, 48000.0], [115852.5, 20.0], [115857.5, 44180.0], [115860.0, 660.0], [115862.5, 5800.0], [115865.0, 2250.0], [115867.5, 34580.0], [115872.5, 660.0], [115875.0, 42000.0], [115877.5, 34580.0], [115885.0, 2900.0], [115890.0, 5000.0], [115897.5, 640.0], [115902.5, 2250.0], [115910.0, 2000.0], [115920.0, 650.0], [115925.0, 6360.0], [115935.0, 160.0], [115940.0, 12000.0]]}}}
{"jsonrpc": "2.0", "method": "subscription", "params": {"channel": "book.BTC-12SEP25.none.20.100ms", "data": {"timestamp": 1757654524751, "change_id": 117135838500, "instrument_name": "BTC-12SEP25", "bids": [[115640.0, 22170.0], [115637.5, 55520.0], [115635.0, 16190.0], [115632.5, 10400.0], [115630.0, 10400.0], [115622.5, 4370.0], [115612.5, 101730.0], [115610.0, 2170.0], [115605.0, 2000.0], [115567.5, 1980.0], [115510.0, 12500.0], [115490.0, 2020.0], [115487.5, 40.0], [115482.5, 20.0], [115480.0, 12000.0], [115477.5, 46050.0], [115457.5, 25320.0], [115452.5, 1990.0], [115390.0, 20.0], [115375.0, 2040.0]], "asks": [[115642.5, 2000.0], [115655.0, 2410.0], [115665.0, 1990.0], [115667.5, 5020.0], [115672.5, 2000.0], [115675.0, 2410.0], [115677.5, 1950.0], [115690.0, 44040.0], [115692.5, 2410.0], [115700.0, 24980.0], [115702.5, 3990.0], [115705.0, 160.0], [115760.0, 20.0], [115775.0, 43420.0], [115802.5, 2000.0], [115815.0, 8990.0], [115840.0, 2040.0], [115845.0, 24850.0], [115862.5, 1950.0], [115870.0, 9600.0]]}}}
{"jsonrpc": "2.0", "method": "subscription", "params": {"channel": "book.BTC-19SEP25.none.20.100ms", "data": {"timestamp": 1757654524748, "change_id": 117135838498, "instrument_name": "BTC-19SEP25", "bids": [[115845.0, 14740.0], [115842.5, 22490.0], [115840.0, 47000.0], [115832.5, 4860.0], [115830.0, 45340.0], [115825.0, 118000.0], [115822.5, 660.0], [115820.0, 35980.0], [115810.0, 35240.0], [115727.5, 650.0], [115717.5, 6300.0], [115715.0, 44700.0], [115702.5, 660.0], [115697.5, 30000.0], [115690.0, 640.0], [115667.5, 20.0], [115625.0, 6320.0], [115600.0, 660.0], [115590.0, 1230.0], [115575.0, 20.0]], "asks": [[115847.5, 20200.0], [115850.0, 48000.0], [115852.5, 20.0], [115855.0, 6700.0], [115857.5, 44180.0], [115860.0, 660.0], [115865.0, 2250.0], [115867.5, 34580.0], [115872.5, 660.0], [115875.0, 42000.0], [115877.5, 34580.0], [115885.0, 2900.0], [115890.0, 5000.0], [115897.5, 640.0], [115902.5, 2250.0], [115910.0, 2000.0], [115920.0, 650.0], [115922.5, 160.0], [115925.0, 6360.0], [115940.0, 12000.0]]}}}
{"jsonrpc": "2.0", "method": "subscription", "params": {"channel": "book.BTC-19SEP25.none.20.100ms", "data": {"timestamp": 1757654525024, "change_id": 117135838647, "instrument_name": "BTC-19SEP25", "bids": [[115845.0, 14740.0], [115842.5, 22490.0], [115840.0, 47000.0], [115832.5, 4860.0], [115830.0, 45340.0], [115825.0, 118000.0], [115822.5, 660.0], [115820.0, 35980.0], [115810.0, 35240.0], [115727.5, 650.0], [115717.5, 6300.0], [115715.0, 44700.0], [115712.5, 30000.0], [115702.5, 660.0], [115690.0, 640.0], [115667.5, 20.0], [115625.0, 6320.0], [115600.0, 660.0], [115590.0, 1230.0], [115575.0, 20.0]], "asks": [[115847.5, 20200.0], [115850.0, 48000.0], [115852.5, 20.0], [115855.0, 6700.0], [115857.5, 44180.0], [115860.0, 660.0], [115867.5, 34580.0], [115872.5, 660.0], [115875.0, 42000.0], [115877.5, 34580.0], [115885.0, 2900.0], [115890.0, 5000.0], [115897.5, 640.0], [115902.5, 2250.0], [115910.0, 2000.0], [115920.0, 650.0], [115922.5, 160.0], [115925.0, 6360.0], [115940.0, 12000.0], [115942.5, 640.0]]}}}
{"jsonrpc": "2.0", "method": "subscription", "params": {"channel": "book.BTC-12SEP25.none.20.100ms", "data": {"timestamp": 1757654525023, "change_id": 117135838643, "instrument_name": "BTC-12SEP25", "bids": [[115640.0, 22170.0], [115637.5, 55520.0], [115635.0, 16190.0], [115632.5, 10400.0], [115630.0, 10400.0], [115622.5, 4370.0], [115612.5, 101730.0], [115610.0, 2170.0], [115605.0, 2000.0], [115567.5, 1980.0], [115510.0, 12500.0], [115490.0, 2020.0], [115487.5, 40.0], [115482.5, 20.0], [115480.0, 12000.0], [115477.5, 46050.0], [115457.5, 25320.0], [115452.5, 1990.0], [115390.0, 20.0], [115375.0, 2040.0]], "asks": [[115642.5, 2000.0], [115665.0, 1990.0], [115667.5, 5020.0], [115672.5, 2000.0], [115675.0, 2410.0], [115677.5, 1950.0], [115690.0, 44040.0], [115692.5, 2410.0], [115700.0, 24980.0], [115702.5, 3990.0], [115705.0, 160.0], [115760.0, 20.0], [115775.0, 43420.0], [115802.5, 2000.0], [115815.0, 8990.0], [115840.0, 2040.0], [115845.0, 24850.0], [115862.5, 1950.0], [115870.0, 9600.0], [115887.5, 2040.0]]}}}
{"jsonrpc": "2.0", "method": "subscription", "params": {"channel": "book.BTC-19SEP25.none.20.100ms", "data": {"timestamp": 1757654525154, "change_id": 117135838851, "instrument_name": "BTC-19SEP25", "bids": [[115845.0, 14740.0], [115842.5, 22490.0], [115840.0, 47000.0], [115832.5, 4860.0], [115830.0, 45340.0], [115825.0, 118000.0], [115822.5, 660.0], [115820.0, 35980.0], [115810.0, 35240.0], [115727.5, 650.0], [115717.5, 6300.0], [115715.0, 44700.0], [115712.5, 30000.0], [115702.5, 660.0], [115690.0, 640.0], [115667.5, 20.0], [115625.0, 6320.0], [115600.0, 660.0], [115590.0, 1230.0], [115575.0, 20.0]], "asks": [[115847.5, 20200.0], [115850.0, 48000.0], [115852.5, 20.0], [115855.0, 6700.0], [115857.5, 44180.0], [115860.0, 660.0], [115865.0, 2250.0], [115867.5, 34580.0], [115872.5, 660.0], [115875.0, 42000.0], [115877.5, 34580.0], [115885.0, 2900.0], [115897.5, 640.0], [115900.0, 5000.0], [115902.5, 2250.0], [115910.0, 2000.0], [115920.0, 650.0], [115922.5, 160.0], [115925.0, 6360.0], [115940.0, 12000.0]]}}}
{"jsonrpc": "2.0", "method": "subscription", "params": {"channel": "book.BTC-12SEP25.none.20.100ms", "data": {"timestamp": 1757654525143, "change_id": 117135838840, "instrument_name": "BTC-12SEP25", "bids": [[115640.0, 22170.0], [115637.5, 55520.0], [115635.0, 16190.0], [115632.5, 10400.0], [115630.0, 10400.0], [115622.5, 4370.0], [115612.5, 101730.0], [115610.0, 2170.0], [115605.0, 2000.0], [115567.5, 1980.0], [115510.0, 12500.0], [115490.0, 2020.0], [115487.5, 40.0], [115482.5, 20.0], [115480.0, 12000.0], [115477.5, 46050.0], [115457.5, 25320.0], [115452.5, 1990.0], [115390.0, 20.0], [115375.0, 2040.0]], "asks": [[115642.5, 2000.0], [115655.0, 2410.0], [115665.0, 1990.0], [115667.5, 5020.0], [115672.5, 2000.0], [115675.0, 2410.0], [115677.5, 1950.0], [115690.0, 44040.0], [115692.5, 2410.0], [115700.0, 24980.0], [115702.5, 3990.0], [115705.0, 160.0], [115760.0, 20.0], [115775.0, 43420.0], [115802.5, 2000.0], [115815.0, 8990.0], [115840.0, 2040.0], [115845.0, 24850.0], [115862.5, 1950.0], [115870.0, 9600.0]]}}}
{"jsonrpc": "2.0", "method": "subscription", "params": {"channel": "book.BTC-12SEP25.none.20.100ms", "data": {"timestamp": 1757654525704, "change_id": 117135839620, "instrument_name": "BTC-12SEP25", "bids": [[115640.0, 22170.0], [115637.5, 55520.0], [115635.0, 16190.0], [115632.5, 10400.0], [115630.0, 10400.0], [115622.5, 4370.0], [115610.0, 2170.0], [115605.0, 2000.0], [115567.5, 1980.0], [115510.0, 12500.0], [115490.0, 2020.0], [115487.5, 40.0], [115482.5, 20.0], [115480.0, 12000.0], [115477.5, 46050.0], [115457.5, 25320.0], [115452.5, 1990.0], [115390.0, 20.0], [115375.0, 2040.0], [115352.5, 38430.0]], "asks": [[115642.5, 2000.0], [115655.0, 2410.0], [115665.0, 1990.0], [115667.5, 5020.0], [115672.5, 2000.0], [115675.0, 2410.0], [115677.5, 1950.0], [115690.0, 44200.0], [115692.5, 2410.0], [115700.0, 24980.0], [115702.5, 3990.0], [115760.0, 20.0], [115775.0, 43420.0], [115802.5, 2000.0], [115815.0, 8990.0], [115840.0, 2040.0], [115845.0, 24850.0], [115862.5, 1950.0], [115870.0, 9600.0], [115887.5, 2040.0]]}}}
{"jsonrpc": "2.0", "method": "subscription", "params": {"channel": "book.BTC-19SEP25.none.20.100ms", "data": {"timestamp": 1757654525706, "change_id": 117135839623, "instrument_name": "BTC-19SEP25", "bids": [[115845.0, 14740.0], [115842.5, 22490.0], [115840.0, 47000.0], [115832.5, 4860.0], [115830.0, 45340.0], [115825.0, 118000.0], [115822.5, 660.0], [115820.0, 35980.0], [115810.0, 35240.0], [115727.5, 650.0], [115717.5, 6300.0], [115715.0, 44700.0], [115712.5, 30000.0], [115690.0, 640.0], [115667.5, 20.0], [115625.0, 6320.0], [115600.0, 660.0], [115590.0, 1230.0], [115575.0, 20.0], [115570.0, 640.0]], "asks": [[115847.5, 20200.0], [115850.0, 48000.0], [115852.5, 20.0], [115855.0, 6700.0], [115857.5, 44180.0], [115860.0, 660.0], [115865.0, 2250.0], [115867.5, 34580.0], [115872.5, 660.0], [115875.0, 42000.0], [115877.5, 34580.0], [115885.0, 2900.0], [115897.5, 640.0], [115900.0, 5000.0], [115902.5, 2250.0], [115907.5, 160.0], [115910.0, 2000.0], [115920.0, 650.0], [115925.0, 6360.0], [115940.0, 12000.0]]}}}
{"jsonrpc": "2.0", "method": "subscription", "params": {"channel": "book.BTC-12SEP25.none.20.100ms", "data": {"timestamp": 1757654525999, "change_id": 117135839848, "instrument_name": "BTC-12SEP25", "bids": [[115640.0, 22170.0], [115637.5, 55520.0], [115635.0, 16190.0], [115632.5, 10400.0], [115630.0, 10400.0], [115622.5, 33940.0], [115610.0, 2170.0], [115605.0, 2000.0], [115567.5, 1980.0], [115510.0, 12500.0], [115490.0, 2020.0], [115487.5, 40.0], [115482.5, 20.0], [115480.0, 12000.0], [115477.5, 46050.0], [115457.5, 25320.0], [115452.5, 1990.0], [115390.0, 20.0], [115375.0, 2040.0], [115352.5, 38430.0]], "asks": [[115642.5, 2000.0], [115650.0, 160.0], [115652.5, 2410.0], [115665.0, 1990.0], [115667.5, 5020.0], [115672.5, 2000.0], [115675.0, 2410.0], [115677.5, 1950.0], [115682.5, 42000.0], [115690.0, 2040.0], [115692.5, 2410.0], [115700.0, 24980.0], [115702.5, 3990.0], [115760.0, 20.0], [115775.0, 43420.0], [115802.5, 2000.0], [115815.0, 8990.0], [115840.0, 2040.0], [115845.0, 24850.0], [115862.5, 1950.0]]}}}
{"jsonrpc": "2.0", "method": "subscription", "params": {"channel": "book.BTC-19SEP25.none.20.100ms", "data": {"timestamp": 1757654525996, "change_id": 117135839928, "instrument_name": "BTC-19SEP25", "bids": [[115845.0, 11640.0], [115842.5, 13590.0], [115840.0, 47000.0], [115832.5, 15460.0], [115830.0, 34740.0], [115825.0, 118000.0], [115822.5, 660.0], [115820.0, 35980.0], [115810.0, 35240.0], [115730.0, 6300.0], [115727.5, 650.0], [115715.0, 44700.0], [115712.5, 30000.0], [115690.0, 640.0], [115667.5, 20.0], [115645.0, 6320.0], [115600.0, 660.0], [115590.0, 1230.0], [115575.0, 20.0], [115570.0, 640.0]], "asks": [[115847.5, 20200.0], [115850.0, 48000.0], [115852.5, 20.0], [115855.0, 6700.0], [115857.5, 44180.0], [115860.0, 2910.0], [115867.5, 76740.0], [115872.5, 660.0], [115877.5, 34580.0], [115885.0, 2900.0], [115897.5, 640.0], [115900.0, 5000.0], [115902.5, 2250.0], [115910.0, 2000.0], [115920.0, 650.0], [115925.0, 6360.0], [115940.0, 12000.0], [115942.5, 640.0], [115945.0, 20.0], [115955.0, 30670.0]]}}}
{"jsonrpc": "2.0", "method": "subscription", "params": {"channel": "book.BTC-12SEP25.none.20.100ms", "data": {"timestamp": 1757654526276, "change_id": 117135840194, "instrument_name": "BTC-12SEP25", "bids": [[115640.0, 22170.0], [115637.5, 55520.0], [115635.0, 16190.0], [115632.5, 10400.0], [115630.0, 10400.0], [115622.5, 33940.0], [115610.0, 2170.0], [115605.0, 2000.0], [115597.5, 1950.0], [115570.0, 12500.0], [115567.5, 1980.0], [115490.0, 2020.0], [115487.5, 40.0], [115482.5, 20.0], [115480.0, 37320.0], [115477.5, 46050.0], [115452.5, 1990.0], [115390.0, 20.0], [115375.0, 2040.0], [115352.5, 38430.0]], "asks": [[115642.5, 2000.0], [115650.0, 160.0], [115652.5, 2410.0], [115665.0, 1990.0], [115667.5, 5020.0], [115672.5, 2000.0], [115675.0, 2410.0], [115677.5, 1950.0], [115682.5, 42000.0], [115690.0, 2040.0], [115692.5, 2410.0], [115700.0, 24980.0], [115702.5, 3990.0], [115760.0, 20.0], [115775.0, 43420.0], [115802.5, 2000.0], [115815.0, 8990.0], [115840.0, 2040.0], [115845.0, 24850.0], [115862.5, 1950.0]]}}}
{"jsonrpc": "2.0", "method": "subscription", "params": {"channel": "book.BTC-19SEP25.none.20.100ms", "data": {"timestamp": 1757654526610, "change_id": 117135840517, "instrument_name": "BTC-19SEP25", "bids": [[115845.0, 14740.0], [115842.5, 19490.0], [115840.0, 47000.0], [115832.5, 15460.0], [115830.0, 34740.0], [115825.0, 118000.0], [115822.5, 660.0], [115820.0, 35980.0], [115810.0, 35240.0], [115730.0, 6300.0], [115727.5, 650.0], [115715.0, 44700.0], [115712.5, 30000.0], [115690.0, 640.0], [115667.5, 20.0], [115645.0, 6320.0], [115600.0, 660.0], [115590.0, 1230.0], [115575.0, 20.0], [115570.0, 640.0]], "asks": [[115847.5, 20200.0], [115850.0, 48000.0], [115852.5, 20.0], [115855.0, 6700.0], [115857.5, 44180.0], [115860.0, 2910.0], [115867.5, 76740.0], [115872.5, 660.0], [115877.5, 34580.0], [115885.0, 2900.0], [115897.5, 640.0], [115900.0, 5000.0], [115902.5, 2250.0], [115910.0, 2000.0], [115920.0, 650.0], [115925.0, 6360.0], [115940.0, 12000.0], [115942.5, 640.0], [115945.0, 20.0], [115955.0, 30670.0]]}}}
{"jsonrpc": "2.0", "method": "subscription", "params": {"channel": "book.BTC-12SEP25.none.20.100ms", "data": {"timestamp": 1757654527249, "change_id": 117135841191, "instrument_name": "BTC-12SEP25", "bids": [[115640.0, 22170.0], [115637.5, 55520.0], [115635.0, 16190.0], [115632.5, 10400.0], [115630.0, 10400.0], [115622.5, 33940.0], [115610.0, 2170.0], [115605.0, 2000.0], [115597.5, 1950.0], [115570.0, 12500.0], [115490.0, 2020.0], [115487.5, 40.0], [115482.5, 20.0], [115480.0, 37320.0], [115477.5, 46050.0], [115452.5, 1990.0], [115390.0, 20.0], [115375.0, 2040.0], [115352.5, 38430.0], [115350.0, 26940.0]], "asks": [[115642.5, 2000.0], [115650.0, 160.0], [115652.5, 2410.0], [115665.0, 1990.0], [115667.5, 5020.0], [115672.5, 2000.0], [115675.0, 2410.0], [115677.5, 1950.0], [115682.5, 42000.0], [115690.0, 2040.0], [115692.5, 2410.0], [115700.0, 24980.0], [115702.5, 3990.0], [115760.0, 20.0], [115775.0, 43420.0], [115802.5, 2000.0], [115815.0, 8990.0], [115840.0, 2040.0], [115845.0, 24850.0], [115862.5, 1950.0]]}}}
{"jsonrpc": "2.0", "method": "subscription", "params": {"channel": "book.BTC-19SEP25.none.20.100ms", "data": {"timestamp": 1757654527225, "change_id": 117135841176, "instrument_name": "BTC-19SEP25", "bids": [[115845.0, 14740.0], [115842.5, 19490.0], [115840.0, 47000.0], [115832.5, 15460.0], [115830.0, 34740.0], [115825.0, 118000.0], [115822.5, 660.0], [115820.0, 35980.0], [115810.0, 35240.0], [115730.0, 6300.0], [115727.5, 650.0], [115715.0, 44700.0], [115712.5, 30000.0], [115690.0, 640.0], [115667.5, 20.0], [115645.0, 6320.0], [115600.0, 660.0], [115590.0, 1230.0], [115575.0, 20.0], [115570.0, 640.0]], "asks": [[115847.5, 20200.0], [115850.0, 48000.0], [115852.5, 20.0], [115855.0, 6700.0], [115857.5, 44180.0], [115860.0, 2910.0], [115867.5, 76740.0], [115872.5, 660.0], [115877.5, 34580.0], [115885.0, 2900.0], [115897.5, 640.0], [115900.0, 5000.0], [115902.5, 2250.0], [115910.0, 2000.0], [115920.0, 650.0], [115925.0, 6360.0], [115940.0, 12000.0], [115942.5, 640.0], [115945.0, 20.0], [115955.0, 30670.0]]}}}
{"jsonrpc": "2.0", "method": "subscription", "params": {"channel": "book.BTC-12SEP25.none.20.100ms", "data": {"timestamp": 1757654527643, "change_id": 117135841723, "instrument_name": "BTC-12SEP25", "bids": [[115640.0, 22170.0], [115637.5, 55520.0], [115635.0, 16190.0], [115632.5, 10400.0], [115630.0, 10400.0], [115622.5, 33940.0], [115610.0, 2170.0], [115605.0, 2000.0], [115597.5, 1950.0], [115570.0, 12500.0], [115490.0, 2020.0], [115487.5, 40.0], [115482.5, 20.0], [115480.0, 37320.0], [115477.5, 46050.0], [115452.5, 1990.0], [115390.0, 20.0], [115375.0, 2040.0], [115352.5, 38430.0], [115350.0, 26940.0]], "asks": [[115642.5, 2000.0], [115650.0, 160.0], [115665.0, 1990.0], [115667.5, 5020.0], [115672.5, 2000.0], [115675.0, 2410.0], [115677.5, 1950.0], [115682.5, 42000.0], [115690.0, 2040.0], [115692.5, 2410.0], [115700.0, 24980.0], [115702.5, 3990.0], [115760.0, 20.0], [115775.0, 43420.0], [115802.5, 2000.0], [115815.0, 8990.0], [115840.0, 2040.0], [115845.0, 24850.0], [115862.5, 1950.0], [115870.0, 9600.0]]}}}
{"jsonrpc": "2.0", "method": "subscription", "params": {"channel": "book.BTC-19SEP25.none.20.100ms", "data": {"timestamp": 1757654527648, "change_id": 117135841728, "instrument_name": "BTC-19SEP25", "bids": [[115845.0, 14740.0], [115842.5, 19490.0], [115840.0, 47000.0], [115832.5, 15460.0], [115830.0, 34740.0], [115825.0, 118000.0], [115822.5, 660.0], [115820.0, 35980.0], [115810.0, 35240.0], [115730.0, 6300.0], [115727.5, 650.0], [115715.0, 44700.0], [115712.5, 30000.0], [115690.0, 640.0], [115667.5, 20.0], [115645.0, 6320.0], [115600.0, 660.0], [115590.0, 1230.0], [115575.0, 20.0], [115570.0, 640.0]], "asks": [[115847.5, 20200.0], [115850.0, 48000.0], [115852.5, 20.0], [115855.0, 6700.0], [115857.5, 44180.0], [115860.0, 660.0], [115867.5, 78990.0], [115872.5, 660.0], [115877.5, 34580.0], [115885.0, 2900.0], [115897.5, 640.0], [115900.0, 5000.0], [115902.5, 2250.0], [115910.0, 2000.0], [115920.0, 650.0], [115925.0, 6360.0], [115940.0, 12000.0], [115942.5, 640.0], [115945.0, 20.0], [115955.0, 30670.0]]}}}
{"jsonrpc": "2.0", "method": "subscription", "params": {"channel": "book.BTC-12SEP25.none.20.100ms", "data": {"timestamp": 1757654527792, "change_id": 117135841898, "instrument_name": "BTC-12SEP25", "bids": [[115640.0, 22170.0], [115637.5, 55520.0], [115635.0, 16190.0], [115632.5, 10400.0], [115630.0, 10400.0], [115622.5, 33940.0], [115610.0, 2170.0], [115605.0, 2000.0], [115597.5, 1950.0], [115570.0, 12500.0], [115490.0, 2020.0], [115487.5, 40.0], [115482.5, 20.0], [115480.0, 37320.0], [115477.5, 46050.0], [115452.5, 1990.0], [115390.0, 20.0], [115375.0, 2040.0], [115352.5, 38430.0], [115350.0, 26940.0]], "asks": [[115642.5, 2000.0], [115650.0, 160.0], [115652.5, 2410.0], [115665.0, 1990.0], [115667.5, 5020.0], [115672.5, 2000.0], [115675.0, 2410.0], [115677.5, 1950.0], [115682.5, 42000.0], [115690.0, 2040.0], [115692.5, 2410.0], [115700.0, 24980.0], [115702.5, 3990.0], [115760.0, 20.0], [115775.0, 43420.0], [115802.5, 2000.0], [115815.0, 8990.0], [115840.0, 2040.0], [115845.0, 24850.0], [115862.5, 1950.0]]}}}
{"jsonrpc": "2.0", "method": "subscription", "params": {"channel": "book.BTC-19SEP25.none.20.100ms", "data": {"timestamp": 1757654527991, "change_id": 117135842024, "instrument_name": "BTC-19SEP25", "bids": [[115845.0, 14740.0], [115842.5, 19490.0], [115840.0, 47000.0], [115832.5, 15460.0], [115830.0, 34740.0], [115825.0, 118000.0], [115822.5, 660.0], [115820.0, 35980.0], [115810.0, 35240.0], [115730.0, 6300.0], [115727.5, 650.0], [115715.0, 44700.0], [115712.5, 30000.0], [115690.0, 640.0], [115667.5, 20.0], [115645.0, 6320.0], [115600.0, 660.0], [115590.0, 1230.0], [115575.0, 20.0], [115570.0, 640.0]], "asks": [[115847.5, 20200.0], [115850.0, 48000.0], [115852.5, 20.0], [115855.0, 6700.0], [115857.5, 44180.0], [115860.0, 660.0], [115867.5, 78990.0], [115872.5, 660.0], [115877.5, 34580.0], [115885.0, 2900.0], [115897.5, 640.0], [115900.0, 5000.0], [115902.5, 2250.0], [115910.0, 2000.0], [115920.0, 650.0], [115925.0, 6360.0], [115940.0, 12000.0], [115942.5, 640.0], [115945.0, 20.0], [115955.0, 670.0]]}}}
{"jsonrpc": "2.0", "method": "subscription", "params": {"channel": "book.BTC-19SEP25.none.20.100ms", "data": {"timestamp": 1757654528357, "change_id": 117135842522, "instrument_name": "BTC-19SEP25", "bids": [[115845.0, 5170.0], [115842.5, 13590.0], [115840.0, 47000.0], [115832.5, 4860.0], [115830.0, 45340.0], [115825.0, 118000.0], [115822.5, 660.0], [115820.0, 35980.0], [115810.0, 35240.0], [115730.0, 6300.0], [115727.5, 650.0], [115715.0, 44700.0], [115712.5, 30000.0], [115690.0, 640.0], [115667.5, 20.0], [115645.0, 6320.0], [115600.0, 660.0], [115590.0, 1230.0], [115575.0, 20.0], [115570.0, 640.0]], "asks": [[115847.5, 20200.0], [115850.0, 48000.0], [115852.5, 20.0], [115855.0, 6700.0], [115857.5, 44180.0], [115860.0, 660.0], [115867.5, 76740.0], [115872.5, 660.0], [115877.5, 34580.0], [115885.0, 2900.0], [115897.5, 640.0], [115900.0, 5000.0], [115902.5, 2250.0], [115910.0, 2000.0], [115920.0, 650.0], [115925.0, 6360.0], [115940.0, 12000.0], [115942.5, 640.0], [115945.0, 20.0], [115955.0, 670.0]]}}}
{"jsonrpc": "2.0", "method": "subscription", "params": {"channel": "book.BTC-12SEP25.none.20.100ms", "data": {"timestamp": 1757654528358, "change_id": 117135842520, "instrument_name": "BTC-12SEP25", "bids": [[115640.0, 22170.0], [115637.5, 55520.0], [115635.0, 16190.0], [115632.5, 10400.0], [115630.0, 10400.0], [115622.5, 33940.0], [115610.0, 2170.0], [115605.0, 2000.0], [115597.5, 1950.0], [115570.0, 12500.0], [115490.0, 2020.0], [115487.5, 40.0], [115482.5, 20.0], [115480.0, 37320.0], [115477.5, 46050.0], [115452.5, 1990.0], [115390.0, 20.0], [115375.0, 2040.0], [115352.5, 38430.0], [115350.0, 26940.0]], "asks": [[115642.5, 2000.0], [115650.0, 160.0], [115665.0, 1990.0], [115667.5, 5020.0], [115672.5, 2000.0], [115675.0, 44410.0], [115677.5, 1950.0], [115690.0, 2040.0], [115692.5, 2410.0], [115700.0, 24980.0], [115702.5, 3990.0], [115760.0, 20.0], [115775.0, 43420.0], [115802.5, 2000.0], [115815.0, 8990.0], [115840.0, 2040.0], [115845.0, 24850.0], [115862.5, 1950.0], [115870.0, 9600.0], [115887.5, 2040.0]]}}}
{"jsonrpc": "2.0", "method": "subscription", "params": {"channel": "book.BTC-19SEP25.none.20.100ms", "data": {"timestamp": 1757654528627, "change_id": 117135843020, "instrument_name": "BTC-19SEP25", "bids": [[115845.0, 5170.0], [115842.5, 13590.0], [115840.0, 47000.0], [115832.5, 4860.0], [115830.0, 45340.0], [115825.0, 118000.0], [115822.5, 660.0], [115820.0, 35980.0], [115810.0, 35240.0], [115730.0, 6300.0], [115727.5, 650.0], [115715.0, 44700.0], [115712.5, 30000.0], [115690.0, 640.0], [115667.5, 20.0], [115645.0, 6320.0], [115600.0, 660.0], [115590.0, 1230.0], [115575.0, 20.0], [115570.0, 640.0]], "asks": [[115847.5, 20200.0], [115850.0, 48000.0], [115852.5, 20.0], [115855.0, 9600.0], [115857.5, 46430.0], [115860.0, 660.0], [115867.5, 76740.0], [115872.5, 660.0], [115877.5, 34580.0], [115885.0, 2900.0], [115892.5, 5000.0], [115897.5, 640.0], [115902.5, 2250.0], [115910.0, 2000.0], [115920.0, 650.0], [115925.0, 6360.0], [115940.0, 12000.0], [115942.5, 640.0], [115945.0, 20.0], [115955.0, 670.0]]}}}
{"jsonrpc": "2.0", "method": "subscription", "params": {"channel": "book.BTC-12SEP25.none.20.100ms", "data": {"timestamp": 1757654528502, "change_id": 117135842624, "instrument_name": "BTC-12SEP25", "bids": [[115640.0, 22170.0], [115637.5, 55520.0], [115635.0, 16190.0], [115632.5, 10400.0], [115630.0, 10400.0], [115622.5, 33940.0], [115610.0, 2170.0], [115605.0, 2000.0], [115597.5, 1950.0], [115570.0, 12500.0], [115490.0, 2020.0], [115487.5, 40.0], [115482.5, 20.0], [115480.0, 37320.0], [115477.5, 46050.0], [115452.5, 1990.0], [115390.0, 20.0], [115375.0, 2040.0], [115352.5, 38430.0], [115350.0, 26940.0]], "asks": [[115642.5, 2000.0], [115650.0, 2570.0], [115665.0, 1990.0], [115667.5, 5020.0], [115672.5, 2000.0], [115675.0, 44410.0], [115677.5, 1950.0], [115690.0, 2040.0], [115692.5, 2410.0], [115700.0, 24980.0], [115702.5, 3990.0], [115760.0, 20.0], [115775.0, 43420.0], [115802.5, 2000.0], [115815.0, 8990.0], [115840.0, 2040.0], [115845.0, 24850.0], [115862.5, 1950.0], [115870.0, 9600.0], [115887.5, 2040.0]]}}}
{"jsonrpc": "2.0", "method": "subscription", "params": {"channel": "book.BTC-19SEP25.none.20.100ms", "data": {"timestamp": 1757654528841, "change_id": 117135843382, "instrument_name": "BTC-19SEP25", "bids": [[115845.0, 4500.0], [115842.5, 13590.0], [115840.0, 47000.0], [115832.5, 15460.0], [115830.0, 34740.0], [115825.0, 118000.0], [115822.5, 660.0], [115820.0, 35980.0], [115810.0, 35240.0], [115732.5, 6300.0], [115727.5, 650.0], [115715.0, 44700.0], [115712.5, 30000.0], [115690.0, 640.0], [115667.5, 20.0], [115645.0, 6320.0], [115600.0, 660.0], [115590.0, 1230.0], [115575.0, 20.0], [115570.0, 640.0]], "asks": [[115847.5, 20870.0], [115850.0, 48000.0], [115852.5, 20.0], [115855.0, 9600.0], [115857.5, 46430.0], [115860.0, 660.0], [115867.5, 76740.0], [115872.5, 660.0], [115877.5, 34580.0], [115885.0, 2900.0], [115892.5, 5000.0], [115897.5, 640.0], [115902.5, 2250.0], [115910.0, 2000.0], [115920.0, 650.0], [115925.0, 6360.0], [115940.0, 12000.0], [115942.5, 640.0], [115945.0, 20.0], [115955.0, 670.0]]}}}
{"jsonrpc": "2.0", "method": "subscription", "params": {"channel": "book.BTC-19SEP25.none.20.100ms", "data": {"timestamp": 1757654529307, "change_id": 117135843768, "instrument_name": "BTC-19SEP25", "bids": [[115845.0, 4500.0], [115842.5, 13590.0], [115840.0, 47000.0], [115832.5, 15460.0], [115830.0, 34740.0], [115825.0, 118000.0], [115822.5, 660.0], [115820.0, 35980.0], [115810.0, 35240.0], [115732.5, 6300.0], [115727.5, 650.0], [115715.0, 44700.0], [115712.5, 30000.0], [115690.0, 640.0], [115667.5, 20.0], [115645.0, 6320.0], [115600.0, 660.0], [115590.0, 1230.0], [115575.0, 20.0], [115570.0, 640.0]], "asks": [[115847.5, 20200.0], [115850.0, 48000.0], [115852.5, 20.0], [115855.0, 9600.0], [115857.5, 46430.0], [115860.0, 660.0], [115867.5, 76740.0], [115872.5, 660.0], [115877.5, 34580.0], [115880.0, 101970.0], [115885.0, 2900.0], [115892.5, 5000.0], [115897.5, 640.0], [115902.5, 2250.0], [115910.0, 2000.0], [115920.0, 650.0], [115925.0, 6360.0], [115940.0, 12000.0], [115942.5, 640.0], [115945.0, 20.0]]}}}
{"jsonrpc": "2.0", "method": "subscription", "params": {"channel": "book.BTC-12SEP25.none.20.100ms", "data": {"timestamp": 1757654529432, "change_id": 117135843846, "instrument_name": "BTC-12SEP25", "bids": [[115640.0, 22170.0], [115637.5, 55520.0], [115635.0, 16190.0], [115632.5, 10400.0], [115630.0, 10400.0], [115622.5, 33940.0], [115610.0, 2170.0], [115605.0, 2000.0], [115597.5, 1950.0], [115570.0, 12500.0], [115490.0, 2020.0], [115487.5, 40.0], [115482.5, 20.0], [115480.0, 37320.0], [115477.5, 46050.0], [115452.5, 1990.0], [115390.0, 20.0], [115375.0, 2040.0], [115352.5, 38430.0], [115350.0, 26940.0]], "asks": [[115642.5, 2000.0], [115650.0, 2570.0], [115660.0, 5000.0], [115665.0, 1990.0], [115667.5, 20.0], [115672.5, 2000.0], [115675.0, 44410.0], [115677.5, 1950.0], [115690.0, 2040.0], [115692.5, 2410.0], [115700.0, 24980.0], [115702.5, 3990.0], [115760.0, 20.0], [115775.0, 43420.0], [115802.5, 2000.0], [115815.0, 8990.0], [115840.0, 2040.0], [115845.0, 24850.0], [115862.5, 1950.0], [115870.0, 9600.0]]}}}
{"jsonrpc": "2.0", "method": "subscription", "params": {"channel": "book.BTC-19SEP25.none.20.100ms", "data": {"timestamp": 1757654530037, "change_id": 117135844626, "instrument_name": "BTC-19SEP25", "bids": [[115845.0, 4500.0], [115842.5, 13590.0], [115840.0, 47000.0], [115832.5, 15460.0], [115830.0, 34740.0], [115825.0, 118000.0], [115822.5, 660.0], [115820.0, 35980.0], [115810.0, 35240.0], [115732.5, 6300.0], [115727.5, 650.0], [115715.0, 44700.0], [115712.5, 30000.0], [115690.0, 640.0], [115667.5, 20.0], [115645.0, 6320.0], [115600.0, 660.0], [115590.0, 1230.0], [115575.0, 20.0], [115570.0, 640.0]], "asks": [[115847.5, 20870.0], [115850.0, 48000.0], [115852.5, 20.0], [115855.0, 9600.0], [115857.5, 46430.0], [115860.0, 660.0], [115867.5, 76740.0], [115872.5, 660.0], [115877.5, 34580.0], [115880.0, 101970.0], [115885.0, 2900.0], [115892.5, 5000.0], [115897.5, 640.0], [115902.5, 2250.0], [115910.0, 2000.0], [115920.0, 650.0], [115925.0, 6360.0], [115940.0, 12000.0], [115942.5, 640.0], [115945.0, 20.0]]}}}
{"jsonrpc": "2.0", "method": "subscription", "params": {"channel": "book.BTC-12SEP25.none.20.100ms", "data": {"timestamp": 1757654530189, "change_id": 117135844817, "instrument_name": "BTC-12SEP25", "bids": [[115640.0, 22170.0], [115637.5, 55520.0], [115635.0, 16190.0], [115632.5, 10400.0], [115630.0, 10400.0], [115622.5, 33940.0], [115610.0, 2170.0], [115605.0, 2000.0], [115597.5, 1950.0], [115570.0, 12500.0], [115490.0, 2020.0], [115487.5, 40.0], [115482.5, 20.0], [115480.0, 37320.0], [115477.5, 46050.0], [115452.5, 1990.0], [115390.0, 20.0], [115375.0, 2040.0], [115352.5, 38430.0], [115350.0, 26940.0]], "asks": [[115642.5, 2000.0], [115650.0, 2570.0], [115657.5, 2410.0], [115660.0, 5000.0], [115665.0, 1990.0], [115667.5, 20.0], [115672.5, 2000.0], [115675.0, 44410.0], [115690.0, 2040.0], [115700.0, 24980.0], [115702.5, 3990.0], [115760.0, 20.0], [115775.0, 43420.0], [115802.5, 2000.0], [115815.0, 8990.0], [115840.0, 2040.0], [115845.0, 24850.0], [115862.5, 1950.0], [115870.0, 9600.0], [115887.5, 2040.0]]}}}
{"jsonrpc": "2.0", "method": "subscription", "params": {"channel": "book.BTC-19SEP25.none.20.100ms", "data": {"timestamp": 1757654530684, "change_id": 117135845442, "instrument_name": "BTC-19SEP25", "bids": [[115845.0, 4500.0], [115842.5, 13590.0], [115840.0, 47000.0], [115832.5, 15460.0], [115830.0, 34740.0], [115825.0, 118000.0], [115822.5, 660.0], [115820.0, 35980.0], [115810.0, 35240.0], [115732.5, 6300.0], [115727.5, 650.0], [115715.0, 44700.0], [115712.5, 30000.0], [115690.0, 640.0], [115667.5, 20.0], [115645.0, 6320.0], [115600.0, 660.0], [115590.0, 1230.0], [115575.0, 20.0], [115570.0, 640.0]], "asks": [[115847.5, 10600.0], [115852.5, 5820.0], [115855.0, 57600.0], [115857.5, 46430.0], [115860.0, 660.0], [115867.5, 76740.0], [115872.5, 660.0], [115877.5, 34580.0], [115880.0, 101970.0], [115885.0, 2900.0], [115892.5, 5000.0], [115897.5, 640.0], [115902.5, 2250.0], [115910.0, 2000.0], [115920.0, 650.0], [115925.0, 6360.0], [115940.0, 12000.0], [115942.5, 640.0], [115945.0, 20.0], [115955.0, 670.0]]}}}
{"jsonrpc": "2.0", "method": "subscription", "params": {"channel": "book.BTC-12SEP25.none.20.100ms", "data": {"timestamp": 1757654530596, "change_id": 117135845282, "instrument_name": "BTC-12SEP25", "bids": [[115640.0, 22170.0], [115637.5, 55520.0], [115635.0, 16190.0], [115632.5, 10400.0], [115630.0, 10400.0], [115622.5, 33940.0], [115610.0, 2170.0], [115605.0, 2000.0], [115597.5, 1950.0], [115570.0, 12500.0], [115490.0, 2020.0], [115487.5, 40.0], [115482.5, 20.0], [115480.0, 37320.0], [115477.5, 46050.0], [115452.5, 1990.0], [115390.0, 20.0], [115375.0, 2040.0], [115352.5, 38430.0], [115350.0, 26940.0]], "asks": [[115642.5, 2000.0], [115647.5, 2410.0], [115650.0, 160.0], [115657.5, 2410.0], [115660.0, 5000.0], [115665.0, 1990.0], [115667.5, 20.0], [115672.5, 2000.0], [115675.0, 44410.0], [115690.0, 2040.0], [115700.0, 24980.0], [115702.5, 3990.0], [115760.0, 20.0], [115775.0, 43420.0], [115802.5, 2000.0], [115815.0, 8990.0], [115840.0, 2040.0], [115845.0, 24850.0], [115862.5, 1950.0], [115870.0, 9600.0]]}}}
{"jsonrpc": "2.0", "method": "subscription", "params": {"channel": "book.BTC-19SEP25.none.20.100ms", "data": {"timestamp": 1757654531555, "change_id": 117135846116, "instrument_name": "BTC-19SEP25", "bids": [[115845.0, 10300.0], [115842.5, 13590.0], [115840.0, 47000.0], [115832.5, 15460.0], [115830.0, 34740.0], [115825.0, 118000.0], [115822.5, 660.0], [115820.0, 35980.0], [115810.0, 35240.0], [115732.5, 6300.0], [115727.5, 650.0], [115715.0, 44700.0], [115712.5, 30000.0], [115690.0, 640.0], [115667.5, 20.0], [115645.0, 6320.0], [115600.0, 660.0], [115590.0, 1230.0], [115575.0, 20.0], [115570.0, 640.0]], "asks": [[115847.5, 20870.0], [115852.5, 5820.0], [115855.0, 57600.0], [115857.5, 46430.0], [115860.0, 660.0], [115867.5, 76740.0], [115872.5, 660.0], [115877.5, 34580.0], [115880.0, 101970.0], [115885.0, 2900.0], [115892.5, 5000.0], [115897.5, 640.0], [115902.5, 2250.0], [115910.0, 2000.0], [115920.0, 650.0], [115925.0, 6360.0], [115940.0, 12000.0], [115942.5, 640.0], [115945.0, 20.0], [115955.0, 670.0]]}}}
{"jsonrpc": "2.0", "method": "subscription", "params": {"channel": "book.BTC-19SEP25.none.20.100ms", "data": {"timestamp": 1757654532022, "change_id": 117135846778, "instrument_name": "BTC-19SEP25", "bids": [[115845.0, 10300.0], [115842.5, 13590.0], [115840.0, 47000.0], [115832.5, 15460.0], [115830.0, 34740.0], [115825.0, 118000.0], [115822.5, 660.0], [115820.0, 35980.0], [115810.0, 35240.0], [115735.0, 6300.0], [115727.5, 650.0], [115715.0, 44700.0], [115712.5, 30000.0], [115690.0, 640.0], [115667.5, 20.0], [115645.0, 6320.0], [115600.0, 660.0], [115590.0, 1230.0], [115575.0, 20.0], [115570.0, 640.0]], "asks": [[115847.5, 20870.0], [115852.5, 5820.0], [115855.0, 57600.0], [115857.5, 46430.0], [115860.0, 660.0], [115867.5, 76740.0], [115872.5, 660.0], [115877.5, 34580.0], [115880.0, 101970.0], [115885.0, 2900.0], [115892.5, 5000.0], [115897.5, 640.0], [115902.5, 2250.0], [115910.0, 2000.0], [115920.0, 650.0], [115925.0, 6360.0], [115940.0, 12000.0], [115942.5, 640.0], [115945.0, 20.0], [115955.0, 670.0]]}}}
{"jsonrpc": "2.0", "method": "subscription", "params": {"channel": "book.BTC-19SEP25.none.20.100ms", "data": {"timestamp": 1757654532372, "change_id": 117135847217, "instrument_name": "BTC-19SEP25", "bids": [[115845.0, 10300.0], [115842.5, 13590.0], [115840.0, 47000.0], [115832.5, 15460.0], [115830.0, 34740.0], [115825.0, 118000.0], [115822.5, 660.0], [115820.0, 35980.0], [115810.0, 35240.0], [115735.0, 6300.0], [115727.5, 650.0], [115715.0, 44700.0], [115712.5, 30000.0], [115690.0, 640.0], [115667.5, 20.0], [115645.0, 6320.0], [115600.0, 660.0], [115590.0, 1230.0], [115575.0, 20.0], [115570.0, 640.0]], "asks": [[115847.5, 20870.0], [115852.5, 5820.0], [115855.0, 57600.0], [115857.5, 46430.0], [115860.0, 660.0], [115867.5, 76740.0], [115872.5, 660.0], [115877.5, 34580.0], [115880.0, 101970.0], [115885.0, 2900.0], [115892.5, 5000.0], [115897.5, 640.0], [115902.5, 2250.0], [115910.0, 2000.0], [115920.0, 650.0], [115925.0, 6360.0], [115940.0, 12000.0], [115942.5, 640.0], [115945.0, 20.0], [115955.0, 670.0]]}}}
{"jsonrpc": "2.0", "method": "subscription", "params": {"channel": "book.BTC-19SEP25.none.20.100ms", "data": {"timestamp": 1757654532678, "change_id": 117135847668, "instrument_name": "BTC-19SEP25", "bids": [[115845.0, 10300.0], [115842.5, 13590.0], [115840.0, 47000.0], [115832.5, 15460.0], [115830.0, 34740.0], [115825.0, 118000.0], [115822.5, 660.0], [115820.0, 35980.0], [115810.0, 35240.0], [115735.0, 6300.0], [115727.5, 650.0], [115715.0, 44700.0], [115712.5, 30000.0], [115690.0, 640.0], [115667.5, 20.0], [115645.0, 6320.0], [115600.0, 660.0], [115590.0, 1230.0], [115575.0, 20.0], [115570.0, 640.0]], "asks": [[115847.5, 20200.0], [115852.5, 5820.0], [115855.0, 59850.0], [115857.5, 44180.0], [115860.0, 660.0], [115867.5, 76740.0], [115872.5, 660.0], [115877.5, 34580.0], [115880.0, 101970.0], [115885.0, 2900.0], [115892.5, 5000.0], [115897.5, 640.0], [115902.5, 2250.0], [115910.0, 2000.0], [115920.0, 650.0], [115925.0, 6360.0], [115940.0, 12000.0], [115942.5, 640.0], [115945.0, 20.0], [115955.0, 670.0]]}}}
{"jsonrpc": "2.0", "method": "subscription", "params": {"channel": "book.BTC-19SEP25.none.20.100ms", "data": {"timestamp": 1757654533059, "change_id": 117135849712, "instrument_name": "BTC-19SEP25", "bids": [[115820.0, 1400.0], [115807.5, 670.0], [115805.0, 20000.0], [115802.5, 34580.0], [115790.0, 84580.0], [115787.5, 48000.0], [115785.0, 830.0], [115727.5, 650.0], [115715.0, 44700.0], [115692.5, 6300.0], [115690.0, 640.0], [115667.5, 20.0], [115665.0, 30670.0], [115600.0, 660.0], [115590.0, 1230.0], [115575.0, 20.0], [115570.0, 640.0], [115567.5, 1400.0], [115560.0, 12000.0], [115557.5, 18920.0]], "asks": [[115822.5, 11270.0], [115835.0, 82580.0], [115845.0, 34580.0], [115847.5, 10270.0], [115852.5, 5820.0], [115855.0, 12010.0], [115857.5, 34580.0], [115860.0, 660.0], [115867.5, 34580.0], [115872.5, 660.0], [115877.5, 34580.0], [115880.0, 101970.0], [115885.0, 2900.0], [115892.5, 5000.0], [115897.5, 640.0], [115902.5, 2250.0], [115920.0, 650.0], [115925.0, 6360.0], [115935.0, 3000.0], [115940.0, 12000.0]]}}}
{"jsonrpc": "2.0", "method": "subscription", "params": {"channel": "book.BTC-12SEP25.none.20.100ms", "data": {"timestamp": 1757654533049, "change_id": 117135849653, "instrument_name": "BTC-12SEP25", "bids": [[115640.0, 10400.0], [115637.5, 10400.0], [115635.0, 10400.0], [115632.5, 10400.0], [115630.0, 10400.0], [115627.5, 9100.0], [115625.0, 42000.0], [115610.0, 2010.0], [115597.5, 1950.0], [115575.0, 2000.0], [115572.5, 1950.0], [115567.5, 160.0], [115492.5, 12500.0], [115490.0, 2020.0], [115487.5, 40.0], [115482.5, 20.0], [115480.0, 12000.0], [115477.5, 46050.0], [115452.5, 1990.0], [115437.5, 25320.0]], "asks": [[115642.5, 3950.0], [115650.0, 160.0], [115657.5, 2410.0], [115660.0, 5000.0], [115665.0, 1990.0], [115667.5, 20.0], [115672.5, 2000.0], [115675.0, 2410.0], [115690.0, 2040.0], [115700.0, 24980.0], [115702.5, 3990.0], [115760.0, 20.0], [115775.0, 43420.0], [115802.5, 2000.0], [115815.0, 8990.0], [115840.0, 2040.0], [115845.0, 24850.0], [115862.5, 1950.0], [115870.0, 9600.0], [115887.5, 2040.0]]}}}
{"jsonrpc": "2.0", "method": "subscription", "params": {"channel": "book.BTC-12SEP25.none.20.100ms", "data": {"timestamp": 1757654533357, "change_id": 117135851413, "instrument_name": "BTC-12SEP25", "bids": [[115640.0, 10400.0], [115637.5, 10400.0], [115635.0, 10400.0], [115632.5, 10400.0], [115630.0, 10400.0], [115617.5, 9100.0], [115615.0, 42000.0], [115610.0, 2010.0], [115597.5, 1950.0], [115587.5, 2410.0], [115585.0, 1950.0], [115575.0, 2000.0], [115572.5, 1950.0], [115567.5, 160.0], [115517.5, 5000.0], [115510.0, 1950.0], [115492.5, 12500.0], [115490.0, 2020.0], [115487.5, 40.0], [115482.5, 20.0]], "asks": [[115642.5, 8950.0], [115647.5, 42000.0], [115650.0, 160.0], [115665.0, 1990.0], [115667.5, 20.0], [115672.5, 2000.0], [115690.0, 2040.0], [115700.0, 24980.0], [115702.5, 3990.0], [115760.0, 20.0], [115775.0, 43420.0], [115802.5, 2000.0], [115815.0, 8990.0], [115840.0, 2040.0], [115845.0, 24850.0], [115862.5, 1950.0], [115870.0, 9600.0], [115887.5, 2040.0], [115912.5, 52510.0], [115942.5, 3310.0]]}}}
{"jsonrpc": "2.0", "method": "subscription", "params": {"channel": "book.BTC-19SEP25.none.20.100ms", "data": {"timestamp": 1757654533391, "change_id": 117135851650, "instrument_name": "BTC-19SEP25", "bids": [[115820.0, 3650.0], [115815.0, 16260.0], [115812.5, 20000.0], [115810.0, 34580.0], [115807.5, 670.0], [115800.0, 92000.0], [115797.5, 47430.0], [115790.0, 34580.0], [115787.5, 48000.0], [115785.0, 830.0], [115780.0, 2250.0], [115772.5, 670.0], [115750.0, 5000.0], [115727.5, 650.0], [115715.0, 44700.0], [115692.5, 6300.0], [115690.0, 640.0], [115667.5, 20.0], [115665.0, 30670.0], [115600.0, 660.0]], "asks": [[115822.5, 11270.0], [115827.5, 48000.0], [115835.0, 77250.0], [115842.5, 160.0], [115845.0, 34580.0], [115847.5, 10270.0], [115852.5, 5820.0], [115855.0, 9600.0], [115857.5, 34580.0], [115860.0, 660.0], [115865.0, 5000.0], [115872.5, 660.0], [115880.0, 101970.0], [115882.5, 2000.0], [115885.0, 650.0], [115897.5, 640.0], [115900.0, 3000.0], [115920.0, 650.0], [115925.0, 6360.0], [115930.0, 3000.0]]}}}
{"jsonrpc": "2.0", "method": "subscription", "params": {"channel": "book.BTC-12SEP25.none.20.100ms", "data": {"timestamp": 1757654533722, "change_id": 117135853889, "instrument_name": "BTC-12SEP25", "bids": [[115640.0, 10400.0], [115637.5, 10400.0], [115635.0, 10400.0], [115632.5, 10400.0], [115630.0, 10400.0], [115615.0, 720.0], [115612.5, 2410.0], [115605.0, 8380.0], [115602.5, 42000.0], [115597.5, 1950.0], [115587.5, 2410.0], [115585.0, 1950.0], [115572.5, 1950.0], [115570.0, 2410.0], [115567.5, 160.0], [115535.0, 1950.0], [115510.0, 1950.0], [115507.5, 12500.0], [115490.0, 2020.0], [115487.5, 40.0]], "asks": [[115642.5, 16180.0], [115647.5, 42000.0], [115650.0, 160.0], [115665.0, 1990.0], [115667.5, 101800.0], [115672.5, 2000.0], [115690.0, 2040.0], [115700.0, 24980.0], [115702.5, 3990.0], [115760.0, 20.0], [115775.0, 43420.0], [115802.5, 2000.0], [115815.0, 8990.0], [115840.0, 2040.0], [115845.0, 24850.0], [115862.5, 1950.0], [115870.0, 9600.0], [115887.5, 2040.0], [115912.5, 52510.0], [115942.5, 3310.0]]}}}
{"jsonrpc": "2.0", "method": "subscription", "params": {"channel": "book.BTC-19SEP25.none.20.100ms", "data": {"timestamp": 1757654533645, "change_id": 117135853850, "instrument_name": "BTC-19SEP25", "bids": [[115820.0, 1400.0], [115807.5, 6000.0], [115805.0, 20000.0], [115802.5, 10260.0], [115800.0, 50000.0], [115797.5, 36830.0], [115795.0, 48000.0], [115790.0, 34580.0], [115785.0, 42830.0], [115780.0, 2250.0], [115772.5, 670.0], [115727.5, 650.0], [115715.0, 44700.0], [115690.0, 640.0], [115685.0, 6300.0], [115677.5, 670.0], [115667.5, 20.0], [115665.0, 30670.0], [115600.0, 660.0], [115590.0, 1230.0]], "asks": [[115822.5, 23120.0], [115825.0, 42000.0], [115827.5, 48000.0], [115832.5, 2250.0], [115835.0, 35250.0], [115842.5, 160.0], [115845.0, 34580.0], [115847.5, 670.0], [115850.0, 2250.0], [115852.5, 20.0], [115855.0, 9600.0], [115857.5, 34580.0], [115860.0, 660.0], [115865.0, 5000.0], [115872.5, 660.0], [115882.5, 2000.0], [115885.0, 650.0], [115897.5, 640.0], [115917.5, 3000.0], [115920.0, 650.0]]}}}
{"jsonrpc": "2.0", "method": "subscription", "params": {"channel": "book.BTC-12SEP25.none.20.100ms", "data": {"timestamp": 1757654533958, "change_id": 117135854424, "instrument_name": "BTC-12SEP25", "bids": [[115640.0, 10400.0], [115637.5, 10400.0], [115635.0, 10400.0], [115632.5, 10400.0], [115630.0, 10400.0], [115617.5, 590.0], [115615.0, 1950.0], [115605.0, 8510.0], [115602.5, 42000.0], [115597.5, 1950.0], [115587.5, 2410.0], [115585.0, 1950.0], [115572.5, 1950.0], [115567.5, 160.0], [115547.5, 5000.0], [115535.0, 1950.0], [115510.0, 1950.0], [115502.5, 12500.0], [115490.0, 2020.0], [115487.5, 40.0]], "asks": [[115642.5, 16180.0], [115647.5, 42000.0], [115650.0, 160.0], [115665.0, 1990.0], [115667.5, 101800.0], [115672.5, 2000.0], [115690.0, 2040.0], [115700.0, 24980.0], [115702.5, 3990.0], [115760.0, 20.0], [115775.0, 43420.0], [115802.5, 2000.0], [115815.0, 8990.0], [115840.0, 2040.0], [115845.0, 24850.0], [115862.5, 1950.0], [115870.0, 9600.0], [115887.5, 2040.0], [115912.5, 52510.0], [115942.5, 3310.0]]}}}
{"jsonrpc": "2.0", "method": "subscription", "params": {"channel": "book.BTC-19SEP25.none.20.100ms", "data": {"timestamp": 1757654533944, "change_id": 117135854450, "instrument_name": "BTC-19SEP25", "bids": [[115820.0, 1400.0], [115810.0, 20000.0], [115807.5, 41250.0], [115802.5, 10260.0], [115800.0, 50000.0], [115797.5, 36830.0], [115795.0, 58600.0], [115790.0, 34580.0], [115785.0, 42830.0], [115780.0, 7250.0], [115772.5, 670.0], [115727.5, 650.0], [115715.0, 44700.0], [115690.0, 640.0], [115680.0, 6300.0], [115677.5, 670.0], [115667.5, 20.0], [115665.0, 30670.0], [115600.0, 660.0], [115590.0, 1230.0]], "asks": [[115822.5, 23120.0], [115825.0, 42000.0], [115827.5, 48000.0], [115832.5, 2250.0], [115835.0, 35250.0], [115842.5, 160.0], [115845.0, 34580.0], [115847.5, 670.0], [115850.0, 2250.0], [115852.5, 20.0], [115855.0, 9600.0], [115857.5, 39580.0], [115860.0, 660.0], [115872.5, 660.0], [115882.5, 2000.0], [115885.0, 650.0], [115897.5, 640.0], [115917.5, 3000.0], [115920.0, 650.0], [115925.0, 6360.0]]}}}
{"jsonrpc": "2.0", "method": "subscription", "params": {"channel": "book.BTC-12SEP25.none.20.100ms", "data": {"timestamp": 1757654534228, "change_id": 117135854818, "instrument_name": "BTC-12SEP25", "bids": [[115640.0, 10400.0], [115637.5, 10400.0], [115635.0, 10400.0], [115632.5, 10400.0], [115630.0, 10400.0], [115617.5, 1230.0], [115615.0, 4360.0], [115607.5, 720.0], [115605.0, 9560.0], [115602.5, 42000.0], [115597.5, 1950.0], [115587.5, 2410.0], [115585.0, 1950.0], [115572.5, 1950.0], [115567.5, 160.0], [115560.0, 5000.0], [115535.0, 1950.0], [115510.0, 1950.0], [115502.5, 12500.0], [115490.0, 2020.0]], "asks": [[115642.5, 16180.0], [115647.5, 42000.0], [115650.0, 160.0], [115665.0, 1990.0], [115667.5, 101800.0], [115672.5, 2000.0], [115690.0, 2040.0], [115700.0, 24980.0], [115702.5, 3990.0], [115760.0, 20.0], [115775.0, 43420.0], [115802.5, 2000.0], [115815.0, 8990.0], [115840.0, 2040.0], [115845.0, 24850.0], [115862.5, 1950.0], [115870.0, 9600.0], [115887.5, 2040.0], [115912.5, 52510.0], [115942.5, 3310.0]]}}}
{"jsonrpc": "2.0", "method": "subscription", "params": {"channel": "book.BTC-19SEP25.none.20.100ms", "data": {"timestamp": 1757654534228, "change_id": 117135854819, "instrument_name": "BTC-19SEP25", "bids": [[115820.0, 3650.0], [115810.0, 30260.0], [115807.5, 35250.0], [115802.5, 6000.0], [115800.0, 50000.0], [115797.5, 36830.0], [115795.0, 58600.0], [115792.5, 42000.0], [115790.0, 39580.0], [115785.0, 830.0], [115780.0, 2250.0], [115727.5, 650.0], [115715.0, 44700.0], [115690.0, 640.0], [115680.0, 6300.0], [115677.5, 670.0], [115667.5, 20.0], [115665.0, 30670.0], [115600.0, 660.0], [115590.0, 1230.0]], "asks": [[115822.5, 23120.0], [115825.0, 42000.0], [115827.5, 48000.0], [115832.5, 2250.0], [115835.0, 35250.0], [115842.5, 160.0], [115845.0, 34580.0], [115847.5, 670.0], [115850.0, 2250.0], [115852.5, 20.0], [115855.0, 9600.0], [115857.5, 39580.0], [115872.5, 660.0], [115882.5, 2000.0], [115885.0, 650.0], [115897.5, 640.0], [115917.5, 3000.0], [115920.0, 650.0], [115925.0, 6360.0], [115940.0, 12000.0]]}}}
{"jsonrpc": "2.0", "method": "subscription", "params": {"channel": "book.BTC-19SEP25.none.20.100ms", "data": {"timestamp": 1757654534595, "change_id": 117135855308, "instrument_name": "BTC-19SEP25", "bids": [[115820.0, 3650.0], [115812.5, 7400.0], [115810.0, 30260.0], [115807.5, 35250.0], [115802.5, 11000.0], [115800.0, 50000.0], [115797.5, 36830.0], [115795.0, 58600.0], [115792.5, 42000.0], [115790.0, 34580.0], [115785.0, 830.0], [115780.0, 2250.0], [115727.5, 650.0], [115715.0, 44700.0], [115690.0, 640.0], [115680.0, 6300.0], [115677.5, 670.0], [115667.5, 20.0], [115665.0, 30670.0], [115600.0, 660.0]], "asks": [[115822.5, 23120.0], [115825.0, 51600.0], [115827.5, 48000.0], [115832.5, 2250.0], [115835.0, 35250.0], [115842.5, 160.0], [115845.0, 34580.0], [115847.5, 670.0], [115850.0, 2250.0], [115852.5, 20.0], [115857.5, 39580.0], [115872.5, 660.0], [115882.5, 2000.0], [115885.0, 650.0], [115897.5, 640.0], [115917.5, 3000.0], [115920.0, 650.0], [115925.0, 6360.0], [115942.5, 640.0], [115945.0, 20.0]]}}}
{"jsonrpc": "2.0", "method": "subscription", "params": {"channel": "book.BTC-12SEP25.none.20.100ms", "data": {"timestamp": 1757654534693, "change_id": 117135855518, "instrument_name": "BTC-12SEP25", "bids": [[115640.0, 10400.0], [115637.5, 10400.0], [115635.0, 10400.0], [115632.5, 10400.0], [115630.0, 10400.0], [115620.0, 1310.0], [115617.5, 2410.0], [115615.0, 1950.0], [115607.5, 720.0], [115605.0, 9480.0], [115602.5, 42000.0], [115597.5, 1950.0], [115587.5, 2410.0], [115585.0, 1950.0], [115572.5, 6950.0], [115567.5, 160.0], [115542.5, 2000.0], [115535.0, 1950.0], [115510.0, 1950.0], [115502.5, 12500.0]], "asks": [[115642.5, 16180.0], [115647.5, 42000.0], [115650.0, 160.0], [115665.0, 1990.0], [115667.5, 101800.0], [115672.5, 2000.0], [115690.0, 2040.0], [115700.0, 24980.0], [115702.5, 3990.0], [115760.0, 20.0], [115775.0, 43420.0], [115802.5, 2000.0], [115815.0, 8990.0], [115840.0, 2040.0], [115845.0, 24850.0], [115862.5, 1950.0], [115887.5, 2040.0], [115912.5, 52510.0], [115942.5, 3310.0], [115975.0, 1980.0]]}}}
{"jsonrpc": "2.0", "method": "subscription", "params": {"channel": "book.BTC-12SEP25.none.20.100ms", "data": {"timestamp": 1757654534951, "change_id": 117135855843, "instrument_name": "BTC-12SEP25", "bids": [[115640.0, 10400.0], [115637.5, 10400.0], [115635.0, 10400.0], [115632.5, 10400.0], [115630.0, 10400.0], [115620.0, 1310.0], [115617.5, 2410.0], [115615.0, 1950.0], [115607.5, 720.0], [115605.0, 9480.0], [115602.5, 42000.0], [115597.5, 1950.0], [115587.5, 2410.0], [115585.0, 1950.0], [115580.0, 5000.0], [115572.5, 1950.0], [115567.5, 160.0], [115542.5, 2000.0], [115535.0, 1950.0], [115510.0, 1950.0]], "asks": [[115642.5, 16180.0], [115647.5, 42000.0], [115650.0, 160.0], [115665.0, 1990.0], [115667.5, 101800.0], [115672.5, 2000.0], [115690.0, 2040.0], [115700.0, 24980.0], [115702.5, 3990.0], [115760.0, 20.0], [115775.0, 43420.0], [115802.5, 2000.0], [115815.0, 8990.0], [115840.0, 2040.0], [115845.0, 24850.0], [115862.5, 1950.0], [115887.5, 2040.0], [115912.5, 52510.0], [115942.5, 3310.0], [115975.0, 1980.0]]}}}
{"jsonrpc": "2.0", "method": "subscription", "params": {"channel": "book.BTC-19SEP25.none.20.100ms", "data": {"timestamp": 1757654534789, "change_id": 117135855701, "instrument_name": "BTC-19SEP25", "bids": [[115820.0, 3650.0], [115812.5, 7400.0], [115810.0, 35260.0], [115807.5, 35250.0], [115802.5, 6000.0], [115800.0, 50000.0], [115797.5, 36830.0], [115795.0, 58600.0], [115792.5, 42000.0], [115790.0, 34580.0], [115785.0, 830.0], [115780.0, 2250.0], [115727.5, 650.0], [115715.0, 44700.0], [115690.0, 640.0], [115680.0, 6300.0], [115677.5, 670.0], [115667.5, 20.0], [115665.0, 30670.0], [115600.0, 660.0]], "asks": [[115822.5, 23120.0], [115825.0, 51600.0], [115827.5, 48000.0], [115832.5, 2250.0], [115835.0, 35250.0], [115842.5, 160.0], [115845.0, 34580.0], [115847.5, 670.0], [115850.0, 2250.0], [115852.5, 20.0], [115857.5, 39580.0], [115872.5, 660.0], [115882.5, 2000.0], [115885.0, 650.0], [115897.5, 640.0], [115917.5, 3000.0], [115920.0, 650.0], [115925.0, 6360.0], [115942.5, 640.0], [115945.0, 20.0]]}}}
{"jsonrpc": "2.0", "method": "subscription", "params": {"channel": "book.BTC-19SEP25.none.20.100ms", "data": {"timestamp": 1757654535307, "change_id": 117135856351, "instrument_name": "BTC-19SEP25", "bids": [[115820.0, 1400.0], [115817.5, 5000.0], [115815.0, 2250.0], [115807.5, 6670.0], [115805.0, 20000.0], [115802.5, 10260.0], [115800.0, 50000.0], [115797.5, 36830.0], [115795.0, 58600.0], [115792.5, 42000.0], [115790.0, 34580.0], [115785.0, 830.0], [115780.0, 2250.0], [115727.5, 650.0], [115715.0, 44700.0], [115690.0, 640.0], [115680.0, 6300.0], [115677.5, 670.0], [115667.5, 20.0], [115665.0, 30670.0]], "asks": [[115822.5, 23120.0], [115825.0, 51600.0], [115827.5, 48000.0], [115832.5, 2250.0], [115835.0, 35250.0], [115842.5, 160.0], [115845.0, 34580.0], [115847.5, 670.0], [115850.0, 2250.0], [115852.5, 20.0], [115857.5, 39580.0], [115872.5, 660.0], [115882.5, 2000.0], [115885.0, 650.0], [115897.5, 640.0], [115917.5, 3000.0], [115920.0, 650.0], [115925.0, 6360.0], [115942.5, 640.0], [115945.0, 20.0]]}}}
{"jsonrpc": "2.0", "method": "subscription", "params": {"channel": "book.BTC-12SEP25.none.20.100ms", "data": {"timestamp": 1757654535362, "change_id": 117135856364, "instrument_name": "BTC-12SEP25", "bids": [[115640.0, 10400.0], [115637.5, 10400.0], [115635.0, 10400.0], [115632.5, 10400.0], [115630.0, 10400.0], [115620.0, 1230.0], [115615.0, 4360.0], [115607.5, 720.0], [115605.0, 9560.0], [115602.5, 42000.0], [115597.5, 1950.0], [115587.5, 7410.0], [115585.0, 1950.0], [115572.5, 1950.0], [115567.5, 160.0], [115542.5, 2000.0], [115535.0, 1950.0], [115510.0, 1950.0], [115502.5, 12500.0], [115490.0, 2020.0]], "asks": [[115642.5, 16180.0], [115647.5, 42000.0], [115650.0, 160.0], [115665.0, 1990.0], [115667.5, 101800.0], [115672.5, 2000.0], [115690.0, 2040.0], [115700.0, 24980.0], [115702.5, 3990.0], [115760.0, 20.0], [115775.0, 43420.0], [115802.5, 2000.0], [115815.0, 8990.0], [115840.0, 2040.0], [115845.0, 24850.0], [115862.5, 1950.0], [115887.5, 2040.0], [115912.5, 52510.0], [115942.5, 3310.0], [115975.0, 1980.0]]}}}
{"jsonrpc": "2.0", "method": "subscription", "params": {"channel": "book.BTC-19SEP25.none.20.100ms", "data": {"timestamp": 1757654535599, "change_id": 117135856737, "instrument_name": "BTC-19SEP25", "bids": [[115820.0, 2800.0], [115817.5, 5000.0], [115815.0, 2250.0], [115810.0, 9600.0], [115807.5, 6670.0], [115805.0, 20000.0], [115802.5, 10260.0], [115800.0, 50000.0], [115797.5, 36830.0], [115795.0, 58600.0], [115792.5, 42000.0], [115790.0, 34580.0], [115785.0, 830.0], [115780.0, 2250.0], [115727.5, 650.0], [115715.0, 44700.0], [115690.0, 640.0], [115680.0, 6300.0], [115677.5, 670.0], [115667.5, 20.0]], "asks": [[115822.5, 23120.0], [115825.0, 51600.0], [115827.5, 48000.0], [115832.5, 2250.0], [115835.0, 35250.0], [115842.5, 160.0], [115845.0, 34580.0], [115847.5, 670.0], [115850.0, 2250.0], [115852.5, 20.0], [115857.5, 39580.0], [115872.5, 660.0], [115882.5, 2000.0], [115885.0, 650.0], [115897.5, 640.0], [115917.5, 3000.0], [115920.0, 650.0], [115925.0, 6360.0], [115942.5, 640.0], [115945.0, 20.0]]}}}
{"jsonrpc": "2.0", "method": "subscription", "params": {"channel": "book.BTC-12SEP25.none.20.100ms", "data": {"timestamp": 1757654535457, "change_id": 117135856482, "instrument_name": "BTC-12SEP25", "bids": [[115640.0, 10400.0], [115637.5, 10400.0], [115635.0, 10400.0], [115632.5, 10400.0], [115630.0, 10400.0], [115620.0, 1230.0], [115617.5, 2410.0], [115615.0, 1950.0], [115607.5, 720.0], [115605.0, 9560.0], [115602.5, 42000.0], [115597.5, 1950.0], [115587.5, 7410.0], [115572.5, 1950.0], [115567.5, 160.0], [115542.5, 2000.0], [115535.0, 1950.0], [115510.0, 1950.0], [115502.5, 12500.0], [115490.0, 2020.0]], "asks": [[115642.5, 16180.0], [115647.5, 42000.0], [115650.0, 160.0], [115665.0, 1990.0], [115667.5, 101800.0], [115672.5, 2000.0], [115690.0, 2040.0], [115700.0, 24980.0], [115702.5, 3990.0], [115760.0, 20.0], [115775.0, 43420.0], [115802.5, 2000.0], [115815.0, 8990.0], [115840.0, 2040.0], [115845.0, 24850.0], [115887.5, 2040.0], [115912.5, 52510.0], [115942.5, 3310.0], [115975.0, 1980.0], [116007.5, 50000.0]]}}}
{"jsonrpc": "2.0", "method": "subscription", "params": {"channel": "book.BTC-12SEP25.none.20.100ms", "data": {"timestamp": 1757654535895, "change_id": 117135857664, "instrument_name": "BTC-12SEP25", "bids": [[115640.0, 10400.0], [115637.5, 10400.0], [115635.0, 10400.0], [115632.5, 10400.0], [115630.0, 10400.0], [115620.0, 590.0], [115617.5, 2410.0], [115615.0, 1950.0], [115605.0, 10920.0], [115602.5, 42000.0], [115597.5, 1950.0], [115595.0, 5000.0], [115587.5, 2410.0], [115572.5, 1950.0], [115567.5, 160.0], [115542.5, 2000.0], [115535.0, 1950.0], [115510.0, 1950.0], [115502.5, 12500.0], [115490.0, 2020.0]], "asks": [[115642.5, 16180.0], [115647.5, 42000.0], [115650.0, 160.0], [115665.0, 1990.0], [115667.5, 101800.0], [115672.5, 2000.0], [115690.0, 2040.0], [115700.0, 24980.0], [115702.5, 3990.0], [115760.0, 20.0], [115775.0, 43420.0], [115802.5, 2000.0], [115815.0, 8990.0], [115840.0, 2040.0], [115845.0, 24850.0], [115887.5, 2040.0], [115912.5, 52510.0], [115942.5, 3310.0], [115975.0, 1980.0], [116007.5, 50000.0]]}}}
{"jsonrpc": "2.0", "method": "subscription", "params": {"channel": "book.BTC-19SEP25.none.20.100ms", "data": {"timestamp": 1757654535962, "change_id": 117135857886, "instrument_name": "BTC-19SEP25", "bids": [[115820.0, 5050.0], [115817.5, 5000.0], [115810.0, 9600.0], [115807.5, 6670.0], [115805.0, 20000.0], [115802.5, 10230.0], [115800.0, 60600.0], [115797.5, 36830.0], [115795.0, 48000.0], [115792.5, 42000.0], [115790.0, 34580.0], [115785.0, 830.0], [115780.0, 2250.0], [115727.5, 650.0], [115715.0, 44700.0], [115690.0, 640.0], [115680.0, 6300.0], [115677.5, 670.0], [115667.5, 20.0], [115665.0, 30670.0]], "asks": [[115822.5, 23120.0], [115825.0, 51600.0], [115827.5, 48000.0], [115832.5, 2250.0], [115835.0, 35250.0], [115842.5, 160.0], [115845.0, 34580.0], [115847.5, 670.0], [115850.0, 2250.0], [115852.5, 20.0], [115857.5, 39580.0], [115872.5, 660.0], [115882.5, 2000.0], [115885.0, 650.0], [115897.5, 640.0], [115917.5, 3000.0], [115920.0, 650.0], [115925.0, 6360.0], [115942.5, 640.0], [115945.0, 20.0]]}}}
{"jsonrpc": "2.0", "method": "subscription", "params": {"channel": "book.BTC-12SEP25.none.20.100ms", "data": {"timestamp": 1757654536365, "change_id": 117135858492, "instrument_name": "BTC-12SEP25", "bids": [[115630.0, 12420.0], [115620.0, 590.0], [115617.5, 2410.0], [115615.0, 1950.0], [115605.0, 12820.0], [115600.0, 18740.0], [115597.5, 12360.0], [115595.0, 15390.0], [115587.5, 2410.0], [115572.5, 1950.0], [115567.5, 160.0], [115542.5, 2000.0], [115535.0, 1950.0], [115510.0, 1950.0], [115502.5, 12500.0], [115490.0, 2020.0], [115487.5, 40.0], [115482.5, 20.0], [115477.5, 46050.0], [115452.5, 1990.0]], "asks": [[115632.5, 4820.0], [115635.0, 160.0], [115640.0, 2410.0], [115642.5, 2000.0], [115645.0, 2020.0], [115647.5, 42000.0], [115665.0, 1990.0], [115667.5, 20.0], [115672.5, 2000.0], [115690.0, 2040.0], [115700.0, 24980.0], [115702.5, 3990.0], [115760.0, 20.0], [115775.0, 43420.0], [115802.5, 2000.0], [115815.0, 8990.0], [115840.0, 2040.0], [115845.0, 24850.0], [115887.5, 2040.0], [115912.5, 52510.0]]}}}
{"jsonrpc": "2.0", "method": "subscription", "params": {"channel": "book.BTC-19SEP25.none.20.100ms", "data": {"timestamp": 1757654536366, "change_id": 117135858540, "instrument_name": "BTC-19SEP25", "bids": [[115822.5, 13520.0], [115820.0, 6550.0], [115817.5, 5000.0], [115812.5, 2880.0], [115810.0, 9600.0], [115807.5, 6670.0], [115805.0, 20000.0], [115802.5, 7310.0], [115800.0, 50000.0], [115797.5, 36830.0], [115795.0, 48000.0], [115790.0, 34580.0], [115785.0, 830.0], [115780.0, 2250.0], [115727.5, 650.0], [115715.0, 44700.0], [115690.0, 640.0], [115680.0, 6300.0], [115677.5, 670.0], [115667.5, 20.0]], "asks": [[115825.0, 42000.0], [115827.5, 48000.0], [115842.5, 160.0], [115845.0, 34580.0], [115847.5, 670.0], [115850.0, 2250.0], [115852.5, 20.0], [115857.5, 34580.0], [115872.5, 660.0], [115882.5, 2000.0], [115885.0, 650.0], [115897.5, 640.0], [115917.5, 3000.0], [115920.0, 650.0], [115925.0, 6360.0], [115942.5, 640.0], [115945.0, 20.0], [115947.5, 3000.0], [115955.0, 670.0], [115965.0, 10.0]]}}}
{"jsonrpc": "2.0", "method": "subscription", "params": {"channel": "book.BTC-12SEP25.none.20.100ms", "data": {"timestamp": 1757654536676, "change_id": 117135859843, "instrument_name": "BTC-12SEP25", "bids": [[115630.0, 10400.0], [115622.5, 44410.0], [115620.0, 590.0], [115615.0, 1950.0], [115607.5, 5000.0], [115605.0, 12820.0], [115600.0, 10410.0], [115597.5, 12360.0], [115595.0, 10390.0], [115585.0, 2020.0], [115580.0, 160.0], [115572.5, 3950.0], [115537.5, 590.0], [115535.0, 1950.0], [115510.0, 1950.0], [115505.0, 3750.0], [115502.5, 12500.0], [115490.0, 2020.0], [115487.5, 40.0], [115482.5, 20.0]], "asks": [[115632.5, 4430.0], [115635.0, 160.0], [115640.0, 2410.0], [115642.5, 2000.0], [115647.5, 2020.0], [115650.0, 47000.0], [115657.5, 2410.0], [115665.0, 1990.0], [115667.5, 20.0], [115672.5, 2000.0], [115690.0, 2040.0], [115700.0, 24980.0], [115702.5, 3990.0], [115760.0, 20.0], [115775.0, 43420.0], [115802.5, 2000.0], [115815.0, 8990.0], [115840.0, 2040.0], [115845.0, 24850.0], [115887.5, 2040.0]]}}}
{"jsonrpc": "2.0", "method": "subscription", "params": {"channel": "book.BTC-19SEP25.none.20.100ms", "data": {"timestamp": 1757654536636, "change_id": 117135859871, "instrument_name": "BTC-19SEP25", "bids": [[115825.0, 7250.0], [115820.0, 2800.0], [115815.0, 7450.0], [115812.5, 20000.0], [115807.5, 50670.0], [115805.0, 45180.0], [115800.0, 16230.0], [115797.5, 78990.0], [115795.0, 48000.0], [115785.0, 670.0], [115727.5, 650.0], [115715.0, 44700.0], [115690.0, 640.0], [115680.0, 6300.0], [115677.5, 670.0], [115667.5, 20.0], [115665.0, 30670.0], [115600.0, 660.0], [115590.0, 1230.0], [115582.5, 6320.0]], "asks": [[115827.5, 58600.0], [115832.5, 2250.0], [115835.0, 9600.0], [115837.5, 76580.0], [115842.5, 160.0], [115845.0, 34580.0], [115847.5, 670.0], [115850.0, 2250.0], [115852.5, 20.0], [115857.5, 34580.0], [115860.0, 670.0], [115867.5, 2250.0], [115872.5, 660.0], [115880.0, 5000.0], [115882.5, 2000.0], [115885.0, 650.0], [115897.5, 640.0], [115917.5, 3000.0], [115920.0, 650.0], [115925.0, 6360.0]]}}}
{"jsonrpc": "2.0", "method": "subscription", "params": {"channel": "book.BTC-12SEP25.none.20.100ms", "data": {"timestamp": 1757654536789, "change_id": 117135860072, "instrument_name": "BTC-12SEP25", "bids": [[115630.0, 12810.0], [115625.0, 9120.0], [115622.5, 44410.0], [115615.0, 1950.0], [115607.5, 5000.0], [115605.0, 12820.0], [115600.0, 10410.0], [115597.5, 12360.0], [115595.0, 10390.0], [115585.0, 2020.0], [115580.0, 160.0], [115572.5, 3950.0], [115535.0, 1950.0], [115510.0, 1950.0], [115502.5, 12500.0], [115490.0, 2020.0], [115487.5, 40.0], [115482.5, 20.0], [115477.5, 46050.0], [115452.5, 1990.0]], "asks": [[115632.5, 4430.0], [115635.0, 160.0], [115640.0, 2410.0], [115642.5, 7000.0], [115647.5, 2020.0], [115650.0, 42000.0], [115657.5, 2410.0], [115665.0, 1990.0], [115667.5, 20.0], [115672.5, 2000.0], [115690.0, 2040.0], [115700.0, 24980.0], [115702.5, 3990.0], [115760.0, 20.0], [115775.0, 43420.0], [115802.5, 2000.0], [115815.0, 8990.0], [115840.0, 2040.0], [115845.0, 24850.0], [115887.5, 2040.0]]}}}
{"jsonrpc": "2.0", "method": "subscription", "params": {"channel": "book.BTC-19SEP25.none.20.100ms", "data": {"timestamp": 1757654536958, "change_id": 117135860369, "instrument_name": "BTC-19SEP25", "bids": [[115825.0, 7250.0], [115820.0, 2800.0], [115815.0, 62030.0], [115807.5, 50670.0], [115805.0, 87180.0], [115802.5, 48000.0], [115800.0, 11100.0], [115797.5, 36990.0], [115727.5, 650.0], [115715.0, 44700.0], [115690.0, 640.0], [115682.5, 1890.0], [115680.0, 6300.0], [115677.5, 670.0], [115667.5, 20.0], [115665.0, 30670.0], [115600.0, 660.0], [115590.0, 1230.0], [115585.0, 1900.0], [115582.5, 6320.0]], "asks": [[115827.5, 58600.0], [115832.5, 2250.0], [115835.0, 9600.0], [115837.5, 76580.0], [115842.5, 160.0], [115845.0, 34580.0], [115847.5, 670.0], [115850.0, 2250.0], [115852.5, 20.0], [115857.5, 34580.0], [115860.0, 670.0], [115867.5, 2250.0], [115872.5, 5660.0], [115882.5, 2000.0], [115897.5, 640.0], [115920.0, 650.0], [115925.0, 6360.0], [115942.5, 640.0], [115945.0, 20.0], [115955.0, 670.0]]}}}
