{"jsonrpc": "2.0", "id": 1, "result": ["book.BTC-9JAN26.none.20.100ms", "book.BTC-16JAN26.none.20.100ms"], "usIn": 1767435988624816, "usOut": 1767435988624991, "usDiff": 175, "testnet": false}
{"jsonrpc": "2.0", "method": "subscription", "params": {"channel": "book.BTC-9JAN26.none.20.100ms", "data": {"timestamp": 1767435987335, "change_id": 134194652218, "instrument_name": "BTC-9JAN26", "bids": [[89790.0, 12500.0], [89787.5, 2530.0], [89785.0, 2210.0], [89782.5, 2500.0], [89780.0, 7110.0], [89777.5, 2510.0], [89775.0, 6260.0], [89772.5, 2560.0], [89770.0, 630.0], [89765.0, 2500.0], [89762.5, 10.0], [89750.0, 50.0], [89745.0, 600.0], [89742.5, 2000.0], [89715.0, 610.0], [89712.5, 2000.0], [89710.0, 50.0], [89695.0, 710.0], [89692.5, 2380.0], [89690.0, 4180.0]], "asks": [[89800.0, 7860.0], [89805.0, 28780.0], [89807.5, 24550.0], [89835.0, 7450.0], [89837.5, 24970.0], [89860.0, 600.0], [89862.5, 2000.0], [89890.0, 600.0], [89892.5, 2000.0], [89920.0, 900.0], [89922.5, 3000.0], [89975.0, 14920.0], [89977.5, 49980.0], [89980.0, 26440.0], [89982.5, 94270.0], [89990.0, 25690.0], [89997.5, 50.0], [90045.0, 500.0], [90072.5, 90.0], [90085.0, 3680.0]]}}}
{"jsonrpc": "2.0", "method": "subscription", "params": {"channel": "book.BTC-16JAN26.none.20.100ms", "data": {"timestamp": 1767435988543, "change_id": 134194656054, "instrument_name": "BTC-16JAN26", "bids": [[89880.0, 4700.0], [89877.5, 2000.0], [89875.0, 1120.0], [89872.5, 2000.0], [89870.0, 2600.0], [89867.5, 2010.0], [89865.0, 600.0], [89862.5, 3000.0], [89832.5, 1400.0], [89830.0, 4700.0], [89777.5, 1830.0], [89775.0, 6120.0], [89772.5, 15760.0], [89697.5, 6270.0], [89695.0, 18430.0], [89627.5, 38600.0], [89595.0, 50000.0], [89585.0, 50000.0], [89560.0, 38180.0], [89417.5, 50000.0]], "asks": [[89882.5, 6700.0], [89885.0, 600.0], [89887.5, 2000.0], [89890.0, 1490.0], [89892.5, 2000.0], [89895.0, 3000.0], [89947.5, 600.0], [89950.0, 2000.0], [89957.5, 6130.0], [89960.0, 23030.0], [89962.5, 6290.0], [89977.5, 600.0], [89980.0, 2000.0], [90007.5, 600.0], [90010.0, 2000.0], [90035.0, 5760.0], [90037.5, 19300.0], [90077.5, 110.0], [90095.0, 60.0], [90117.5, 50000.0]]}}}
{"jsonrpc": "2.0", "method": "subscription", "params": {"channel": "book.BTC-16JAN26.none.20.100ms", "data": {"timestamp": 1767435988543, "change_id": 134194656054, "instrument_name": "BTC-16JAN26", "bids": [[89880.0, 4700.0], [89877.5, 2000.0], [89875.0, 1120.0], [89872.5, 2000.0], [89870.0, 2600.0], [89867.5, 2010.0], [89865.0, 600.0], [89862.5, 3000.0], [89832.5, 1400.0], [89830.0, 4700.0], [89777.5, 1830.0], [89775.0, 6120.0], [89772.5, 15760.0], [89697.5, 6270.0], [89695.0, 18430.0], [89627.5, 38600.0], [89595.0, 50000.0], [89585.0, 50000.0], [89560.0, 38180.0], [89417.5, 50000.0]], "asks": [[89882.5, 6700.0], [89885.0, 600.0], [89887.5, 2000.0], [89890.0, 1490.0], [89892.5, 2000.0], [89895.0, 3000.0], [89947.5, 600.0], [89950.0, 2000.0], [89957.5, 6130.0], [89960.0, 23030.0], [89962.5, 6290.0], [89977.5, 600.0], [89980.0, 2000.0], [90007.5, 600.0], [90010.0, 2000.0], [90035.0, 5760.0], [90037.5, 19300.0], [90077.5, 110.0], [90095.0, 60.0], [90117.5, 50000.0]]}}}
{"jsonrpc": "2.0", "method": "subscription", "params": {"channel": "book.BTC-16JAN26.none.20.100ms", "data": {"timestamp": 1767435991544, "change_id": 134194658623, "instrument_name": "BTC-16JAN26", "bids": [[89880.0, 4700.0], [89877.5, 2000.0], [89875.0, 1120.0], [89872.5, 2000.0], [89870.0, 2600.0], [89867.5, 2010.0], [89865.0, 600.0], [89862.5, 3000.0], [89832.5, 1400.0], [89830.0, 4700.0], [89817.5, 1830.0], [89815.0, 6120.0], [89772.5, 15760.0], [89700.0, 6270.0], [89695.0, 18430.0], [89627.5, 38600.0], [89595.0, 50000.0], [89585.0, 50000.0], [89560.0, 38180.0], [89417.5, 50000.0]], "asks": [[89882.5, 6700.0], [89885.0, 600.0], [89887.5, 2000.0], [89890.0, 1490.0], [89892.5, 2000.0], [89895.0, 3000.0], [89947.5, 600.0], [89950.0, 2000.0], [89957.5, 6130.0], [89960.0, 23030.0], [89962.5, 6290.0], [89977.5, 600.0], [89980.0, 2000.0], [90007.5, 600.0], [90010.0, 2000.0], [90035.0, 5760.0], [90037.5, 19300.0], [90077.5, 110.0], [90095.0, 60.0], [90117.5, 50000.0]]}}}
{"jsonrpc": "2.0", "method": "subscription", "params": {"channel": "book.BTC-9JAN26.none.20.100ms", "data": {"timestamp": 1767435992385, "change_id": 134194659301, "instrument_name": "BTC-9JAN26", "bids": [[89790.0, 12500.0], [89787.5, 2530.0], [89785.0, 2210.0], [89782.5, 2500.0], [89780.0, 7110.0], [89777.5, 2510.0], [89775.0, 6260.0], [89772.5, 2560.0], [89770.0, 630.0], [89765.0, 2500.0], [89762.5, 10.0], [89750.0, 50.0], [89745.0, 600.0], [89742.5, 2000.0], [89715.0, 610.0], [89712.5, 2000.0], [89710.0, 50.0], [89695.0, 710.0], [89692.5, 2380.0], [89690.0, 4180.0]], "asks": [[89800.0, 7860.0], [89805.0, 22300.0], [89807.5, 3000.0], [89835.0, 7450.0], [89837.5, 24970.0], [89860.0, 600.0], [89862.5, 2000.0], [89890.0, 600.0], [89892.5, 2000.0], [89920.0, 900.0], [89922.5, 3000.0], [89975.0, 14920.0], [89977.5, 49980.0], [89980.0, 26440.0], [89982.5, 94270.0], [89990.0, 25690.0], [89997.5, 50.0], [90045.0, 500.0], [90072.5, 90.0], [90085.0, 3680.0]]}}}
{"jsonrpc": "2.0", "method": "subscription", "params": {"channel": "book.BTC-9JAN26.none.20.100ms", "data": {"timestamp": 1767435992749, "change_id": 134194659748, "instrument_name": "BTC-9JAN26", "bids": [[89790.0, 2500.0], [89787.5, 12530.0], [89785.0, 2210.0], [89782.5, 2500.0], [89780.0, 7110.0], [89777.5, 2510.0], [89775.0, 6260.0], [89772.5, 2560.0], [89770.0, 630.0], [89765.0, 2500.0], [89762.5, 10.0], [89750.0, 50.0], [89745.0, 600.0], [89742.5, 2000.0], [89715.0, 610.0], [89712.5, 2000.0], [89710.0, 50.0], [89695.0, 710.0], [89692.5, 2380.0], [89690.0, 4180.0]], "asks": [[89800.0, 11860.0], [89805.0, 43850.0], [89807.5, 3000.0], [89835.0, 7450.0], [89837.5, 24970.0], [89860.0, 600.0], [89862.5, 2000.0], [89890.0, 600.0], [89892.5, 2000.0], [89920.0, 900.0], [89922.5, 3000.0], [89975.0, 14920.0], [89977.5, 49980.0], [89980.0, 26440.0], [89982.5, 94270.0], [89990.0, 25690.0], [89997.5, 50.0], [90045.0, 500.0], [90072.5, 90.0], [90085.0, 3680.0]]}}}
{"jsonrpc": "2.0", "method": "subscription", "params": {"channel": "book.BTC-9JAN26.none.20.100ms", "data": {"timestamp": 1767435992868, "change_id": 134194659826, "instrument_name": "BTC-9JAN26", "bids": [[89790.0, 12500.0], [89787.5, 2530.0], [89785.0, 2210.0], [89782.5, 2500.0], [89780.0, 7110.0], [89777.5, 2510.0], [89775.0, 6260.0], [89772.5, 2560.0], [89770.0, 630.0], [89765.0, 2500.0], [89762.5, 10.0], [89750.0, 50.0], [89745.0, 600.0], [89742.5, 2000.0], [89715.0, 610.0], [89712.5, 2000.0], [89710.0, 50.0], [89695.0, 710.0], [89692.5, 2380.0], [89690.0, 4180.0]], "asks": [[89800.0, 11860.0], [89805.0, 43850.0], [89807.5, 3000.0], [89835.0, 7450.0], [89837.5, 24970.0], [89860.0, 600.0], [89862.5, 2000.0], [89890.0, 600.0], [89892.5, 2000.0], [89920.0, 900.0], [89922.5, 3000.0], [89975.0, 14920.0], [89977.5, 49980.0], [89980.0, 26440.0], [89982.5, 94270.0], [89990.0, 25690.0], [89997.5, 50.0], [90045.0, 500.0], [90072.5, 90.0], [90085.0, 3680.0]]}}}
{"jsonrpc": "2.0", "method": "subscription", "params": {"channel": "book.BTC-16JAN26.none.20.100ms", "data": {"timestamp": 1767435993283, "change_id": 134194660054, "instrument_name": "BTC-16JAN26", "bids": [[89880.0, 4700.0], [89877.5, 2000.0], [89875.0, 1120.0], [89872.5, 2000.0], [89870.0, 2600.0], [89867.5, 2010.0], [89865.0, 600.0], [89862.5, 3000.0], [89832.5, 1400.0], [89830.0, 4700.0], [89817.5, 1830.0], [89815.0, 6120.0], [89772.5, 15760.0], [89700.0, 6270.0], [89695.0, 18430.0], [89627.5, 38600.0], [89595.0, 50000.0], [89585.0, 50000.0], [89560.0, 38180.0], [89417.5, 50000.0]], "asks": [[89882.5, 2000.0], [89885.0, 600.0], [89887.5, 2000.0], [89890.0, 1490.0], [89892.5, 2000.0], [89895.0, 3000.0], [89947.5, 600.0], [89950.0, 2000.0], [89957.5, 6130.0], [89960.0, 23030.0], [89962.5, 6290.0], [89977.5, 600.0], [89980.0, 2000.0], [90007.5, 600.0], [90010.0, 2000.0], [90035.0, 5760.0], [90037.5, 19300.0], [90077.5, 110.0], [90095.0, 60.0], [90117.5, 50000.0]]}}}
{"jsonrpc": "2.0", "method": "subscription", "params": {"channel": "book.BTC-16JAN26.none.20.100ms", "data": {"timestamp": 1767435993674, "change_id": 134194660529, "instrument_name": "BTC-16JAN26", "bids": [[89880.0, 4700.0], [89877.5, 2000.0], [89875.0, 1120.0], [89872.5, 2000.0], [89870.0, 2600.0], [89867.5, 2010.0], [89865.0, 600.0], [89862.5, 3000.0], [89832.5, 1400.0], [89830.0, 4700.0], [89817.5, 1830.0], [89815.0, 6120.0], [89772.5, 15760.0], [89700.0, 6270.0], [89695.0, 18430.0], [89627.5, 38600.0], [89595.0, 50000.0], [89585.0, 50000.0], [89560.0, 38180.0], [89417.5, 50000.0]], "asks": [[89882.5, 6700.0], [89885.0, 600.0], [89887.5, 2000.0], [89890.0, 1490.0], [89892.5, 2000.0], [89895.0, 3000.0], [89947.5, 600.0], [89950.0, 2000.0], [89957.5, 6130.0], [89960.0, 23030.0], [89962.5, 6290.0], [89977.5, 600.0], [89980.0, 2000.0], [90007.5, 600.0], [90010.0, 2000.0], [90035.0, 5760.0], [90037.5, 19300.0], [90077.5, 110.0], [90095.0, 60.0], [90117.5, 50000.0]]}}}
{"jsonrpc": "2.0", "method": "subscription", "params": {"channel": "book.BTC-9JAN26.none.20.100ms", "data": {"timestamp": 1767435993629, "change_id": 134194660365, "instrument_name": "BTC-9JAN26", "bids": [[89790.0, 12500.0], [89787.5, 2530.0], [89785.0, 2210.0], [89782.5, 2500.0], [89780.0, 7110.0], [89777.5, 2510.0], [89775.0, 6260.0], [89772.5, 2560.0], [89770.0, 630.0], [89765.0, 2500.0], [89762.5, 10.0], [89750.0, 50.0], [89745.0, 600.0], [89742.5, 2000.0], [89715.0, 610.0], [89712.5, 2000.0], [89710.0, 50.0], [89695.0, 710.0], [89692.5, 2380.0], [89690.0, 4180.0]], "asks": [[89800.0, 6430.0], [89805.0, 22300.0], [89807.5, 3000.0], [89835.0, 7450.0], [89837.5, 24970.0], [89860.0, 600.0], [89862.5, 2000.0], [89890.0, 600.0], [89892.5, 2000.0], [89920.0, 900.0], [89922.5, 3000.0], [89975.0, 14920.0], [89977.5, 49980.0], [89980.0, 26440.0], [89982.5, 94270.0], [89990.0, 25690.0], [89997.5, 50.0], [90045.0, 500.0], [90072.5, 90.0], [90085.0, 3680.0]]}}}
{"jsonrpc": "2.0", "method": "subscription", "params": {"channel": "book.BTC-9JAN26.none.20.100ms", "data": {"timestamp": 1767435993869, "change_id": 134194660715, "instrument_name": "BTC-9JAN26", "bids": [[89790.0, 2500.0], [89787.5, 12530.0], [89785.0, 2210.0], [89782.5, 2500.0], [89780.0, 7110.0], [89777.5, 2510.0], [89775.0, 6260.0], [89772.5, 2560.0], [89770.0, 630.0], [89765.0, 2500.0], [89762.5, 10.0], [89750.0, 50.0], [89745.0, 600.0], [89742.5, 2000.0], [89715.0, 610.0], [89712.5, 2000.0], [89710.0, 50.0], [89695.0, 710.0], [89692.5, 2380.0], [89690.0, 4180.0]], "asks": [[89797.5, 6440.0], [89800.0, 27980.0], [89805.0, 22300.0], [89807.5, 3000.0], [89835.0, 7450.0], [89837.5, 24970.0], [89860.0, 600.0], [89862.5, 2000.0], [89890.0, 600.0], [89892.5, 2000.0], [89920.0, 900.0], [89922.5, 3000.0], [89975.0, 14920.0], [89977.5, 49980.0], [89980.0, 26440.0], [89982.5, 94270.0], [89990.0, 25690.0], [89997.5, 50.0], [90045.0, 500.0], [90072.5, 90.0]]}}}
{"jsonrpc": "2.0", "method": "subscription", "params": {"channel": "book.BTC-9JAN26.none.20.100ms", "data": {"timestamp": 1767435994347, "change_id": 134194660973, "instrument_name": "BTC-9JAN26", "bids": [[89790.0, 2500.0], [89787.5, 12530.0], [89785.0, 2210.0], [89782.5, 2500.0], [89780.0, 7110.0], [89777.5, 2510.0], [89775.0, 6260.0], [89772.5, 2560.0], [89770.0, 630.0], [89765.0, 2500.0], [89762.5, 10.0], [89750.0, 50.0], [89745.0, 600.0], [89742.5, 2000.0], [89715.0, 610.0], [89712.5, 2000.0], [89710.0, 50.0], [89695.0, 710.0], [89692.5, 2380.0], [89690.0, 4180.0]], "asks": [[89797.5, 6440.0], [89800.0, 21550.0], [89805.0, 750.0], [89807.5, 3000.0], [89835.0, 7450.0], [89837.5, 24970.0], [89860.0, 600.0], [89862.5, 2000.0], [89890.0, 600.0], [89892.5, 2000.0], [89920.0, 900.0], [89922.5, 3000.0], [89975.0, 14920.0], [89977.5, 49980.0], [89980.0, 26440.0], [89982.5, 94270.0], [89990.0, 25690.0], [89997.5, 50.0], [90045.0, 500.0], [90072.5, 90.0]]}}}
{"jsonrpc": "2.0", "method": "subscription", "params": {"channel": "book.BTC-16JAN26.none.20.100ms", "data": {"timestamp": 1767435994546, "change_id": 134194661228, "instrument_name": "BTC-16JAN26", "bids": [[89880.0, 4700.0], [89877.5, 2000.0], [89875.0, 1120.0], [89872.5, 2000.0], [89870.0, 2600.0], [89867.5, 2010.0], [89865.0, 600.0], [89862.5, 3000.0], [89832.5, 1400.0], [89830.0, 4700.0], [89777.5, 1830.0], [89775.0, 6120.0], [89772.5, 15760.0], [89702.5, 6270.0], [89695.0, 18430.0], [89627.5, 38600.0], [89595.0, 50000.0], [89585.0, 50000.0], [89560.0, 38180.0], [89417.5, 50000.0]], "asks": [[89882.5, 6700.0], [89885.0, 600.0], [89887.5, 2000.0], [89890.0, 1490.0], [89892.5, 2000.0], [89895.0, 3000.0], [89947.5, 600.0], [89950.0, 2000.0], [89957.5, 6130.0], [89960.0, 23030.0], [89962.5, 6290.0], [89977.5, 600.0], [89980.0, 2000.0], [90007.5, 600.0], [90010.0, 2000.0], [90035.0, 5760.0], [90037.5, 19300.0], [90077.5, 110.0], [90095.0, 60.0], [90117.5, 50000.0]]}}}
{"jsonrpc": "2.0", "method": "subscription", "params": {"channel": "book.BTC-9JAN26.none.20.100ms", "data": {"timestamp": 1767435994696, "change_id": 134194661399, "instrument_name": "BTC-9JAN26", "bids": [[89790.0, 2500.0], [89787.5, 12530.0], [89785.0, 2210.0], [89782.5, 2500.0], [89780.0, 7110.0], [89777.5, 2510.0], [89775.0, 6260.0], [89772.5, 2560.0], [89770.0, 630.0], [89765.0, 2500.0], [89762.5, 10.0], [89750.0, 50.0], [89745.0, 600.0], [89742.5, 2000.0], [89715.0, 610.0], [89712.5, 2000.0], [89710.0, 50.0], [89695.0, 710.0], [89692.5, 2380.0], [89690.0, 4180.0]], "asks": [[89797.5, 12040.0], [89800.0, 43100.0], [89805.0, 750.0], [89807.5, 3000.0], [89835.0, 7450.0], [89837.5, 24970.0], [89860.0, 600.0], [89862.5, 2000.0], [89890.0, 600.0], [89892.5, 2000.0], [89920.0, 900.0], [89922.5, 3000.0], [89975.0, 14920.0], [89977.5, 49980.0], [89980.0, 26440.0], [89982.5, 94270.0], [89990.0, 25690.0], [89997.5, 50.0], [90045.0, 500.0], [90072.5, 90.0]]}}}
{"jsonrpc": "2.0", "method": "subscription", "params": {"channel": "book.BTC-16JAN26.none.20.100ms", "data": {"timestamp": 1767435997543, "change_id": 134194663760, "instrument_name": "BTC-16JAN26", "bids": [[89880.0, 4700.0], [89877.5, 2000.0], [89875.0, 1120.0], [89872.5, 2000.0], [89870.0, 2600.0], [89867.5, 2010.0], [89865.0, 600.0], [89862.5, 3000.0], [89832.5, 1400.0], [89830.0, 4700.0], [89777.5, 1830.0], [89775.0, 6120.0], [89772.5, 15760.0], [89697.5, 6270.0], [89695.0, 18430.0], [89627.5, 38600.0], [89595.0, 50000.0], [89585.0, 50000.0], [89560.0, 38180.0], [89417.5, 50000.0]], "asks": [[89882.5, 6700.0], [89885.0, 600.0], [89887.5, 2000.0], [89890.0, 1490.0], [89892.5, 2000.0], [89895.0, 3000.0], [89947.5, 600.0], [89950.0, 2000.0], [89957.5, 6130.0], [89960.0, 23030.0], [89962.5, 6290.0], [89977.5, 600.0], [89980.0, 2000.0], [90007.5, 600.0], [90010.0, 2000.0], [90035.0, 5760.0], [90037.5, 19300.0], [90077.5, 110.0], [90095.0, 60.0], [90117.5, 50000.0]]}}}
{"jsonrpc": "2.0", "method": "subscription", "params": {"channel": "book.BTC-16JAN26.none.20.100ms", "data": {"timestamp": 1767436000545, "change_id": 134194666283, "instrument_name": "BTC-16JAN26", "bids": [[89880.0, 4700.0], [89877.5, 2000.0], [89875.0, 1120.0], [89872.5, 2000.0], [89870.0, 2600.0], [89867.5, 2010.0], [89865.0, 600.0], [89862.5, 3000.0], [89832.5, 1400.0], [89830.0, 4700.0], [89777.5, 1830.0], [89775.0, 6120.0], [89772.5, 15760.0], [89702.5, 6270.0], [89695.0, 18430.0], [89627.5, 38600.0], [89595.0, 50000.0], [89585.0, 50000.0], [89560.0, 38180.0], [89417.5, 50000.0]], "asks": [[89882.5, 6700.0], [89885.0, 600.0], [89887.5, 2000.0], [89890.0, 1490.0], [89892.5, 2000.0], [89895.0, 3000.0], [89947.5, 600.0], [89950.0, 2000.0], [89957.5, 6130.0], [89960.0, 23030.0], [89962.5, 6290.0], [89977.5, 600.0], [89980.0, 2000.0], [90007.5, 600.0], [90010.0, 2000.0], [90035.0, 5760.0], [90037.5, 19300.0], [90077.5, 110.0], [90095.0, 60.0], [90117.5, 50000.0]]}}}
{"jsonrpc": "2.0", "method": "subscription", "params": {"channel": "book.BTC-9JAN26.none.20.100ms", "data": {"timestamp": 1767436012877, "change_id": 134194676433, "instrument_name": "BTC-9JAN26", "bids": [[89790.0, 2500.0], [89787.5, 12530.0], [89785.0, 2210.0], [89782.5, 2500.0], [89780.0, 7110.0], [89777.5, 2510.0], [89775.0, 6260.0], [89772.5, 2560.0], [89770.0, 630.0], [89765.0, 2500.0], [89762.5, 10.0], [89750.0, 50.0], [89745.0, 600.0], [89742.5, 2000.0], [89715.0, 610.0], [89712.5, 2000.0], [89710.0, 50.0], [89695.0, 710.0], [89692.5, 2380.0], [89690.0, 4180.0]], "asks": [[89797.5, 13940.0], [89800.0, 43100.0], [89805.0, 750.0], [89807.5, 3000.0], [89835.0, 7450.0], [89837.5, 24970.0], [89860.0, 600.0], [89862.5, 2000.0], [89890.0, 600.0], [89892.5, 2000.0], [89920.0, 900.0], [89922.5, 3000.0], [89975.0, 14920.0], [89977.5, 49980.0], [89980.0, 26440.0], [89982.5, 94270.0], [89990.0, 25690.0], [89997.5, 50.0], [90045.0, 500.0], [90072.5, 90.0]]}}}
{"jsonrpc": "2.0", "method": "subscription", "params": {"channel": "book.BTC-9JAN26.none.20.100ms", "data": {"timestamp": 1767436012923, "change_id": 134194676439, "instrument_name": "BTC-9JAN26", "bids": [[89790.0, 2500.0], [89787.5, 12530.0], [89785.0, 2210.0], [89782.5, 2500.0], [89780.0, 7110.0], [89777.5, 2510.0], [89775.0, 6260.0], [89772.5, 2560.0], [89770.0, 630.0], [89765.0, 2500.0], [89762.5, 10.0], [89750.0, 50.0], [89745.0, 600.0], [89742.5, 2000.0], [89715.0, 610.0], [89712.5, 2000.0], [89710.0, 50.0], [89695.0, 710.0], [89692.5, 2380.0], [89690.0, 4180.0]], "asks": [[89797.5, 12040.0], [89800.0, 43100.0], [89805.0, 750.0], [89807.5, 3000.0], [89835.0, 7450.0], [89837.5, 24970.0], [89860.0, 600.0], [89862.5, 2000.0], [89890.0, 600.0], [89892.5, 2000.0], [89920.0, 900.0], [89922.5, 3000.0], [89975.0, 14920.0], [89977.5, 49980.0], [89980.0, 26440.0], [89982.5, 94270.0], [89990.0, 25690.0], [89997.5, 50.0], [90045.0, 500.0], [90072.5, 90.0]]}}}
{"jsonrpc": "2.0", "method": "subscription", "params": {"channel": "book.BTC-16JAN26.none.20.100ms", "data": {"timestamp": 1767436014180, "change_id": 134194677435, "instrument_name": "BTC-16JAN26", "bids": [[89880.0, 4700.0], [89877.5, 2000.0], [89875.0, 1120.0], [89872.5, 2000.0], [89870.0, 2600.0], [89867.5, 2010.0], [89865.0, 600.0], [89862.5, 3000.0], [89832.5, 1400.0], [89830.0, 4700.0], [89777.5, 1830.0], [89775.0, 6120.0], [89772.5, 15760.0], [89702.5, 6270.0], [89695.0, 18430.0], [89627.5, 38600.0], [89595.0, 50000.0], [89585.0, 50000.0], [89560.0, 38180.0], [89417.5, 50000.0]], "asks": [[89882.5, 6700.0], [89885.0, 600.0], [89887.5, 2000.0], [89890.0, 1490.0], [89892.5, 2000.0], [89895.0, 3000.0], [89947.5, 600.0], [89950.0, 2000.0], [89957.5, 6130.0], [89960.0, 23030.0], [89962.5, 6290.0], [89977.5, 600.0], [89980.0, 2000.0], [90007.5, 600.0], [90010.0, 2000.0], [90035.0, 5760.0], [90037.5, 19300.0], [90077.5, 110.0], [90095.0, 60.0], [90117.5, 50000.0]]}}}
{"jsonrpc": "2.0", "method": "subscription", "params": {"channel": "book.BTC-16JAN26.none.20.100ms", "data": {"timestamp": 1767436014783, "change_id": 134194678809, "instrument_name": "BTC-16JAN26", "bids": [[89877.5, 6700.0], [89875.0, 1120.0], [89872.5, 2000.0], [89870.0, 2000.0], [89867.5, 10.0], [89832.5, 1400.0], [89830.0, 4700.0], [89777.5, 1830.0], [89775.0, 10820.0], [89772.5, 15760.0], [89702.5, 6270.0], [89695.0, 18430.0], [89627.5, 38600.0], [89615.0, 50000.0], [89595.0, 50000.0], [89560.0, 38180.0], [89417.5, 50000.0], [89330.0, 37710.0], [89260.0, 50000.0], [89180.0, 37390.0]], "asks": [[89880.0, 4700.0], [89882.5, 2000.0], [89885.0, 600.0], [89887.5, 2000.0], [89947.5, 600.0], [89950.0, 2000.0], [89957.5, 6130.0], [89960.0, 23030.0], [89962.5, 6290.0], [89977.5, 600.0], [89980.0, 2000.0], [90007.5, 600.0], [90010.0, 2000.0], [90035.0, 5760.0], [90037.5, 19300.0], [90077.5, 110.0], [90095.0, 60.0], [90125.0, 60.0], [90127.5, 37390.0], [90135.0, 37760.0]]}}}
{"jsonrpc": "2.0", "method": "subscription", "params": {"channel": "book.BTC-9JAN26.none.20.100ms", "data": {"timestamp": 1767436014854, "change_id": 134194678920, "instrument_name": "BTC-9JAN26", "bids": [[89790.0, 2500.0], [89787.5, 12530.0], [89785.0, 2210.0], [89782.5, 2500.0], [89780.0, 5660.0], [89777.5, 2510.0], [89775.0, 760.0], [89772.5, 2500.0], [89770.0, 690.0], [89765.0, 2500.0], [89762.5, 10.0], [89750.0, 50.0], [89745.0, 600.0], [89742.5, 2000.0], [89715.0, 610.0], [89712.5, 2000.0], [89710.0, 50.0], [89695.0, 710.0], [89692.5, 2380.0], [89690.0, 4180.0]], "asks": [[89797.5, 14040.0], [89800.0, 43100.0], [89835.0, 7450.0], [89837.5, 24970.0], [89860.0, 600.0], [89862.5, 2000.0], [89890.0, 600.0], [89892.5, 2000.0], [89920.0, 900.0], [89922.5, 3000.0], [89975.0, 14920.0], [89977.5, 49980.0], [89980.0, 26440.0], [89982.5, 94270.0], [89990.0, 25690.0], [89997.5, 50.0], [90072.5, 90.0], [90085.0, 3680.0], [90097.5, 50.0], [90145.0, 500.0]]}}}
{"jsonrpc": "2.0", "method": "subscription", "params": {"channel": "book.BTC-16JAN26.none.20.100ms", "data": {"timestamp": 1767436014916, "change_id": 134194678943, "instrument_name": "BTC-16JAN26", "bids": [[89877.5, 6700.0], [89875.0, 1120.0], [89872.5, 2000.0], [89870.0, 2000.0], [89867.5, 10.0], [89860.0, 900.0], [89857.5, 3000.0], [89832.5, 1400.0], [89830.0, 4700.0], [89777.5, 1830.0], [89775.0, 10820.0], [89772.5, 15760.0], [89702.5, 6270.0], [89695.0, 18430.0], [89627.5, 38600.0], [89615.0, 50000.0], [89595.0, 50000.0], [89560.0, 38180.0], [89417.5, 50000.0], [89330.0, 37710.0]], "asks": [[89880.0, 4700.0], [89882.5, 2000.0], [89885.0, 600.0], [89887.5, 2000.0], [89890.0, 900.0], [89892.5, 3000.0], [89947.5, 600.0], [89950.0, 2000.0], [89957.5, 6130.0], [89960.0, 23030.0], [89962.5, 6290.0], [89977.5, 600.0], [89980.0, 2000.0], [90007.5, 600.0], [90010.0, 2000.0], [90035.0, 5760.0], [90037.5, 19300.0], [90077.5, 110.0], [90095.0, 60.0], [90125.0, 60.0]]}}}
{"jsonrpc": "2.0", "method": "subscription", "params": {"channel": "book.BTC-9JAN26.none.20.100ms", "data": {"timestamp": 1767436014912, "change_id": 134194678939, "instrument_name": "BTC-9JAN26", "bids": [[89790.0, 2500.0], [89787.5, 12530.0], [89785.0, 2210.0], [89782.5, 2500.0], [89780.0, 5660.0], [89777.5, 2510.0], [89775.0, 1560.0], [89772.5, 2500.0], [89770.0, 3690.0], [89765.0, 2500.0], [89762.5, 10.0], [89750.0, 50.0], [89745.0, 600.0], [89742.5, 2000.0], [89715.0, 610.0], [89712.5, 2000.0], [89710.0, 50.0], [89695.0, 710.0], [89692.5, 2380.0], [89690.0, 4180.0]], "asks": [[89797.5, 14040.0], [89800.0, 43100.0], [89802.5, 900.0], [89805.0, 3000.0], [89835.0, 7450.0], [89837.5, 24970.0], [89860.0, 600.0], [89862.5, 2000.0], [89890.0, 600.0], [89892.5, 2000.0], [89920.0, 900.0], [89922.5, 3000.0], [89975.0, 14920.0], [89977.5, 49980.0], [89980.0, 26440.0], [89982.5, 94270.0], [89990.0, 25690.0], [89997.5, 50.0], [90072.5, 90.0], [90085.0, 3680.0]]}}}
{"jsonrpc": "2.0", "method": "subscription", "params": {"channel": "book.BTC-16JAN26.none.20.100ms", "data": {"timestamp": 1767436015741, "change_id": 134194680238, "instrument_name": "BTC-16JAN26", "bids": [[89877.5, 6700.0], [89875.0, 600.0], [89870.0, 2000.0], [89867.5, 10.0], [89860.0, 900.0], [89857.5, 3000.0], [89832.5, 1400.0], [89830.0, 4700.0], [89780.0, 6120.0], [89775.0, 4700.0], [89772.5, 15760.0], [89705.0, 6270.0], [89695.0, 18430.0], [89627.5, 38600.0], [89615.0, 50000.0], [89595.0, 50000.0], [89560.0, 38180.0], [89417.5, 50000.0], [89330.0, 37710.0], [89260.0, 50000.0]], "asks": [[89880.0, 4700.0], [89882.5, 2000.0], [89885.0, 600.0], [89887.5, 2000.0], [89890.0, 900.0], [89892.5, 3000.0], [89947.5, 600.0], [89950.0, 2000.0], [89957.5, 6130.0], [89960.0, 23030.0], [89962.5, 6290.0], [89977.5, 600.0], [89980.0, 2000.0], [90007.5, 600.0], [90010.0, 2000.0], [90035.0, 5760.0], [90037.5, 19300.0], [90077.5, 110.0], [90095.0, 60.0], [90125.0, 60.0]]}}}
{"jsonrpc": "2.0", "method": "subscription", "params": {"channel": "book.BTC-9JAN26.none.20.100ms", "data": {"timestamp": 1767436015843, "change_id": 134194680953, "instrument_name": "BTC-9JAN26", "bids": [[89787.5, 12530.0], [89785.0, 2210.0], [89782.5, 2500.0], [89780.0, 5660.0], [89777.5, 2510.0], [89775.0, 1560.0], [89772.5, 2500.0], [89770.0, 3690.0], [89765.0, 2500.0], [89762.5, 10.0], [89750.0, 50.0], [89745.0, 600.0], [89742.5, 2000.0], [89715.0, 610.0], [89712.5, 2000.0], [89710.0, 50.0], [89695.0, 710.0], [89692.5, 2380.0], [89690.0, 4180.0], [89687.5, 9520.0]], "asks": [[89795.0, 2000.0], [89797.5, 14040.0], [89800.0, 43100.0], [89802.5, 900.0], [89805.0, 3000.0], [89835.0, 7450.0], [89837.5, 24970.0], [89860.0, 600.0], [89862.5, 2000.0], [89890.0, 600.0], [89892.5, 2000.0], [89920.0, 900.0], [89922.5, 3000.0], [89975.0, 14920.0], [89977.5, 49980.0], [89980.0, 26440.0], [89982.5, 94270.0], [89990.0, 25690.0], [89997.5, 50.0], [90052.5, 500.0]]}}}
{"jsonrpc": "2.0", "method": "subscription", "params": {"channel": "book.BTC-9JAN26.none.20.100ms", "data": {"timestamp": 1767436015878, "change_id": 134194681161, "instrument_name": "BTC-9JAN26", "bids": [[89787.5, 2530.0], [89785.0, 12210.0], [89782.5, 2500.0], [89780.0, 5660.0], [89777.5, 2510.0], [89775.0, 1560.0], [89772.5, 2500.0], [89770.0, 3690.0], [89765.0, 2500.0], [89762.5, 10.0], [89750.0, 50.0], [89745.0, 600.0], [89742.5, 2000.0], [89715.0, 610.0], [89712.5, 2000.0], [89710.0, 50.0], [89695.0, 710.0], [89692.5, 2380.0], [89690.0, 4180.0], [89687.5, 9520.0]], "asks": [[89795.0, 2000.0], [89797.5, 14040.0], [89800.0, 43100.0], [89802.5, 900.0], [89805.0, 3000.0], [89835.0, 7450.0], [89837.5, 24970.0], [89860.0, 600.0], [89862.5, 2000.0], [89890.0, 600.0], [89892.5, 2000.0], [89920.0, 900.0], [89922.5, 3000.0], [89975.0, 14920.0], [89977.5, 49980.0], [89980.0, 26440.0], [89982.5, 94270.0], [89990.0, 25690.0], [89997.5, 50.0], [90052.5, 500.0]]}}}
{"jsonrpc": "2.0", "method": "subscription", "params": {"channel": "book.BTC-9JAN26.none.20.100ms", "data": {"timestamp": 1767436016531, "change_id": 134194682249, "instrument_name": "BTC-9JAN26", "bids": [[89787.5, 2530.0], [89785.0, 12210.0], [89782.5, 2500.0], [89780.0, 5660.0], [89777.5, 2510.0], [89775.0, 1560.0], [89772.5, 2500.0], [89770.0, 3690.0], [89765.0, 2500.0], [89762.5, 10.0], [89750.0, 50.0], [89745.0, 600.0], [89742.5, 2000.0], [89715.0, 610.0], [89712.5, 2000.0], [89710.0, 50.0], [89695.0, 710.0], [89692.5, 2380.0], [89690.0, 4180.0], [89687.5, 9520.0]], "asks": [[89795.0, 2000.0], [89797.5, 8440.0], [89800.0, 21550.0], [89802.5, 900.0], [89805.0, 3000.0], [89835.0, 7450.0], [89837.5, 24970.0], [89860.0, 600.0], [89862.5, 2000.0], [89890.0, 600.0], [89892.5, 2000.0], [89920.0, 900.0], [89922.5, 3000.0], [89975.0, 14920.0], [89977.5, 49980.0], [89980.0, 26440.0], [89982.5, 94270.0], [89990.0, 25690.0], [89997.5, 50.0], [90052.5, 500.0]]}}}
{"jsonrpc": "2.0", "method": "subscription", "params": {"channel": "book.BTC-9JAN26.none.20.100ms", "data": {"timestamp": 1767436016912, "change_id": 134194682675, "instrument_name": "BTC-9JAN26", "bids": [[89787.5, 2530.0], [89785.0, 2210.0], [89782.5, 12500.0], [89780.0, 5660.0], [89777.5, 2510.0], [89775.0, 1560.0], [89772.5, 2500.0], [89770.0, 3690.0], [89765.0, 2500.0], [89762.5, 10.0], [89750.0, 50.0], [89745.0, 600.0], [89742.5, 2000.0], [89715.0, 610.0], [89712.5, 2000.0], [89710.0, 50.0], [89695.0, 710.0], [89692.5, 2380.0], [89690.0, 4180.0], [89687.5, 9520.0]], "asks": [[89792.5, 14060.0], [89795.0, 23550.0], [89800.0, 21550.0], [89802.5, 900.0], [89805.0, 3000.0], [89835.0, 7450.0], [89837.5, 24970.0], [89860.0, 600.0], [89862.5, 2000.0], [89890.0, 600.0], [89892.5, 2000.0], [89920.0, 900.0], [89922.5, 3000.0], [89975.0, 14920.0], [89977.5, 49980.0], [89980.0, 26440.0], [89982.5, 94270.0], [89990.0, 25690.0], [89997.5, 50.0], [90052.5, 500.0]]}}}
{"jsonrpc": "2.0", "method": "subscription", "params": {"channel": "book.BTC-16JAN26.none.20.100ms", "data": {"timestamp": 1767436017470, "change_id": 134194683126, "instrument_name": "BTC-16JAN26", "bids": [[89877.5, 2000.0], [89875.0, 600.0], [89870.0, 2000.0], [89867.5, 10.0], [89860.0, 900.0], [89857.5, 3000.0], [89832.5, 1400.0], [89830.0, 4700.0], [89782.5, 1830.0], [89780.0, 6120.0], [89775.0, 4700.0], [89772.5, 15760.0], [89705.0, 6270.0], [89695.0, 18430.0], [89627.5, 38600.0], [89615.0, 50000.0], [89595.0, 50000.0], [89560.0, 38180.0], [89417.5, 50000.0], [89330.0, 37710.0]], "asks": [[89880.0, 4700.0], [89882.5, 2000.0], [89885.0, 600.0], [89887.5, 2000.0], [89890.0, 900.0], [89892.5, 3000.0], [89947.5, 600.0], [89950.0, 2000.0], [89957.5, 6130.0], [89960.0, 23030.0], [89962.5, 6290.0], [89977.5, 600.0], [89980.0, 2000.0], [90007.5, 600.0], [90010.0, 2000.0], [90035.0, 5760.0], [90037.5, 19300.0], [90077.5, 110.0], [90095.0, 60.0], [90125.0, 60.0]]}}}
{"jsonrpc": "2.0", "method": "subscription", "params": {"channel": "book.BTC-16JAN26.none.20.100ms", "data": {"timestamp": 1767436017632, "change_id": 134194683277, "instrument_name": "BTC-16JAN26", "bids": [[89877.5, 6700.0], [89875.0, 600.0], [89870.0, 2000.0], [89867.5, 10.0], [89860.0, 900.0], [89857.5, 3000.0], [89832.5, 1400.0], [89830.0, 4700.0], [89782.5, 1830.0], [89780.0, 6120.0], [89775.0, 4700.0], [89772.5, 15760.0], [89705.0, 6270.0], [89695.0, 18430.0], [89627.5, 38600.0], [89615.0, 50000.0], [89595.0, 50000.0], [89560.0, 38180.0], [89417.5, 50000.0], [89330.0, 37710.0]], "asks": [[89880.0, 4700.0], [89882.5, 2000.0], [89885.0, 600.0], [89887.5, 2000.0], [89890.0, 900.0], [89892.5, 3000.0], [89947.5, 600.0], [89950.0, 2000.0], [89957.5, 6130.0], [89960.0, 23030.0], [89962.5, 6290.0], [89977.5, 600.0], [89980.0, 2000.0], [90007.5, 600.0], [90010.0, 2000.0], [90035.0, 5760.0], [90037.5, 19300.0], [90077.5, 110.0], [90095.0, 60.0], [90125.0, 60.0]]}}}
{"jsonrpc": "2.0", "method": "subscription", "params": {"channel": "book.BTC-9JAN26.none.20.100ms", "data": {"timestamp": 1767436017820, "change_id": 134194683629, "instrument_name": "BTC-9JAN26", "bids": [[89787.5, 2530.0], [89785.0, 2210.0], [89782.5, 12500.0], [89780.0, 5660.0], [89777.5, 2510.0], [89775.0, 1560.0], [89772.5, 2500.0], [89770.0, 3690.0], [89765.0, 2500.0], [89762.5, 10.0], [89750.0, 50.0], [89745.0, 600.0], [89742.5, 2000.0], [89715.0, 610.0], [89712.5, 2000.0], [89710.0, 50.0], [89695.0, 710.0], [89692.5, 2380.0], [89690.0, 4180.0], [89687.5, 9520.0]], "asks": [[89792.5, 14060.0], [89795.0, 21550.0], [89800.0, 21550.0], [89802.5, 900.0], [89805.0, 3000.0], [89835.0, 7450.0], [89837.5, 24970.0], [89860.0, 600.0], [89862.5, 2000.0], [89890.0, 600.0], [89892.5, 2000.0], [89920.0, 900.0], [89922.5, 3000.0], [89975.0, 14920.0], [89977.5, 49980.0], [89980.0, 26440.0], [89982.5, 94270.0], [89990.0, 25690.0], [89997.5, 50.0], [90052.5, 500.0]]}}}
{"jsonrpc": "2.0", "method": "subscription", "params": {"channel": "book.BTC-16JAN26.none.20.100ms", "data": {"timestamp": 1767436018562, "change_id": 134194684219, "instrument_name": "BTC-16JAN26", "bids": [[89877.5, 6700.0], [89875.0, 600.0], [89870.0, 2000.0], [89867.5, 10.0], [89860.0, 900.0], [89857.5, 3000.0], [89832.5, 1400.0], [89830.0, 4700.0], [89787.5, 1830.0], [89785.0, 6120.0], [89775.0, 4700.0], [89772.5, 15760.0], [89707.5, 6270.0], [89695.0, 18430.0], [89627.5, 38600.0], [89615.0, 50000.0], [89595.0, 50000.0], [89560.0, 38180.0], [89417.5, 50000.0], [89330.0, 37710.0]], "asks": [[89880.0, 4700.0], [89882.5, 2000.0], [89885.0, 600.0], [89887.5, 2000.0], [89890.0, 900.0], [89892.5, 3000.0], [89947.5, 600.0], [89950.0, 2000.0], [89957.5, 6130.0], [89960.0, 23030.0], [89962.5, 6290.0], [89977.5, 600.0], [89980.0, 2000.0], [90007.5, 600.0], [90010.0, 2000.0], [90035.0, 5760.0], [90037.5, 19300.0], [90077.5, 110.0], [90095.0, 60.0], [90125.0, 60.0]]}}}
{"jsonrpc": "2.0", "method": "subscription", "params": {"channel": "book.BTC-16JAN26.none.20.100ms", "data": {"timestamp": 1767436020466, "change_id": 134194686068, "instrument_name": "BTC-16JAN26", "bids": [[89877.5, 2000.0], [89872.5, 5300.0], [89870.0, 2000.0], [89867.5, 10.0], [89860.0, 900.0], [89857.5, 3000.0], [89832.5, 1400.0], [89830.0, 4700.0], [89787.5, 1830.0], [89785.0, 6120.0], [89775.0, 4700.0], [89772.5, 15760.0], [89707.5, 6270.0], [89695.0, 18430.0], [89627.5, 38600.0], [89615.0, 50000.0], [89595.0, 50000.0], [89560.0, 38180.0], [89417.5, 50000.0], [89330.0, 37710.0]], "asks": [[89880.0, 4700.0], [89882.5, 2000.0], [89885.0, 600.0], [89887.5, 2000.0], [89890.0, 900.0], [89892.5, 3000.0], [89947.5, 600.0], [89950.0, 2000.0], [89957.5, 6130.0], [89960.0, 23030.0], [89962.5, 6290.0], [89977.5, 600.0], [89980.0, 2000.0], [90007.5, 600.0], [90010.0, 2000.0], [90035.0, 5760.0], [90037.5, 19300.0], [90077.5, 110.0], [90095.0, 60.0], [90125.0, 60.0]]}}}
{"jsonrpc": "2.0", "method": "subscription", "params": {"channel": "book.BTC-9JAN26.none.20.100ms", "data": {"timestamp": 1767436020345, "change_id": 134194685956, "instrument_name": "BTC-9JAN26", "bids": [[89787.5, 30.0], [89782.5, 12500.0], [89780.0, 5660.0], [89777.5, 2510.0], [89775.0, 1560.0], [89772.5, 2500.0], [89770.0, 3630.0], [89765.0, 2500.0], [89762.5, 10.0], [89757.5, 60.0], [89750.0, 50.0], [89745.0, 600.0], [89742.5, 2000.0], [89715.0, 610.0], [89712.5, 2000.0], [89710.0, 50.0], [89695.0, 710.0], [89692.5, 2380.0], [89690.0, 4180.0], [89687.5, 9520.0]], "asks": [[89792.5, 14060.0], [89795.0, 21550.0], [89800.0, 21550.0], [89802.5, 900.0], [89805.0, 3000.0], [89835.0, 7450.0], [89837.5, 24970.0], [89860.0, 600.0], [89862.5, 2000.0], [89890.0, 600.0], [89892.5, 2000.0], [89920.0, 900.0], [89922.5, 3000.0], [89975.0, 14920.0], [89977.5, 49980.0], [89980.0, 26440.0], [89982.5, 94270.0], [89990.0, 25690.0], [89997.5, 50.0], [90052.5, 500.0]]}}}
{"jsonrpc": "2.0", "method": "subscription", "params": {"channel": "book.BTC-9JAN26.none.20.100ms", "data": {"timestamp": 1767436020787, "change_id": 134194686667, "instrument_name": "BTC-9JAN26", "bids": [[89787.5, 2530.0], [89782.5, 12500.0], [89780.0, 5660.0], [89777.5, 2510.0], [89775.0, 1560.0], [89772.5, 2500.0], [89770.0, 3630.0], [89765.0, 2500.0], [89762.5, 10.0], [89757.5, 60.0], [89750.0, 50.0], [89745.0, 600.0], [89742.5, 2000.0], [89715.0, 610.0], [89712.5, 2000.0], [89710.0, 50.0], [89695.0, 710.0], [89692.5, 2380.0], [89690.0, 4180.0], [89687.5, 9520.0]], "asks": [[89792.5, 16560.0], [89795.0, 21550.0], [89800.0, 21550.0], [89802.5, 900.0], [89805.0, 3000.0], [89835.0, 7450.0], [89837.5, 24970.0], [89860.0, 600.0], [89862.5, 2000.0], [89890.0, 600.0], [89892.5, 2000.0], [89920.0, 900.0], [89922.5, 3000.0], [89975.0, 14920.0], [89977.5, 49980.0], [89980.0, 26440.0], [89982.5, 94270.0], [89990.0, 25690.0], [89997.5, 50.0], [90052.5, 500.0]]}}}
{"jsonrpc": "2.0", "method": "subscription", "params": {"channel": "book.BTC-16JAN26.none.20.100ms", "data": {"timestamp": 1767436021106, "change_id": 134194686948, "instrument_name": "BTC-16JAN26", "bids": [[89877.5, 2000.0], [89875.0, 4700.0], [89872.5, 600.0], [89870.0, 2000.0], [89867.5, 10.0], [89860.0, 900.0], [89857.5, 3000.0], [89832.5, 1400.0], [89830.0, 4700.0], [89787.5, 1830.0], [89785.0, 6120.0], [89775.0, 4700.0], [89772.5, 15760.0], [89707.5, 6270.0], [89695.0, 18430.0], [89627.5, 38600.0], [89615.0, 50000.0], [89595.0, 50000.0], [89560.0, 38180.0], [89417.5, 50000.0]], "asks": [[89882.5, 2000.0], [89885.0, 600.0], [89887.5, 2000.0], [89890.0, 900.0], [89892.5, 3000.0], [89947.5, 600.0], [89950.0, 2000.0], [89957.5, 6130.0], [89960.0, 23030.0], [89962.5, 6290.0], [89977.5, 600.0], [89980.0, 2000.0], [90007.5, 600.0], [90010.0, 2000.0], [90035.0, 5760.0], [90037.5, 19300.0], [90077.5, 110.0], [90095.0, 60.0], [90125.0, 60.0], [90127.5, 37390.0]]}}}
{"jsonrpc": "2.0", "method": "subscription", "params": {"channel": "book.BTC-9JAN26.none.20.100ms", "data": {"timestamp": 1767436020833, "change_id": 134194686715, "instrument_name": "BTC-9JAN26", "bids": [[89787.5, 2530.0], [89782.5, 12500.0], [89780.0, 5660.0], [89777.5, 2510.0], [89775.0, 1560.0], [89772.5, 2500.0], [89770.0, 3630.0], [89765.0, 2500.0], [89762.5, 10.0], [89757.5, 60.0], [89750.0, 50.0], [89745.0, 600.0], [89742.5, 2000.0], [89715.0, 610.0], [89712.5, 2000.0], [89710.0, 50.0], [89695.0, 710.0], [89692.5, 2380.0], [89690.0, 4180.0], [89687.5, 9520.0]], "asks": [[89792.5, 8930.0], [89800.0, 21550.0], [89802.5, 900.0], [89805.0, 3000.0], [89835.0, 7450.0], [89837.5, 24970.0], [89860.0, 600.0], [89862.5, 2000.0], [89890.0, 600.0], [89892.5, 2000.0], [89920.0, 900.0], [89922.5, 3000.0], [89975.0, 14920.0], [89977.5, 49980.0], [89980.0, 26440.0], [89982.5, 94270.0], [89990.0, 25690.0], [89997.5, 50.0], [90052.5, 500.0], [90072.5, 90.0]]}}}
{"jsonrpc": "2.0", "method": "subscription", "params": {"channel": "book.BTC-16JAN26.none.20.100ms", "data": {"timestamp": 1767436021179, "change_id": 134194686984, "instrument_name": "BTC-16JAN26", "bids": [[89877.5, 2000.0], [89875.0, 4700.0], [89872.5, 600.0], [89870.0, 2000.0], [89867.5, 10.0], [89860.0, 900.0], [89857.5, 3000.0], [89832.5, 1400.0], [89830.0, 4700.0], [89787.5, 1830.0], [89785.0, 6120.0], [89775.0, 4700.0], [89772.5, 15760.0], [89707.5, 6270.0], [89695.0, 18430.0], [89627.5, 38600.0], [89615.0, 50000.0], [89595.0, 50000.0], [89560.0, 38180.0], [89417.5, 50000.0]], "asks": [[89880.0, 4700.0], [89882.5, 2000.0], [89885.0, 600.0], [89887.5, 2000.0], [89890.0, 900.0], [89892.5, 3000.0], [89947.5, 600.0], [89950.0, 2000.0], [89957.5, 6130.0], [89960.0, 23030.0], [89962.5, 6290.0], [89977.5, 600.0], [89980.0, 2000.0], [90007.5, 600.0], [90010.0, 2000.0], [90035.0, 5760.0], [90037.5, 19300.0], [90077.5, 110.0], [90095.0, 60.0], [90125.0, 60.0]]}}}
{"jsonrpc": "2.0", "method": "subscription", "params": {"channel": "book.BTC-9JAN26.none.20.100ms", "data": {"timestamp": 1767436021187, "change_id": 134194686988, "instrument_name": "BTC-9JAN26", "bids": [[89787.5, 2530.0], [89782.5, 12500.0], [89780.0, 5660.0], [89777.5, 2510.0], [89775.0, 1560.0], [89772.5, 2500.0], [89770.0, 3630.0], [89765.0, 2500.0], [89762.5, 10.0], [89757.5, 60.0], [89750.0, 50.0], [89745.0, 600.0], [89742.5, 2000.0], [89715.0, 610.0], [89712.5, 2000.0], [89710.0, 50.0], [89695.0, 710.0], [89692.5, 2380.0], [89690.0, 4180.0], [89687.5, 9520.0]], "asks": [[89792.5, 8930.0], [89800.0, 28880.0], [89802.5, 21550.0], [89805.0, 3000.0], [89835.0, 7450.0], [89837.5, 24970.0], [89860.0, 600.0], [89862.5, 2000.0], [89890.0, 600.0], [89892.5, 2000.0], [89920.0, 900.0], [89922.5, 3000.0], [89975.0, 14920.0], [89977.5, 49980.0], [89980.0, 26440.0], [89982.5, 94270.0], [89990.0, 25690.0], [89997.5, 50.0], [90052.5, 500.0], [90072.5, 90.0]]}}}
{"jsonrpc": "2.0", "method": "subscription", "params": {"channel": "book.BTC-16JAN26.none.20.100ms", "data": {"timestamp": 1767436021565, "change_id": 134194687346, "instrument_name": "BTC-16JAN26", "bids": [[89877.5, 2000.0], [89875.0, 4700.0], [89872.5, 600.0], [89870.0, 2000.0], [89867.5, 10.0], [89860.0, 900.0], [89857.5, 3000.0], [89832.5, 1400.0], [89830.0, 4700.0], [89792.5, 1830.0], [89790.0, 6120.0], [89775.0, 4700.0], [89772.5, 15760.0], [89710.0, 6270.0], [89695.0, 18430.0], [89627.5, 38600.0], [89615.0, 50000.0], [89595.0, 50000.0], [89560.0, 38180.0], [89417.5, 50000.0]], "asks": [[89880.0, 4700.0], [89882.5, 2000.0], [89885.0, 600.0], [89887.5, 2000.0], [89890.0, 900.0], [89892.5, 3000.0], [89947.5, 600.0], [89950.0, 2000.0], [89957.5, 6130.0], [89960.0, 23030.0], [89962.5, 6290.0], [89977.5, 600.0], [89980.0, 2000.0], [90007.5, 600.0], [90010.0, 2000.0], [90035.0, 5760.0], [90037.5, 19300.0], [90077.5, 110.0], [90095.0, 60.0], [90125.0, 60.0]]}}}
{"jsonrpc": "2.0", "method": "subscription", "params": {"channel": "book.BTC-16JAN26.none.20.100ms", "data": {"timestamp": 1767436022130, "change_id": 134194688176, "instrument_name": "BTC-16JAN26", "bids": [[89867.5, 10.0], [89792.5, 1830.0], [89790.0, 6120.0], [89775.0, 4700.0], [89772.5, 15760.0], [89712.5, 1870.0], [89710.0, 6270.0], [89697.5, 50000.0], [89695.0, 18430.0], [89627.5, 38600.0], [89615.0, 50000.0], [89560.0, 38180.0], [89417.5, 50000.0], [89330.0, 37710.0], [89260.0, 50000.0], [89180.0, 37390.0], [89055.0, 300000.0], [89050.0, 25080.0], [88880.0, 25280.0], [88610.0, 1880.0]], "asks": [[89870.0, 4700.0], [89880.0, 600.0], [89882.5, 2000.0], [89885.0, 600.0], [89887.5, 2000.0], [89890.0, 900.0], [89892.5, 3000.0], [89947.5, 600.0], [89950.0, 2000.0], [89957.5, 6130.0], [89960.0, 18330.0], [89962.5, 6290.0], [89977.5, 600.0], [89980.0, 2000.0], [90007.5, 600.0], [90010.0, 2000.0], [90035.0, 5760.0], [90037.5, 19300.0], [90077.5, 110.0], [90095.0, 60.0]]}}}
{"jsonrpc": "2.0", "method": "subscription", "params": {"channel": "book.BTC-9JAN26.none.20.100ms", "data": {"timestamp": 1767436022125, "change_id": 134194688144, "instrument_name": "BTC-9JAN26", "bids": [[89787.5, 30.0], [89782.5, 10000.0], [89780.0, 2410.0], [89777.5, 10.0], [89770.0, 630.0], [89765.0, 2500.0], [89762.5, 10.0], [89750.0, 50.0], [89745.0, 660.0], [89742.5, 2000.0], [89715.0, 610.0], [89712.5, 2000.0], [89710.0, 50.0], [89695.0, 710.0], [89692.5, 2380.0], [89690.0, 4180.0], [89687.5, 9520.0], [89685.0, 5080.0], [89682.5, 2000.0], [89665.0, 7270.0]], "asks": [[89792.5, 8930.0], [89800.0, 28880.0], [89802.5, 21550.0], [89805.0, 3000.0], [89835.0, 7450.0], [89837.5, 24970.0], [89860.0, 600.0], [89862.5, 2000.0], [89890.0, 600.0], [89892.5, 2000.0], [89920.0, 900.0], [89922.5, 3000.0], [89975.0, 14920.0], [89977.5, 49980.0], [89980.0, 26440.0], [89982.5, 94270.0], [89990.0, 25690.0], [89997.5, 50.0], [90052.5, 500.0], [90072.5, 90.0]]}}}
{"jsonrpc": "2.0", "method": "subscription", "params": {"channel": "book.BTC-16JAN26.none.20.100ms", "data": {"timestamp": 1767436022346, "change_id": 134194688877, "instrument_name": "BTC-16JAN26", "bids": [[89857.5, 4700.0], [89840.0, 3000.0], [89770.0, 6120.0], [89765.0, 4700.0], [89755.0, 15950.0], [89710.0, 18430.0], [89640.0, 6270.0], [89617.5, 50000.0], [89615.0, 50000.0], [89567.5, 38600.0], [89560.0, 38180.0], [89417.5, 50000.0], [89330.0, 37710.0], [89260.0, 50000.0], [89180.0, 37390.0], [89055.0, 300000.0], [89050.0, 25080.0], [88880.0, 25280.0], [88610.0, 1880.0], [88157.5, 25570.0]], "asks": [[89860.0, 4700.0], [89877.5, 3000.0], [89882.5, 2000.0], [89887.5, 2000.0], [89895.0, 4700.0], [89915.0, 16180.0], [89920.0, 2000.0], [89950.0, 2000.0], [89962.5, 6290.0], [89980.0, 2000.0], [90037.5, 19300.0], [90077.5, 110.0], [90095.0, 60.0], [90125.0, 60.0], [90127.5, 37390.0], [90135.0, 37760.0], [90142.5, 50000.0], [90200.0, 30.0], [90210.0, 70.0], [90212.5, 50.0]]}}}
{"jsonrpc": "2.0", "method": "subscription", "params": {"channel": "book.BTC-9JAN26.none.20.100ms", "data": {"timestamp": 1767436022268, "change_id": 134194688836, "instrument_name": "BTC-9JAN26", "bids": [[89787.5, 30.0], [89780.0, 12410.0], [89777.5, 10.0], [89770.0, 630.0], [89765.0, 2500.0], [89752.5, 910.0], [89750.0, 3050.0], [89745.0, 660.0], [89742.5, 2000.0], [89715.0, 610.0], [89712.5, 2000.0], [89710.0, 50.0], [89695.0, 710.0], [89692.5, 2380.0], [89690.0, 4180.0], [89687.5, 9520.0], [89685.0, 5080.0], [89682.5, 2000.0], [89665.0, 7270.0], [89662.5, 24370.0]], "asks": [[89790.0, 5500.0], [89792.5, 8930.0], [89800.0, 28880.0], [89802.5, 21550.0], [89835.0, 7450.0], [89837.5, 24970.0], [89860.0, 600.0], [89862.5, 2000.0], [89890.0, 600.0], [89892.5, 2000.0], [89920.0, 900.0], [89922.5, 3000.0], [89975.0, 14920.0], [89977.5, 49980.0], [89980.0, 26440.0], [89982.5, 94270.0], [89990.0, 25690.0], [89997.5, 50.0], [90052.5, 500.0], [90072.5, 90.0]]}}}
{"jsonrpc": "2.0", "method": "subscription", "params": {"channel": "book.BTC-16JAN26.none.20.100ms", "data": {"timestamp": 1767436022632, "change_id": 134194689341, "instrument_name": "BTC-16JAN26", "bids": [[89860.0, 4700.0], [89840.0, 3000.0], [89830.0, 4700.0], [89770.0, 6120.0], [89755.0, 15950.0], [89710.0, 18430.0], [89640.0, 6270.0], [89617.5, 50000.0], [89615.0, 50000.0], [89567.5, 38600.0], [89560.0, 38180.0], [89417.5, 50000.0], [89330.0, 37710.0], [89260.0, 50000.0], [89180.0, 37390.0], [89055.0, 300000.0], [89050.0, 25080.0], [88880.0, 25280.0], [88610.0, 1880.0], [88157.5, 25570.0]], "asks": [[89862.5, 4700.0], [89877.5, 3000.0], [89895.0, 4700.0], [89915.0, 16180.0], [89920.0, 2000.0], [89950.0, 2000.0], [89962.5, 6290.0], [89980.0, 2000.0], [90037.5, 19300.0], [90077.5, 110.0], [90095.0, 60.0], [90125.0, 60.0], [90127.5, 37390.0], [90135.0, 37760.0], [90142.5, 50000.0], [90200.0, 30.0], [90210.0, 70.0], [90212.5, 50.0], [90235.0, 50000.0], [90300.0, 38490.0]]}}}
{"jsonrpc": "2.0", "method": "subscription", "params": {"channel": "book.BTC-9JAN26.none.20.100ms", "data": {"timestamp": 1767436022581, "change_id": 134194689648, "instrument_name": "BTC-9JAN26", "bids": [[89787.5, 30.0], [89780.0, 12410.0], [89777.5, 10.0], [89772.5, 2500.0], [89752.5, 910.0], [89750.0, 3050.0], [89745.0, 660.0], [89742.5, 2000.0], [89715.0, 610.0], [89712.5, 2000.0], [89710.0, 50.0], [89695.0, 710.0], [89692.5, 2380.0], [89690.0, 4180.0], [89687.5, 9520.0], [89685.0, 5080.0], [89682.5, 2000.0], [89665.0, 7270.0], [89662.5, 24370.0], [89650.0, 11670.0]], "asks": [[89790.0, 5500.0], [89835.0, 7450.0], [89837.5, 24970.0], [89860.0, 600.0], [89862.5, 2000.0], [89890.0, 600.0], [89892.5, 2000.0], [89920.0, 900.0], [89922.5, 3000.0], [89975.0, 14920.0], [89977.5, 49980.0], [89980.0, 26440.0], [89982.5, 94270.0], [89990.0, 25690.0], [89997.5, 50.0], [90052.5, 500.0], [90072.5, 90.0], [90085.0, 3680.0], [90097.5, 50.0], [90150.0, 50890.0]]}}}
{"jsonrpc": "2.0", "method": "subscription", "params": {"channel": "book.BTC-16JAN26.none.20.100ms", "data": {"timestamp": 1767436023053, "change_id": 134194689963, "instrument_name": "BTC-16JAN26", "bids": [[89860.0, 4700.0], [89842.5, 900.0], [89840.0, 3000.0], [89832.5, 1400.0], [89830.0, 4700.0], [89772.5, 1830.0], [89770.0, 6120.0], [89760.0, 19690.0], [89757.5, 50000.0], [89755.0, 15950.0], [89712.5, 5500.0], [89710.0, 18430.0], [89642.5, 1870.0], [89640.0, 6270.0], [89615.0, 50000.0], [89567.5, 38600.0], [89560.0, 38180.0], [89417.5, 50000.0], [89330.0, 37710.0], [89260.0, 50000.0]], "asks": [[89862.5, 4700.0], [89875.0, 900.0], [89877.5, 3000.0], [89892.5, 1400.0], [89895.0, 4700.0], [89912.5, 4830.0], [89915.0, 16180.0], [89917.5, 600.0], [89920.0, 2000.0], [89947.5, 600.0], [89950.0, 2000.0], [89960.0, 1880.0], [89962.5, 6290.0], [89977.5, 600.0], [89980.0, 2000.0], [90035.0, 5760.0], [90037.5, 19300.0], [90077.5, 110.0], [90095.0, 60.0], [90125.0, 60.0]]}}}
{"jsonrpc": "2.0", "method": "subscription", "params": {"channel": "book.BTC-9JAN26.none.20.100ms", "data": {"timestamp": 1767436022894, "change_id": 134194689814, "instrument_name": "BTC-9JAN26", "bids": [[89787.5, 30.0], [89780.0, 12410.0], [89777.5, 10.0], [89772.5, 2500.0], [89752.5, 910.0], [89750.0, 3050.0], [89745.0, 660.0], [89742.5, 2000.0], [89715.0, 610.0], [89712.5, 2000.0], [89710.0, 50.0], [89695.0, 710.0], [89692.5, 2380.0], [89690.0, 4180.0], [89687.5, 9520.0], [89685.0, 5080.0], [89682.5, 2000.0], [89665.0, 7270.0], [89662.5, 24370.0], [89650.0, 11670.0]], "asks": [[89790.0, 27040.0], [89792.5, 21550.0], [89835.0, 7450.0], [89837.5, 24970.0], [89860.0, 600.0], [89862.5, 2000.0], [89890.0, 600.0], [89892.5, 2000.0], [89920.0, 900.0], [89922.5, 3000.0], [89975.0, 14920.0], [89977.5, 49980.0], [89980.0, 26440.0], [89982.5, 94270.0], [89990.0, 25690.0], [89997.5, 50.0], [90052.5, 500.0], [90072.5, 90.0], [90085.0, 3680.0], [90097.5, 50.0]]}}}
{"jsonrpc": "2.0", "method": "subscription", "params": {"channel": "book.BTC-16JAN26.none.20.100ms", "data": {"timestamp": 1767436023693, "change_id": 134194690576, "instrument_name": "BTC-16JAN26", "bids": [[89860.0, 4700.0], [89842.5, 900.0], [89840.0, 3000.0], [89832.5, 1400.0], [89830.0, 4700.0], [89827.5, 10.0], [89772.5, 1830.0], [89770.0, 6120.0], [89760.0, 19690.0], [89757.5, 50000.0], [89755.0, 15950.0], [89712.5, 5500.0], [89710.0, 18430.0], [89642.5, 1870.0], [89640.0, 6270.0], [89615.0, 50000.0], [89567.5, 38600.0], [89560.0, 38180.0], [89417.5, 50000.0], [89330.0, 37710.0]], "asks": [[89862.5, 4700.0], [89875.0, 900.0], [89877.5, 3000.0], [89892.5, 1400.0], [89895.0, 4700.0], [89912.5, 4830.0], [89915.0, 16180.0], [89917.5, 600.0], [89920.0, 2000.0], [89947.5, 600.0], [89950.0, 2000.0], [89960.0, 1880.0], [89962.5, 6290.0], [89977.5, 600.0], [89980.0, 2000.0], [90035.0, 5760.0], [90037.5, 19300.0], [90077.5, 110.0], [90095.0, 60.0], [90125.0, 60.0]]}}}
{"jsonrpc": "2.0", "method": "subscription", "params": {"channel": "book.BTC-9JAN26.none.20.100ms", "data": {"timestamp": 1767436023753, "change_id": 134194690667, "instrument_name": "BTC-9JAN26", "bids": [[89787.5, 30.0], [89780.0, 12410.0], [89777.5, 10.0], [89752.5, 910.0], [89750.0, 3050.0], [89745.0, 660.0], [89742.5, 2000.0], [89715.0, 610.0], [89712.5, 2000.0], [89710.0, 50.0], [89695.0, 710.0], [89692.5, 2380.0], [89690.0, 4180.0], [89687.5, 9520.0], [89685.0, 5080.0], [89682.5, 2000.0], [89665.0, 7270.0], [89662.5, 24370.0], [89650.0, 11670.0], [89647.5, 38080.0]], "asks": [[89790.0, 27040.0], [89792.5, 21550.0], [89835.0, 7450.0], [89837.5, 24970.0], [89860.0, 600.0], [89862.5, 2000.0], [89890.0, 600.0], [89892.5, 2000.0], [89920.0, 900.0], [89922.5, 3000.0], [89975.0, 14920.0], [89977.5, 49980.0], [89980.0, 26440.0], [89982.5, 94270.0], [89990.0, 25690.0], [89997.5, 50.0], [90052.5, 500.0], [90072.5, 90.0], [90085.0, 3680.0], [90097.5, 50.0]]}}}
{"jsonrpc": "2.0", "method": "subscription", "params": {"channel": "book.BTC-16JAN26.none.20.100ms", "data": {"timestamp": 1767436024952, "change_id": 134194691902, "instrument_name": "BTC-16JAN26", "bids": [[89862.5, 4700.0], [89842.5, 900.0], [89840.0, 3000.0], [89832.5, 1400.0], [89830.0, 4700.0], [89827.5, 10.0], [89772.5, 1830.0], [89770.0, 6120.0], [89760.0, 19690.0], [89757.5, 50000.0], [89755.0, 15950.0], [89712.5, 5500.0], [89710.0, 18430.0], [89642.5, 1870.0], [89640.0, 6270.0], [89615.0, 50000.0], [89567.5, 38600.0], [89560.0, 38180.0], [89417.5, 50000.0], [89330.0, 37710.0]], "asks": [[89865.0, 4700.0], [89875.0, 900.0], [89877.5, 3000.0], [89912.5, 4830.0], [89915.0, 16180.0], [89917.5, 600.0], [89920.0, 2000.0], [89947.5, 600.0], [89950.0, 2000.0], [89957.5, 1400.0], [89960.0, 6580.0], [89962.5, 6290.0], [89977.5, 600.0], [89980.0, 2000.0], [90035.0, 5760.0], [90037.5, 19300.0], [90077.5, 110.0], [90095.0, 60.0], [90125.0, 60.0], [90127.5, 37390.0]]}}}
{"jsonrpc": "2.0", "method": "subscription", "params": {"channel": "book.BTC-9JAN26.none.20.100ms", "data": {"timestamp": 1767436025011, "change_id": 134194691981, "instrument_name": "BTC-9JAN26", "bids": [[89787.5, 30.0], [89780.0, 12410.0], [89777.5, 10.0], [89760.0, 900.0], [89757.5, 3000.0], [89750.0, 50.0], [89745.0, 660.0], [89742.5, 2000.0], [89715.0, 610.0], [89712.5, 2000.0], [89710.0, 50.0], [89695.0, 710.0], [89692.5, 2380.0], [89690.0, 4180.0], [89687.5, 9520.0], [89685.0, 5080.0], [89682.5, 2000.0], [89655.0, 7270.0], [89652.5, 24370.0], [89650.0, 11670.0]], "asks": [[89790.0, 27040.0], [89792.5, 21550.0], [89835.0, 7450.0], [89837.5, 24970.0], [89860.0, 600.0], [89862.5, 2000.0], [89890.0, 600.0], [89892.5, 2000.0], [89920.0, 900.0], [89922.5, 3000.0], [89975.0, 14920.0], [89977.5, 49980.0], [89980.0, 26440.0], [89982.5, 94270.0], [89990.0, 25690.0], [89997.5, 50.0], [90052.5, 500.0], [90072.5, 90.0], [90085.0, 3680.0], [90097.5, 50.0]]}}}
{"jsonrpc": "2.0", "method": "subscription", "params": {"channel": "book.BTC-16JAN26.none.20.100ms", "data": {"timestamp": 1767436026522, "change_id": 134194693309, "instrument_name": "BTC-16JAN26", "bids": [[89862.5, 4700.0], [89842.5, 900.0], [89840.0, 3000.0], [89832.5, 1400.0], [89830.0, 4700.0], [89827.5, 10.0], [89772.5, 1830.0], [89770.0, 6120.0], [89760.0, 19690.0], [89757.5, 50000.0], [89755.0, 15950.0], [89712.5, 5500.0], [89710.0, 18430.0], [89642.5, 1870.0], [89640.0, 6270.0], [89615.0, 50000.0], [89567.5, 38600.0], [89560.0, 38180.0], [89417.5, 50000.0], [89330.0, 37710.0]], "asks": [[89865.0, 4700.0], [89875.0, 900.0], [89877.5, 3000.0], [89912.5, 4830.0], [89915.0, 16180.0], [89917.5, 600.0], [89920.0, 2000.0], [89947.5, 600.0], [89950.0, 2000.0], [89957.5, 1400.0], [89960.0, 6580.0], [89962.5, 6290.0], [89977.5, 600.0], [89980.0, 2000.0], [90035.0, 5760.0], [90037.5, 19300.0], [90077.5, 110.0], [90095.0, 60.0], [90125.0, 60.0], [90127.5, 37390.0]]}}}
{"jsonrpc": "2.0", "method": "subscription", "params": {"channel": "book.BTC-16JAN26.none.20.100ms", "data": {"timestamp": 1767436027570, "change_id": 134194694323, "instrument_name": "BTC-16JAN26", "bids": [[89862.5, 4700.0], [89842.5, 900.0], [89840.0, 3000.0], [89832.5, 1400.0], [89830.0, 4700.0], [89827.5, 10.0], [89777.5, 1830.0], [89775.0, 6120.0], [89760.0, 19690.0], [89757.5, 50000.0], [89755.0, 15950.0], [89717.5, 1870.0], [89715.0, 6270.0], [89712.5, 5500.0], [89710.0, 18430.0], [89615.0, 50000.0], [89567.5, 38600.0], [89560.0, 38180.0], [89417.5, 50000.0], [89330.0, 37710.0]], "asks": [[89865.0, 4700.0], [89875.0, 900.0], [89877.5, 3000.0], [89912.5, 4830.0], [89915.0, 16180.0], [89917.5, 600.0], [89920.0, 2000.0], [89947.5, 600.0], [89950.0, 2000.0], [89957.5, 1400.0], [89960.0, 6580.0], [89962.5, 6290.0], [89977.5, 600.0], [89980.0, 2000.0], [90035.0, 5760.0], [90037.5, 19300.0], [90077.5, 110.0], [90095.0, 60.0], [90125.0, 60.0], [90127.5, 37390.0]]}}}
{"jsonrpc": "2.0", "method": "subscription", "params": {"channel": "book.BTC-16JAN26.none.20.100ms", "data": {"timestamp": 1767436027974, "change_id": 134194694721, "instrument_name": "BTC-16JAN26", "bids": [[89862.5, 4700.0], [89842.5, 900.0], [89840.0, 3000.0], [89832.5, 1400.0], [89830.0, 4700.0], [89827.5, 10.0], [89777.5, 1830.0], [89775.0, 6120.0], [89760.0, 19690.0], [89757.5, 50000.0], [89755.0, 15950.0], [89717.5, 1870.0], [89715.0, 6270.0], [89712.5, 5500.0], [89710.0, 18430.0], [89615.0, 50000.0], [89567.5, 38600.0], [89560.0, 38180.0], [89417.5, 50000.0], [89330.0, 37710.0]], "asks": [[89865.0, 4700.0], [89875.0, 900.0], [89877.5, 3000.0], [89892.5, 1400.0], [89895.0, 4700.0], [89912.5, 4830.0], [89915.0, 16180.0], [89917.5, 600.0], [89920.0, 2000.0], [89947.5, 600.0], [89950.0, 2000.0], [89960.0, 1880.0], [89962.5, 6290.0], [89977.5, 600.0], [89980.0, 2000.0], [90035.0, 5760.0], [90037.5, 19300.0], [90077.5, 110.0], [90095.0, 60.0], [90125.0, 60.0]]}}}
{"jsonrpc": "2.0", "method": "subscription", "params": {"channel": "book.BTC-9JAN26.none.20.100ms", "data": {"timestamp": 1767436030675, "change_id": 134194697065, "instrument_name": "BTC-9JAN26", "bids": [[89787.5, 30.0], [89780.0, 14910.0], [89777.5, 10.0], [89760.0, 900.0], [89757.5, 3000.0], [89750.0, 50.0], [89745.0, 660.0], [89742.5, 2000.0], [89715.0, 610.0], [89712.5, 2000.0], [89710.0, 50.0], [89695.0, 710.0], [89692.5, 2380.0], [89690.0, 4180.0], [89687.5, 9520.0], [89685.0, 5080.0], [89682.5, 2000.0], [89655.0, 7270.0], [89652.5, 24370.0], [89650.0, 11670.0]], "asks": [[89790.0, 27040.0], [89792.5, 21550.0], [89835.0, 7450.0], [89837.5, 24970.0], [89860.0, 600.0], [89862.5, 2000.0], [89890.0, 600.0], [89892.5, 2000.0], [89920.0, 900.0], [89922.5, 3000.0], [89975.0, 14920.0], [89977.5, 49980.0], [89980.0, 26440.0], [89982.5, 94270.0], [89990.0, 25690.0], [89997.5, 50.0], [90052.5, 500.0], [90072.5, 90.0], [90085.0, 3680.0], [90097.5, 50.0]]}}}
{"jsonrpc": "2.0", "method": "subscription", "params": {"channel": "book.BTC-16JAN26.none.20.100ms", "data": {"timestamp": 1767436031591, "change_id": 134194697954, "instrument_name": "BTC-16JAN26", "bids": [[89860.0, 4700.0], [89842.5, 900.0], [89840.0, 3000.0], [89832.5, 1400.0], [89830.0, 4700.0], [89827.5, 10.0], [89777.5, 1830.0], [89775.0, 6120.0], [89760.0, 19690.0], [89757.5, 50000.0], [89755.0, 15950.0], [89717.5, 1870.0], [89715.0, 6270.0], [89712.5, 5500.0], [89710.0, 18430.0], [89615.0, 50000.0], [89567.5, 38600.0], [89560.0, 38180.0], [89417.5, 50000.0], [89330.0, 37710.0]], "asks": [[89862.5, 4700.0], [89875.0, 900.0], [89877.5, 3000.0], [89892.5, 1400.0], [89895.0, 4700.0], [89912.5, 4830.0], [89915.0, 16180.0], [89917.5, 600.0], [89920.0, 2000.0], [89947.5, 600.0], [89950.0, 2000.0], [89960.0, 1880.0], [89962.5, 6290.0], [89977.5, 600.0], [89980.0, 2000.0], [90035.0, 5760.0], [90037.5, 19300.0], [90077.5, 110.0], [90095.0, 60.0], [90125.0, 60.0]]}}}
{"jsonrpc": "2.0", "method": "subscription", "params": {"channel": "book.BTC-9JAN26.none.20.100ms", "data": {"timestamp": 1767436031887, "change_id": 134194698346, "instrument_name": "BTC-9JAN26", "bids": [[89787.5, 30.0], [89780.0, 12410.0], [89777.5, 10.0], [89760.0, 900.0], [89757.5, 3000.0], [89750.0, 50.0], [89745.0, 660.0], [89742.5, 2000.0], [89715.0, 610.0], [89712.5, 2000.0], [89710.0, 50.0], [89695.0, 710.0], [89692.5, 2380.0], [89690.0, 4180.0], [89687.5, 9520.0], [89685.0, 5080.0], [89682.5, 2000.0], [89655.0, 7270.0], [89652.5, 24370.0], [89650.0, 11670.0]], "asks": [[89790.0, 27040.0], [89792.5, 21550.0], [89835.0, 7450.0], [89837.5, 24970.0], [89860.0, 600.0], [89862.5, 2000.0], [89890.0, 600.0], [89892.5, 2000.0], [89920.0, 900.0], [89922.5, 3000.0], [89975.0, 14920.0], [89977.5, 49980.0], [89980.0, 26440.0], [89982.5, 94270.0], [89990.0, 25690.0], [89997.5, 50.0], [90052.5, 500.0], [90072.5, 90.0], [90085.0, 3680.0], [90097.5, 50.0]]}}}
{"jsonrpc": "2.0", "method": "subscription", "params": {"channel": "book.BTC-16JAN26.none.20.100ms", "data": {"timestamp": 1767436033570, "change_id": 134194699778, "instrument_name": "BTC-16JAN26", "bids": [[89860.0, 4700.0], [89842.5, 900.0], [89840.0, 3000.0], [89832.5, 1400.0], [89830.0, 4700.0], [89827.5, 10.0], [89782.5, 1830.0], [89780.0, 6120.0], [89760.0, 19690.0], [89757.5, 50000.0], [89755.0, 15950.0], [89720.0, 6270.0], [89712.5, 5500.0], [89710.0, 18430.0], [89615.0, 50000.0], [89567.5, 38600.0], [89560.0, 38180.0], [89417.5, 50000.0], [89330.0, 37710.0], [89260.0, 50000.0]], "asks": [[89862.5, 4700.0], [89875.0, 900.0], [89877.5, 3000.0], [89892.5, 1400.0], [89895.0, 4700.0], [89912.5, 4830.0], [89915.0, 16180.0], [89917.5, 600.0], [89920.0, 2000.0], [89947.5, 600.0], [89950.0, 2000.0], [89960.0, 1880.0], [89962.5, 6290.0], [89977.5, 600.0], [89980.0, 2000.0], [90035.0, 5760.0], [90037.5, 19300.0], [90077.5, 110.0], [90095.0, 60.0], [90125.0, 60.0]]}}}
{"jsonrpc": "2.0", "method": "subscription", "params": {"channel": "book.BTC-16JAN26.none.20.100ms", "data": {"timestamp": 1767436034690, "change_id": 134194700732, "instrument_name": "BTC-16JAN26", "bids": [[89860.0, 4700.0], [89842.5, 900.0], [89840.0, 3000.0], [89827.5, 10.0], [89782.5, 1830.0], [89780.0, 6120.0], [89767.5, 1400.0], [89765.0, 4700.0], [89760.0, 19690.0], [89757.5, 50000.0], [89755.0, 15950.0], [89722.5, 1870.0], [89720.0, 6270.0], [89712.5, 5500.0], [89710.0, 18430.0], [89615.0, 50000.0], [89567.5, 38600.0], [89560.0, 38180.0], [89417.5, 50000.0], [89330.0, 37710.0]], "asks": [[89862.5, 4700.0], [89875.0, 900.0], [89877.5, 3000.0], [89892.5, 1400.0], [89895.0, 4700.0], [89912.5, 4830.0], [89915.0, 16180.0], [89917.5, 600.0], [89920.0, 2000.0], [89947.5, 600.0], [89950.0, 2000.0], [89960.0, 1880.0], [89962.5, 6290.0], [89977.5, 600.0], [89980.0, 2000.0], [90035.0, 5760.0], [90037.5, 19300.0], [90077.5, 110.0], [90095.0, 60.0], [90125.0, 60.0]]}}}
{"jsonrpc": "2.0", "method": "subscription", "params": {"channel": "book.BTC-9JAN26.none.20.100ms", "data": {"timestamp": 1767436034631, "change_id": 134194700705, "instrument_name": "BTC-9JAN26", "bids": [[89787.5, 30.0], [89780.0, 14910.0], [89777.5, 10.0], [89760.0, 900.0], [89757.5, 3000.0], [89750.0, 50.0], [89745.0, 660.0], [89742.5, 2000.0], [89715.0, 610.0], [89712.5, 2000.0], [89710.0, 50.0], [89695.0, 710.0], [89692.5, 2380.0], [89690.0, 4180.0], [89687.5, 9520.0], [89685.0, 5080.0], [89682.5, 2000.0], [89655.0, 7270.0], [89652.5, 24370.0], [89650.0, 11670.0]], "asks": [[89790.0, 27040.0], [89792.5, 21550.0], [89835.0, 7450.0], [89837.5, 24970.0], [89860.0, 600.0], [89862.5, 2000.0], [89890.0, 600.0], [89892.5, 2000.0], [89920.0, 900.0], [89922.5, 3000.0], [89975.0, 14920.0], [89977.5, 49980.0], [89980.0, 26440.0], [89982.5, 94270.0], [89990.0, 25690.0], [89997.5, 50.0], [90052.5, 500.0], [90072.5, 90.0], [90085.0, 3680.0], [90097.5, 50.0]]}}}
{"jsonrpc": "2.0", "method": "subscription", "params": {"channel": "book.BTC-9JAN26.none.20.100ms", "data": {"timestamp": 1767436035195, "change_id": 134194701275, "instrument_name": "BTC-9JAN26", "bids": [[89787.5, 30.0], [89780.0, 14910.0], [89777.5, 10.0], [89760.0, 900.0], [89757.5, 3000.0], [89750.0, 50.0], [89745.0, 660.0], [89742.5, 2000.0], [89715.0, 610.0], [89712.5, 2000.0], [89710.0, 50.0], [89695.0, 710.0], [89692.5, 2380.0], [89690.0, 4180.0], [89687.5, 9520.0], [89685.0, 5080.0], [89682.5, 2000.0], [89657.5, 11370.0], [89655.0, 45350.0], [89652.5, 24370.0]], "asks": [[89790.0, 27040.0], [89792.5, 21550.0], [89835.0, 7450.0], [89837.5, 24970.0], [89860.0, 600.0], [89862.5, 2000.0], [89890.0, 600.0], [89892.5, 2000.0], [89920.0, 900.0], [89922.5, 3000.0], [89975.0, 14920.0], [89977.5, 49980.0], [89980.0, 26440.0], [89982.5, 94270.0], [89990.0, 25690.0], [89997.5, 50.0], [90052.5, 500.0], [90072.5, 90.0], [90085.0, 3680.0], [90097.5, 50.0]]}}}
{"jsonrpc": "2.0", "method": "subscription", "params": {"channel": "book.BTC-16JAN26.none.20.100ms", "data": {"timestamp": 1767436038625, "change_id": 134194704182, "instrument_name": "BTC-16JAN26", "bids": [[89860.0, 4700.0], [89842.5, 900.0], [89840.0, 3000.0], [89827.5, 10.0], [89782.5, 1830.0], [89780.0, 6120.0], [89767.5, 1400.0], [89765.0, 4700.0], [89760.0, 19690.0], [89757.5, 50000.0], [89755.0, 15950.0], [89722.5, 1870.0], [89720.0, 6270.0], [89712.5, 5500.0], [89710.0, 18430.0], [89615.0, 50000.0], [89567.5, 38600.0], [89560.0, 38180.0], [89417.5, 50000.0], [89330.0, 37710.0]], "asks": [[89875.0, 900.0], [89877.5, 3000.0], [89892.5, 1400.0], [89895.0, 4700.0], [89912.5, 4830.0], [89915.0, 16180.0], [89917.5, 600.0], [89920.0, 2000.0], [89947.5, 600.0], [89950.0, 2000.0], [89960.0, 1880.0], [89962.5, 6290.0], [89977.5, 600.0], [89980.0, 2000.0], [90035.0, 5760.0], [90037.5, 19300.0], [90077.5, 110.0], [90095.0, 60.0], [90125.0, 60.0], [90127.5, 37390.0]]}}}
{"jsonrpc": "2.0", "method": "subscription", "params": {"channel": "book.BTC-16JAN26.none.20.100ms", "data": {"timestamp": 1767436038822, "change_id": 134194704500, "instrument_name": "BTC-16JAN26", "bids": [[89860.0, 4700.0], [89842.5, 900.0], [89840.0, 3000.0], [89827.5, 10.0], [89782.5, 1830.0], [89780.0, 6120.0], [89767.5, 1400.0], [89765.0, 4700.0], [89760.0, 19690.0], [89757.5, 50000.0], [89755.0, 15950.0], [89722.5, 1870.0], [89720.0, 6270.0], [89712.5, 5500.0], [89710.0, 18430.0], [89615.0, 50000.0], [89567.5, 38600.0], [89560.0, 38180.0], [89417.5, 50000.0], [89330.0, 37710.0]], "asks": [[89862.5, 4700.0], [89875.0, 900.0], [89877.5, 3000.0], [89892.5, 1400.0], [89895.0, 4700.0], [89912.5, 4830.0], [89915.0, 16180.0], [89917.5, 600.0], [89920.0, 2000.0], [89947.5, 600.0], [89950.0, 2000.0], [89960.0, 1880.0], [89962.5, 6290.0], [89977.5, 600.0], [89980.0, 2000.0], [90035.0, 5760.0], [90037.5, 19300.0], [90077.5, 110.0], [90095.0, 60.0], [90125.0, 60.0]]}}}
{"jsonrpc": "2.0", "method": "subscription", "params": {"channel": "book.BTC-16JAN26.none.20.100ms", "data": {"timestamp": 1767436039573, "change_id": 134194705049, "instrument_name": "BTC-16JAN26", "bids": [[89860.0, 6700.0], [89847.5, 600.0], [89845.0, 2000.0], [89842.5, 900.0], [89840.0, 3000.0], [89827.5, 10.0], [89787.5, 1830.0], [89785.0, 6120.0], [89767.5, 1400.0], [89765.0, 4700.0], [89760.0, 19690.0], [89757.5, 50000.0], [89755.0, 15950.0], [89725.0, 6270.0], [89712.5, 5500.0], [89710.0, 18430.0], [89615.0, 50000.0], [89567.5, 38600.0], [89560.0, 38180.0], [89417.5, 50000.0]], "asks": [[89862.5, 4700.0], [89875.0, 900.0], [89877.5, 3000.0], [89892.5, 1400.0], [89895.0, 4700.0], [89912.5, 4830.0], [89915.0, 16180.0], [89917.5, 600.0], [89920.0, 2000.0], [89947.5, 600.0], [89950.0, 2000.0], [89960.0, 1880.0], [89962.5, 6290.0], [89977.5, 600.0], [89980.0, 2000.0], [90035.0, 5760.0], [90037.5, 19300.0], [90077.5, 110.0], [90095.0, 60.0], [90125.0, 60.0]]}}}
{"jsonrpc": "2.0", "method": "subscription", "params": {"channel": "book.BTC-9JAN26.none.20.100ms", "data": {"timestamp": 1767436039575, "change_id": 134194705050, "instrument_name": "BTC-9JAN26", "bids": [[89787.5, 30.0], [89782.5, 2500.0], [89780.0, 14910.0], [89777.5, 10.0], [89760.0, 900.0], [89757.5, 3000.0], [89750.0, 50.0], [89745.0, 660.0], [89742.5, 2000.0], [89715.0, 610.0], [89712.5, 2000.0], [89710.0, 50.0], [89695.0, 710.0], [89692.5, 2380.0], [89690.0, 4180.0], [89687.5, 9520.0], [89685.0, 5080.0], [89682.5, 2000.0], [89657.5, 11370.0], [89655.0, 45350.0]], "asks": [[89790.0, 27040.0], [89792.5, 21550.0], [89835.0, 7450.0], [89837.5, 24970.0], [89860.0, 600.0], [89862.5, 2000.0], [89890.0, 600.0], [89892.5, 2000.0], [89920.0, 900.0], [89922.5, 3000.0], [89975.0, 14920.0], [89977.5, 49980.0], [89980.0, 26440.0], [89982.5, 94270.0], [89990.0, 25690.0], [89997.5, 50.0], [90052.5, 500.0], [90072.5, 90.0], [90085.0, 3680.0], [90097.5, 50.0]]}}}
{"jsonrpc": "2.0", "method": "subscription", "params": {"channel": "book.BTC-9JAN26.none.20.100ms", "data": {"timestamp": 1767436039987, "change_id": 134194705398, "instrument_name": "BTC-9JAN26", "bids": [[89782.5, 2500.0], [89780.0, 9910.0], [89777.5, 5010.0], [89760.0, 900.0], [89757.5, 3000.0], [89750.0, 50.0], [89745.0, 660.0], [89742.5, 2000.0], [89715.0, 610.0], [89712.5, 2000.0], [89710.0, 50.0], [89695.0, 710.0], [89692.5, 2380.0], [89690.0, 4180.0], [89687.5, 9520.0], [89685.0, 5080.0], [89682.5, 2000.0], [89657.5, 11370.0], [89655.0, 45350.0], [89652.5, 24370.0]], "asks": [[89787.5, 14500.0], [89790.0, 27040.0], [89792.5, 21550.0], [89835.0, 7450.0], [89837.5, 24970.0], [89860.0, 600.0], [89862.5, 2000.0], [89890.0, 600.0], [89892.5, 2000.0], [89920.0, 900.0], [89922.5, 3000.0], [89975.0, 14920.0], [89977.5, 49980.0], [89980.0, 26440.0], [89982.5, 94270.0], [89990.0, 25690.0], [89997.5, 50.0], [90052.5, 500.0], [90072.5, 90.0], [90085.0, 3680.0]]}}}
{"jsonrpc": "2.0", "method": "subscription", "params": {"channel": "book.BTC-9JAN26.none.20.100ms", "data": {"timestamp": 1767436040190, "change_id": 134194705637, "instrument_name": "BTC-9JAN26", "bids": [[89785.0, 30.0], [89782.5, 2500.0], [89780.0, 14910.0], [89777.5, 10.0], [89760.0, 900.0], [89757.5, 3000.0], [89750.0, 50.0], [89745.0, 660.0], [89742.5, 2000.0], [89715.0, 610.0], [89712.5, 2000.0], [89710.0, 50.0], [89695.0, 710.0], [89692.5, 2380.0], [89690.0, 4180.0], [89687.5, 9520.0], [89685.0, 5080.0], [89682.5, 2000.0], [89657.5, 11370.0], [89655.0, 45350.0]], "asks": [[89790.0, 33470.0], [89792.5, 21550.0], [89835.0, 7450.0], [89837.5, 24970.0], [89860.0, 600.0], [89862.5, 2000.0], [89890.0, 600.0], [89892.5, 2000.0], [89920.0, 900.0], [89922.5, 3000.0], [89975.0, 14920.0], [89977.5, 49980.0], [89980.0, 26440.0], [89982.5, 94270.0], [89990.0, 25690.0], [89997.5, 50.0], [90052.5, 500.0], [90072.5, 90.0], [90085.0, 3680.0], [90097.5, 50.0]]}}}
{"jsonrpc": "2.0", "method": "subscription", "params": {"channel": "book.BTC-16JAN26.none.20.100ms", "data": {"timestamp": 1767436040441, "change_id": 134194705798, "instrument_name": "BTC-16JAN26", "bids": [[89862.5, 2600.0], [89860.0, 2000.0], [89857.5, 3400.0], [89855.0, 4700.0], [89847.5, 600.0], [89845.0, 2000.0], [89842.5, 900.0], [89840.0, 3000.0], [89827.5, 10.0], [89787.5, 1830.0], [89785.0, 6120.0], [89767.5, 1400.0], [89765.0, 4700.0], [89760.0, 19690.0], [89757.5, 50000.0], [89755.0, 15950.0], [89725.0, 6270.0], [89712.5, 5500.0], [89710.0, 18430.0], [89615.0, 50000.0]], "asks": [[89867.5, 4700.0], [89875.0, 900.0], [89877.5, 3000.0], [89912.5, 4830.0], [89915.0, 16180.0], [89917.5, 600.0], [89920.0, 2000.0], [89947.5, 600.0], [89950.0, 2000.0], [89957.5, 1400.0], [89960.0, 6580.0], [89962.5, 6290.0], [89977.5, 600.0], [89980.0, 2000.0], [90035.0, 5760.0], [90037.5, 19300.0], [90077.5, 110.0], [90095.0, 60.0], [90125.0, 60.0], [90127.5, 37390.0]]}}}
{"jsonrpc": "2.0", "method": "subscription", "params": {"channel": "book.BTC-9JAN26.none.20.100ms", "data": {"timestamp": 1767436040565, "change_id": 134194706007, "instrument_name": "BTC-9JAN26", "bids": [[89785.0, 30.0], [89782.5, 2500.0], [89780.0, 14910.0], [89777.5, 10.0], [89765.0, 750.0], [89762.5, 2500.0], [89760.0, 900.0], [89757.5, 3000.0], [89755.0, 60.0], [89750.0, 50.0], [89745.0, 600.0], [89742.5, 2000.0], [89715.0, 610.0], [89712.5, 2000.0], [89710.0, 50.0], [89695.0, 710.0], [89692.5, 2380.0], [89690.0, 4180.0], [89687.5, 9520.0], [89685.0, 5080.0]], "asks": [[89790.0, 33470.0], [89792.5, 21550.0], [89835.0, 7450.0], [89837.5, 24970.0], [89860.0, 600.0], [89862.5, 2000.0], [89890.0, 600.0], [89892.5, 2000.0], [89920.0, 900.0], [89922.5, 3000.0], [89975.0, 14920.0], [89977.5, 49980.0], [89980.0, 26440.0], [89982.5, 94270.0], [89990.0, 25690.0], [89997.5, 50.0], [90052.5, 500.0], [90072.5, 90.0], [90085.0, 3680.0], [90097.5, 50.0]]}}}
{"jsonrpc": "2.0", "method": "subscription", "params": {"channel": "book.BTC-16JAN26.none.20.100ms", "data": {"timestamp": 1767436041422, "change_id": 134194706666, "instrument_name": "BTC-16JAN26", "bids": [[89862.5, 2600.0], [89860.0, 2000.0], [89857.5, 3400.0], [89855.0, 4700.0], [89847.5, 600.0], [89845.0, 3490.0], [89842.5, 2000.0], [89840.0, 3000.0], [89827.5, 10.0], [89787.5, 1830.0], [89785.0, 6120.0], [89767.5, 1400.0], [89765.0, 4700.0], [89760.0, 19690.0], [89757.5, 50000.0], [89755.0, 15950.0], [89725.0, 6270.0], [89712.5, 5500.0], [89710.0, 18430.0], [89615.0, 50000.0]], "asks": [[89867.5, 4700.0], [89875.0, 900.0], [89877.5, 3000.0], [89912.5, 4830.0], [89915.0, 16180.0], [89917.5, 600.0], [89920.0, 2000.0], [89947.5, 600.0], [89950.0, 2000.0], [89957.5, 1400.0], [89960.0, 6580.0], [89962.5, 6290.0], [89977.5, 600.0], [89980.0, 2000.0], [90035.0, 5760.0], [90037.5, 19300.0], [90077.5, 110.0], [90095.0, 60.0], [90125.0, 60.0], [90127.5, 37390.0]]}}}
{"jsonrpc": "2.0", "method": "subscription", "params": {"channel": "book.BTC-9JAN26.none.20.100ms", "data": {"timestamp": 1767436041553, "change_id": 134194706872, "instrument_name": "BTC-9JAN26", "bids": [[89785.0, 30.0], [89782.5, 2500.0], [89780.0, 14910.0], [89777.5, 10.0], [89767.5, 2500.0], [89765.0, 750.0], [89762.5, 2500.0], [89760.0, 900.0], [89757.5, 3000.0], [89755.0, 60.0], [89750.0, 50.0], [89745.0, 600.0], [89742.5, 2000.0], [89715.0, 610.0], [89712.5, 2000.0], [89710.0, 50.0], [89695.0, 710.0], [89692.5, 2380.0], [89690.0, 4180.0], [89687.5, 9520.0]], "asks": [[89790.0, 33470.0], [89792.5, 21550.0], [89835.0, 7450.0], [89837.5, 24970.0], [89860.0, 600.0], [89862.5, 2000.0], [89890.0, 600.0], [89892.5, 2000.0], [89920.0, 900.0], [89922.5, 3000.0], [89975.0, 14920.0], [89977.5, 49980.0], [89980.0, 26440.0], [89982.5, 94270.0], [89990.0, 25690.0], [89997.5, 50.0], [90052.5, 500.0], [90072.5, 90.0], [90085.0, 3680.0], [90097.5, 50.0]]}}}
{"jsonrpc": "2.0", "method": "subscription", "params": {"channel": "book.BTC-16JAN26.none.20.100ms", "data": {"timestamp": 1767436042124, "change_id": 134194707415, "instrument_name": "BTC-16JAN26", "bids": [[89865.0, 2000.0], [89862.5, 600.0], [89860.0, 2000.0], [89857.5, 3400.0], [89855.0, 4700.0], [89847.5, 600.0], [89845.0, 3490.0], [89842.5, 2000.0], [89840.0, 3000.0], [89827.5, 10.0], [89787.5, 1830.0], [89785.0, 6120.0], [89767.5, 1400.0], [89765.0, 4700.0], [89760.0, 19690.0], [89757.5, 50000.0], [89755.0, 15950.0], [89725.0, 6270.0], [89712.5, 5500.0], [89710.0, 18430.0]], "asks": [[89867.5, 4700.0], [89875.0, 900.0], [89877.5, 3000.0], [89912.5, 4830.0], [89915.0, 16180.0], [89917.5, 600.0], [89920.0, 2000.0], [89947.5, 600.0], [89950.0, 2000.0], [89957.5, 1400.0], [89960.0, 6580.0], [89962.5, 6290.0], [89977.5, 600.0], [89980.0, 2000.0], [90035.0, 5760.0], [90037.5, 19300.0], [90077.5, 110.0], [90095.0, 60.0], [90125.0, 60.0], [90127.5, 37390.0]]}}}
{"jsonrpc": "2.0", "method": "subscription", "params": {"channel": "book.BTC-16JAN26.none.20.100ms", "data": {"timestamp": 1767436042575, "change_id": 134194707722, "instrument_name": "BTC-16JAN26", "bids": [[89865.0, 2000.0], [89862.5, 600.0], [89860.0, 2000.0], [89857.5, 3400.0], [89855.0, 4700.0], [89850.0, 1190.0], [89847.5, 2000.0], [89845.0, 3490.0], [89842.5, 2000.0], [89840.0, 3000.0], [89827.5, 10.0], [89792.5, 1830.0], [89790.0, 6120.0], [89767.5, 1400.0], [89765.0, 4700.0], [89760.0, 19690.0], [89757.5, 50000.0], [89755.0, 15950.0], [89727.5, 6270.0], [89712.5, 5500.0]], "asks": [[89867.5, 4700.0], [89875.0, 900.0], [89877.5, 3000.0], [89912.5, 4830.0], [89915.0, 16180.0], [89917.5, 600.0], [89920.0, 2000.0], [89947.5, 600.0], [89950.0, 2000.0], [89957.5, 1400.0], [89960.0, 6580.0], [89962.5, 6290.0], [89977.5, 600.0], [89980.0, 2000.0], [90035.0, 5760.0], [90037.5, 19300.0], [90077.5, 110.0], [90095.0, 60.0], [90125.0, 60.0], [90127.5, 37390.0]]}}}
{"jsonrpc": "2.0", "method": "subscription", "params": {"channel": "book.BTC-9JAN26.none.20.100ms", "data": {"timestamp": 1767436042542, "change_id": 134194707716, "instrument_name": "BTC-9JAN26", "bids": [[89785.0, 2530.0], [89782.5, 2500.0], [89780.0, 14910.0], [89777.5, 10.0], [89767.5, 2500.0], [89765.0, 750.0], [89762.5, 2500.0], [89760.0, 900.0], [89757.5, 3000.0], [89755.0, 60.0], [89750.0, 50.0], [89745.0, 600.0], [89742.5, 2000.0], [89715.0, 610.0], [89712.5, 2000.0], [89710.0, 50.0], [89695.0, 710.0], [89692.5, 2380.0], [89690.0, 4180.0], [89687.5, 9520.0]], "asks": [[89790.0, 33470.0], [89792.5, 21550.0], [89835.0, 7450.0], [89837.5, 24970.0], [89860.0, 600.0], [89862.5, 2000.0], [89890.0, 600.0], [89892.5, 2000.0], [89920.0, 900.0], [89922.5, 3000.0], [89975.0, 14920.0], [89977.5, 49980.0], [89980.0, 26440.0], [89982.5, 94270.0], [89990.0, 25690.0], [89997.5, 50.0], [90052.5, 500.0], [90072.5, 90.0], [90085.0, 3680.0], [90097.5, 50.0]]}}}
{"jsonrpc": "2.0", "method": "subscription", "params": {"channel": "book.BTC-16JAN26.none.20.100ms", "data": {"timestamp": 1767436043401, "change_id": 134194708297, "instrument_name": "BTC-16JAN26", "bids": [[89865.0, 2000.0], [89862.5, 600.0], [89860.0, 2000.0], [89857.5, 3400.0], [89855.0, 5300.0], [89852.5, 2000.0], [89850.0, 600.0], [89847.5, 2000.0], [89845.0, 1490.0], [89842.5, 2000.0], [89840.0, 3000.0], [89827.5, 10.0], [89792.5, 1830.0], [89790.0, 6120.0], [89767.5, 1400.0], [89765.0, 4700.0], [89760.0, 19690.0], [89757.5, 50000.0], [89755.0, 15950.0], [89727.5, 6270.0]], "asks": [[89867.5, 4700.0], [89875.0, 900.0], [89877.5, 3000.0], [89912.5, 4830.0], [89915.0, 16180.0], [89917.5, 600.0], [89920.0, 2000.0], [89947.5, 600.0], [89950.0, 2000.0], [89957.5, 1400.0], [89960.0, 6580.0], [89962.5, 6290.0], [89977.5, 600.0], [89980.0, 2000.0], [90035.0, 5760.0], [90037.5, 19300.0], [90077.5, 110.0], [90095.0, 60.0], [90125.0, 60.0], [90127.5, 37390.0]]}}}
{"jsonrpc": "2.0", "method": "subscription", "params": {"channel": "book.BTC-9JAN26.none.20.100ms", "data": {"timestamp": 1767436043860, "change_id": 134194708841, "instrument_name": "BTC-9JAN26", "bids": [[89785.0, 30.0], [89782.5, 2500.0], [89780.0, 14910.0], [89777.5, 10.0], [89767.5, 2500.0], [89765.0, 750.0], [89762.5, 2500.0], [89760.0, 900.0], [89757.5, 3000.0], [89755.0, 60.0], [89750.0, 50.0], [89745.0, 600.0], [89742.5, 2000.0], [89715.0, 610.0], [89712.5, 2000.0], [89710.0, 50.0], [89695.0, 710.0], [89692.5, 2380.0], [89690.0, 4180.0], [89687.5, 9520.0]], "asks": [[89790.0, 33470.0], [89792.5, 21550.0], [89835.0, 7450.0], [89837.5, 24970.0], [89860.0, 600.0], [89862.5, 2000.0], [89890.0, 600.0], [89892.5, 2000.0], [89920.0, 900.0], [89922.5, 3000.0], [89975.0, 14920.0], [89977.5, 49980.0], [89980.0, 26440.0], [89982.5, 94270.0], [89990.0, 25690.0], [89997.5, 50.0], [90052.5, 500.0], [90072.5, 90.0], [90085.0, 3680.0], [90097.5, 50.0]]}}}
{"jsonrpc": "2.0", "method": "subscription", "params": {"channel": "book.BTC-9JAN26.none.20.100ms", "data": {"timestamp": 1767436044127, "change_id": 134194709052, "instrument_name": "BTC-9JAN26", "bids": [[89785.0, 30.0], [89782.5, 2500.0], [89780.0, 14910.0], [89777.5, 10.0], [89767.5, 2500.0], [89765.0, 750.0], [89762.5, 2500.0], [89760.0, 900.0], [89757.5, 3000.0], [89755.0, 60.0], [89750.0, 50.0], [89745.0, 600.0], [89742.5, 2000.0], [89715.0, 610.0], [89712.5, 2000.0], [89710.0, 50.0], [89695.0, 710.0], [89692.5, 2380.0], [89690.0, 1340.0], [89685.0, 5080.0]], "asks": [[89790.0, 33470.0], [89792.5, 21550.0], [89835.0, 7450.0], [89837.5, 24970.0], [89860.0, 600.0], [89862.5, 2000.0], [89890.0, 600.0], [89892.5, 2000.0], [89920.0, 900.0], [89922.5, 3000.0], [89975.0, 14920.0], [89977.5, 49980.0], [89980.0, 26440.0], [89982.5, 94270.0], [89990.0, 25690.0], [89997.5, 50.0], [90052.5, 500.0], [90072.5, 90.0], [90085.0, 3680.0], [90097.5, 50.0]]}}}
{"jsonrpc": "2.0", "method": "subscription", "params": {"channel": "book.BTC-9JAN26.none.20.100ms", "data": {"timestamp": 1767436044519, "change_id": 134194709255, "instrument_name": "BTC-9JAN26", "bids": [[89785.0, 2530.0], [89782.5, 2500.0], [89780.0, 14910.0], [89777.5, 10.0], [89767.5, 2500.0], [89765.0, 750.0], [89762.5, 2500.0], [89760.0, 900.0], [89757.5, 3000.0], [89755.0, 60.0], [89750.0, 50.0], [89745.0, 600.0], [89742.5, 2000.0], [89715.0, 610.0], [89712.5, 2000.0], [89710.0, 50.0], [89695.0, 710.0], [89692.5, 2380.0], [89690.0, 1340.0], [89685.0, 5080.0]], "asks": [[89790.0, 33470.0], [89792.5, 21550.0], [89835.0, 7450.0], [89837.5, 24970.0], [89860.0, 600.0], [89862.5, 2000.0], [89890.0, 600.0], [89892.5, 2000.0], [89920.0, 900.0], [89922.5, 3000.0], [89975.0, 14920.0], [89977.5, 49980.0], [89980.0, 26440.0], [89982.5, 94270.0], [89990.0, 25690.0], [89997.5, 50.0], [90052.5, 500.0], [90072.5, 90.0], [90085.0, 3680.0], [90097.5, 50.0]]}}}
{"jsonrpc": "2.0", "method": "subscription", "params": {"channel": "book.BTC-9JAN26.none.20.100ms", "data": {"timestamp": 1767436045578, "change_id": 134194710153, "instrument_name": "BTC-9JAN26", "bids": [[89785.0, 2530.0], [89782.5, 2500.0], [89780.0, 14910.0], [89777.5, 10.0], [89767.5, 2500.0], [89765.0, 750.0], [89762.5, 2500.0], [89760.0, 900.0], [89757.5, 3000.0], [89755.0, 60.0], [89750.0, 50.0], [89745.0, 600.0], [89742.5, 2000.0], [89715.0, 610.0], [89712.5, 2000.0], [89710.0, 50.0], [89695.0, 710.0], [89692.5, 2380.0], [89690.0, 1340.0], [89685.0, 5080.0]], "asks": [[89790.0, 27040.0], [89835.0, 7450.0], [89837.5, 24970.0], [89860.0, 600.0], [89862.5, 2000.0], [89890.0, 600.0], [89892.5, 2000.0], [89920.0, 900.0], [89922.5, 3000.0], [89975.0, 14920.0], [89977.5, 49980.0], [89980.0, 26440.0], [89982.5, 94270.0], [89990.0, 25690.0], [89997.5, 50.0], [90052.5, 500.0], [90072.5, 90.0], [90085.0, 3680.0], [90097.5, 50.0], [90150.0, 50890.0]]}}}
{"jsonrpc": "2.0", "method": "subscription", "params": {"channel": "book.BTC-9JAN26.none.20.100ms", "data": {"timestamp": 1767436046084, "change_id": 134194710641, "instrument_name": "BTC-9JAN26", "bids": [[89785.0, 30.0], [89782.5, 2500.0], [89780.0, 14910.0], [89777.5, 10.0], [89767.5, 2500.0], [89765.0, 750.0], [89762.5, 2500.0], [89760.0, 900.0], [89757.5, 3000.0], [89755.0, 60.0], [89750.0, 50.0], [89745.0, 600.0], [89742.5, 2000.0], [89715.0, 610.0], [89712.5, 2000.0], [89710.0, 50.0], [89695.0, 710.0], [89692.5, 2380.0], [89690.0, 1340.0], [89685.0, 5080.0]], "asks": [[89790.0, 27040.0], [89835.0, 7450.0], [89837.5, 24970.0], [89860.0, 600.0], [89862.5, 2000.0], [89890.0, 600.0], [89892.5, 2000.0], [89920.0, 900.0], [89922.5, 3000.0], [89975.0, 14920.0], [89977.5, 49980.0], [89980.0, 26440.0], [89982.5, 94270.0], [89990.0, 25690.0], [89997.5, 50.0], [90052.5, 500.0], [90072.5, 90.0], [90085.0, 3680.0], [90097.5, 50.0], [90150.0, 50890.0]]}}}
{"jsonrpc": "2.0", "method": "subscription", "params": {"channel": "book.BTC-16JAN26.none.20.100ms", "data": {"timestamp": 1767436046370, "change_id": 134194710750, "instrument_name": "BTC-16JAN26", "bids": [[89865.0, 2000.0], [89862.5, 600.0], [89860.0, 2000.0], [89857.5, 3400.0], [89855.0, 5300.0], [89852.5, 2000.0], [89850.0, 600.0], [89847.5, 2000.0], [89845.0, 1490.0], [89842.5, 2000.0], [89840.0, 3000.0], [89827.5, 10.0], [89792.5, 1830.0], [89790.0, 6120.0], [89767.5, 1400.0], [89765.0, 4700.0], [89760.0, 19690.0], [89757.5, 50000.0], [89755.0, 15950.0], [89727.5, 6270.0]], "asks": [[89867.5, 6700.0], [89870.0, 600.0], [89872.5, 2000.0], [89875.0, 900.0], [89877.5, 3000.0], [89912.5, 4830.0], [89915.0, 16180.0], [89917.5, 600.0], [89920.0, 2000.0], [89947.5, 600.0], [89950.0, 2000.0], [89957.5, 1400.0], [89960.0, 6580.0], [89962.5, 6290.0], [89977.5, 600.0], [89980.0, 2000.0], [90035.0, 5760.0], [90037.5, 19300.0], [90077.5, 110.0], [90095.0, 60.0]]}}}
{"jsonrpc": "2.0", "method": "subscription", "params": {"channel": "book.BTC-9JAN26.none.20.100ms", "data": {"timestamp": 1767436046498, "change_id": 134194710893, "instrument_name": "BTC-9JAN26", "bids": [[89785.0, 2530.0], [89782.5, 2500.0], [89780.0, 14910.0], [89777.5, 10.0], [89767.5, 2500.0], [89765.0, 750.0], [89762.5, 2500.0], [89760.0, 900.0], [89757.5, 3000.0], [89755.0, 60.0], [89750.0, 50.0], [89745.0, 600.0], [89742.5, 2000.0], [89715.0, 610.0], [89712.5, 2000.0], [89710.0, 50.0], [89695.0, 710.0], [89692.5, 2380.0], [89690.0, 1340.0], [89685.0, 5080.0]], "asks": [[89790.0, 27040.0], [89835.0, 7450.0], [89837.5, 24970.0], [89860.0, 600.0], [89862.5, 2000.0], [89890.0, 600.0], [89892.5, 2000.0], [89920.0, 900.0], [89922.5, 3000.0], [89975.0, 14920.0], [89977.5, 49980.0], [89980.0, 26440.0], [89982.5, 94270.0], [89990.0, 25690.0], [89997.5, 50.0], [90052.5, 500.0], [90072.5, 90.0], [90085.0, 3680.0], [90097.5, 50.0], [90150.0, 50890.0]]}}}
{"jsonrpc": "2.0", "method": "subscription", "params": {"channel": "book.BTC-16JAN26.none.20.100ms", "data": {"timestamp": 1767436047356, "change_id": 134194711586, "instrument_name": "BTC-16JAN26", "bids": [[89865.0, 2000.0], [89862.5, 600.0], [89860.0, 2000.0], [89857.5, 3400.0], [89855.0, 5300.0], [89852.5, 2000.0], [89850.0, 600.0], [89847.5, 2000.0], [89845.0, 1490.0], [89842.5, 2000.0], [89840.0, 3000.0], [89827.5, 10.0], [89792.5, 1830.0], [89790.0, 6120.0], [89767.5, 1400.0], [89765.0, 4700.0], [89760.0, 19690.0], [89757.5, 50000.0], [89755.0, 15950.0], [89727.5, 6270.0]], "asks": [[89867.5, 6700.0], [89870.0, 1120.0], [89872.5, 2000.0], [89875.0, 2900.0], [89877.5, 3000.0], [89912.5, 4830.0], [89915.0, 16180.0], [89917.5, 600.0], [89920.0, 2000.0], [89947.5, 600.0], [89950.0, 2000.0], [89957.5, 1400.0], [89960.0, 6580.0], [89962.5, 6290.0], [89977.5, 600.0], [89980.0, 2000.0], [90035.0, 5760.0], [90037.5, 19300.0], [90077.5, 110.0], [90095.0, 60.0]]}}}
{"jsonrpc": "2.0", "method": "subscription", "params": {"channel": "book.BTC-9JAN26.none.20.100ms", "data": {"timestamp": 1767436047610, "change_id": 134194711838, "instrument_name": "BTC-9JAN26", "bids": [[89785.0, 30.0], [89782.5, 2500.0], [89780.0, 14910.0], [89777.5, 10.0], [89767.5, 2500.0], [89765.0, 750.0], [89762.5, 2500.0], [89760.0, 900.0], [89757.5, 3000.0], [89755.0, 60.0], [89750.0, 50.0], [89745.0, 600.0], [89742.5, 2000.0], [89715.0, 610.0], [89712.5, 2000.0], [89710.0, 50.0], [89695.0, 710.0], [89692.5, 2380.0], [89690.0, 1340.0], [89685.0, 5080.0]], "asks": [[89790.0, 27040.0], [89835.0, 7450.0], [89837.5, 24970.0], [89860.0, 600.0], [89862.5, 2000.0], [89890.0, 600.0], [89892.5, 2000.0], [89920.0, 900.0], [89922.5, 3000.0], [89975.0, 14920.0], [89977.5, 49980.0], [89980.0, 26440.0], [89982.5, 94270.0], [89990.0, 25690.0], [89997.5, 50.0], [90052.5, 500.0], [90072.5, 90.0], [90085.0, 3680.0], [90097.5, 50.0], [90150.0, 50890.0]]}}}
{"jsonrpc": "2.0", "method": "subscription", "params": {"channel": "book.BTC-16JAN26.none.20.100ms", "data": {"timestamp": 1767436048576, "change_id": 134194712636, "instrument_name": "BTC-16JAN26", "bids": [[89865.0, 2000.0], [89862.5, 600.0], [89860.0, 2000.0], [89857.5, 3400.0], [89855.0, 5300.0], [89852.5, 2000.0], [89850.0, 600.0], [89847.5, 2000.0], [89845.0, 1490.0], [89842.5, 2000.0], [89840.0, 3000.0], [89827.5, 10.0], [89797.5, 1830.0], [89795.0, 6120.0], [89767.5, 1400.0], [89765.0, 4700.0], [89760.0, 19690.0], [89757.5, 50000.0], [89755.0, 15950.0], [89727.5, 6270.0]], "asks": [[89867.5, 6700.0], [89870.0, 1120.0], [89872.5, 2000.0], [89875.0, 2900.0], [89877.5, 3000.0], [89912.5, 4830.0], [89915.0, 16180.0], [89917.5, 600.0], [89920.0, 2000.0], [89947.5, 600.0], [89950.0, 2000.0], [89957.5, 1400.0], [89960.0, 6580.0], [89962.5, 6290.0], [89977.5, 600.0], [89980.0, 2000.0], [90035.0, 5760.0], [90037.5, 19300.0], [90077.5, 110.0], [90095.0, 60.0]]}}}
{"jsonrpc": "2.0", "method": "subscription", "params": {"channel": "book.BTC-9JAN26.none.20.100ms", "data": {"timestamp": 1767436048475, "change_id": 134194712447, "instrument_name": "BTC-9JAN26", "bids": [[89785.0, 2530.0], [89782.5, 2500.0], [89780.0, 14910.0], [89777.5, 10.0], [89767.5, 2500.0], [89765.0, 750.0], [89762.5, 2500.0], [89760.0, 900.0], [89757.5, 3000.0], [89755.0, 60.0], [89750.0, 50.0], [89745.0, 600.0], [89742.5, 2000.0], [89715.0, 610.0], [89712.5, 2000.0], [89710.0, 50.0], [89695.0, 710.0], [89692.5, 2380.0], [89690.0, 1340.0], [89685.0, 5080.0]], "asks": [[89790.0, 27040.0], [89835.0, 7450.0], [89837.5, 24970.0], [89860.0, 600.0], [89862.5, 2000.0], [89890.0, 600.0], [89892.5, 2000.0], [89920.0, 900.0], [89922.5, 3000.0], [89975.0, 14920.0], [89977.5, 49980.0], [89980.0, 26440.0], [89982.5, 94270.0], [89990.0, 25690.0], [89997.5, 50.0], [90052.5, 500.0], [90072.5, 90.0], [90085.0, 3680.0], [90097.5, 50.0], [90150.0, 50890.0]]}}}
{"jsonrpc": "2.0", "method": "subscription", "params": {"channel": "book.BTC-9JAN26.none.20.100ms", "data": {"timestamp": 1767436048605, "change_id": 134194712640, "instrument_name": "BTC-9JAN26", "bids": [[89785.0, 2530.0], [89782.5, 2500.0], [89780.0, 14910.0], [89777.5, 10.0], [89767.5, 2500.0], [89765.0, 750.0], [89762.5, 2500.0], [89760.0, 900.0], [89757.5, 3000.0], [89755.0, 60.0], [89750.0, 50.0], [89745.0, 600.0], [89742.5, 2000.0], [89715.0, 610.0], [89712.5, 2000.0], [89710.0, 50.0], [89695.0, 710.0], [89692.5, 2380.0], [89690.0, 1340.0], [89685.0, 5080.0]], "asks": [[89790.0, 5500.0], [89835.0, 7450.0], [89837.5, 24970.0], [89860.0, 600.0], [89862.5, 2000.0], [89890.0, 600.0], [89892.5, 2000.0], [89920.0, 900.0], [89922.5, 3000.0], [89975.0, 14920.0], [89977.5, 49980.0], [89980.0, 26440.0], [89982.5, 94270.0], [89990.0, 25690.0], [89997.5, 50.0], [90052.5, 500.0], [90072.5, 90.0], [90085.0, 3680.0], [90097.5, 50.0], [90150.0, 50890.0]]}}}
{"jsonrpc": "2.0", "method": "subscription", "params": {"channel": "book.BTC-9JAN26.none.20.100ms", "data": {"timestamp": 1767436049175, "change_id": 134194713161, "instrument_name": "BTC-9JAN26", "bids": [[89785.0, 2530.0], [89782.5, 2500.0], [89780.0, 4910.0], [89777.5, 10010.0], [89767.5, 2500.0], [89765.0, 750.0], [89762.5, 2500.0], [89760.0, 900.0], [89757.5, 3000.0], [89755.0, 60.0], [89750.0, 50.0], [89745.0, 600.0], [89742.5, 2000.0], [89715.0, 610.0], [89712.5, 2000.0], [89710.0, 50.0], [89695.0, 710.0], [89692.5, 2380.0], [89690.0, 1340.0], [89685.0, 5080.0]], "asks": [[89787.5, 43080.0], [89790.0, 3000.0], [89835.0, 7450.0], [89837.5, 24970.0], [89860.0, 600.0], [89862.5, 2000.0], [89890.0, 600.0], [89892.5, 2000.0], [89920.0, 900.0], [89922.5, 3000.0], [89975.0, 14920.0], [89977.5, 49980.0], [89980.0, 26440.0], [89982.5, 94270.0], [89990.0, 25690.0], [89997.5, 50.0], [90052.5, 500.0], [90072.5, 90.0], [90085.0, 3680.0], [90097.5, 50.0]]}}}
{"jsonrpc": "2.0", "method": "subscription", "params": {"channel": "book.BTC-16JAN26.none.20.100ms", "data": {"timestamp": 1767436049474, "change_id": 134194713304, "instrument_name": "BTC-16JAN26", "bids": [[89865.0, 2000.0], [89860.0, 4000.0], [89857.5, 2000.0], [89855.0, 5300.0], [89852.5, 2000.0], [89850.0, 600.0], [89847.5, 2000.0], [89845.0, 1490.0], [89842.5, 2000.0], [89840.0, 3000.0], [89827.5, 10.0], [89797.5, 1830.0], [89795.0, 6120.0], [89767.5, 1400.0], [89765.0, 4700.0], [89760.0, 19690.0], [89757.5, 50000.0], [89755.0, 15950.0], [89727.5, 6270.0], [89712.5, 5500.0]], "asks": [[89867.5, 6700.0], [89870.0, 1120.0], [89872.5, 2000.0], [89875.0, 2900.0], [89877.5, 3000.0], [89912.5, 4830.0], [89915.0, 16180.0], [89917.5, 600.0], [89920.0, 2000.0], [89947.5, 600.0], [89950.0, 2000.0], [89957.5, 1400.0], [89960.0, 6580.0], [89962.5, 6290.0], [89977.5, 600.0], [89980.0, 2000.0], [90035.0, 5760.0], [90037.5, 19300.0], [90077.5, 110.0], [90095.0, 60.0]]}}}
{"jsonrpc": "2.0", "method": "subscription", "params": {"channel": "book.BTC-9JAN26.none.20.100ms", "data": {"timestamp": 1767436049464, "change_id": 134194713299, "instrument_name": "BTC-9JAN26", "bids": [[89785.0, 2530.0], [89782.5, 2500.0], [89780.0, 4910.0], [89777.5, 10010.0], [89767.5, 2500.0], [89765.0, 750.0], [89762.5, 2500.0], [89760.0, 900.0], [89757.5, 3000.0], [89755.0, 60.0], [89750.0, 50.0], [89745.0, 600.0], [89742.5, 2000.0], [89715.0, 610.0], [89712.5, 2000.0], [89710.0, 50.0], [89695.0, 710.0], [89692.5, 2380.0], [89690.0, 1340.0], [89685.0, 5080.0]], "asks": [[89787.5, 43080.0], [89790.0, 3000.0], [89835.0, 7450.0], [89837.5, 24970.0], [89860.0, 600.0], [89862.5, 2000.0], [89890.0, 600.0], [89892.5, 2000.0], [89920.0, 900.0], [89922.5, 3000.0], [89975.0, 14920.0], [89977.5, 49980.0], [89980.0, 26440.0], [89982.5, 94270.0], [89990.0, 25690.0], [89997.5, 50.0], [90052.5, 500.0], [90072.5, 90.0], [90085.0, 3680.0], [90097.5, 50.0]]}}}
{"jsonrpc": "2.0", "method": "subscription", "params": {"channel": "book.BTC-9JAN26.none.20.100ms", "data": {"timestamp": 1767436049676, "change_id": 134194713506, "instrument_name": "BTC-9JAN26", "bids": [[89785.0, 2530.0], [89782.5, 2500.0], [89780.0, 4910.0], [89777.5, 10010.0], [89767.5, 2500.0], [89765.0, 750.0], [89762.5, 2500.0], [89760.0, 900.0], [89757.5, 3000.0], [89755.0, 60.0], [89750.0, 50.0], [89745.0, 600.0], [89742.5, 2000.0], [89715.0, 610.0], [89712.5, 2000.0], [89710.0, 50.0], [89695.0, 710.0], [89692.5, 2380.0], [89690.0, 1340.0], [89685.0, 5080.0]], "asks": [[89787.5, 21540.0], [89790.0, 3000.0], [89835.0, 7450.0], [89837.5, 24970.0], [89860.0, 600.0], [89862.5, 2000.0], [89890.0, 600.0], [89892.5, 2000.0], [89920.0, 900.0], [89922.5, 3000.0], [89975.0, 14920.0], [89977.5, 49980.0], [89980.0, 26440.0], [89982.5, 94270.0], [89990.0, 25690.0], [89997.5, 50.0], [90052.5, 500.0], [90072.5, 90.0], [90085.0, 3680.0], [90097.5, 50.0]]}}}
{"jsonrpc": "2.0", "method": "subscription", "params": {"channel": "book.BTC-16JAN26.none.20.100ms", "data": {"timestamp": 1767436050321, "change_id": 134194714041, "instrument_name": "BTC-16JAN26", "bids": [[89865.0, 2000.0], [89862.5, 2000.0], [89860.0, 2000.0], [89857.5, 2000.0], [89855.0, 5300.0], [89852.5, 2000.0], [89850.0, 600.0], [89847.5, 2000.0], [89845.0, 1490.0], [89842.5, 2000.0], [89840.0, 3000.0], [89827.5, 10.0], [89797.5, 1830.0], [89795.0, 6120.0], [89767.5, 1400.0], [89765.0, 4700.0], [89760.0, 19690.0], [89757.5, 50000.0], [89755.0, 15950.0], [89727.5, 6270.0]], "asks": [[89867.5, 6700.0], [89870.0, 1120.0], [89872.5, 2000.0], [89875.0, 2900.0], [89877.5, 3000.0], [89912.5, 4830.0], [89915.0, 16180.0], [89917.5, 600.0], [89920.0, 2000.0], [89947.5, 600.0], [89950.0, 2000.0], [89957.5, 1400.0], [89960.0, 6580.0], [89962.5, 6290.0], [89977.5, 600.0], [89980.0, 2000.0], [90035.0, 5760.0], [90037.5, 19300.0], [90077.5, 110.0], [90095.0, 60.0]]}}}
{"jsonrpc": "2.0", "method": "subscription", "params": {"channel": "book.BTC-9JAN26.none.20.100ms", "data": {"timestamp": 1767436050450, "change_id": 134194714085, "instrument_name": "BTC-9JAN26", "bids": [[89785.0, 2530.0], [89782.5, 2500.0], [89780.0, 4910.0], [89777.5, 10010.0], [89767.5, 2500.0], [89765.0, 750.0], [89762.5, 2500.0], [89760.0, 900.0], [89757.5, 3000.0], [89755.0, 60.0], [89750.0, 50.0], [89745.0, 600.0], [89742.5, 2000.0], [89715.0, 610.0], [89712.5, 2000.0], [89710.0, 50.0], [89695.0, 710.0], [89692.5, 2380.0], [89690.0, 1340.0], [89685.0, 5080.0]], "asks": [[89787.5, 43080.0], [89790.0, 3000.0], [89835.0, 7450.0], [89837.5, 24970.0], [89860.0, 600.0], [89862.5, 2000.0], [89890.0, 600.0], [89892.5, 2000.0], [89920.0, 900.0], [89922.5, 3000.0], [89975.0, 14920.0], [89977.5, 49980.0], [89980.0, 26440.0], [89982.5, 94270.0], [89990.0, 25690.0], [89997.5, 50.0], [90052.5, 500.0], [90072.5, 90.0], [90085.0, 3680.0], [90097.5, 50.0]]}}}
{"jsonrpc": "2.0", "method": "subscription", "params": {"channel": "book.BTC-9JAN26.none.20.100ms", "data": {"timestamp": 1767436051161, "change_id": 134194714822, "instrument_name": "BTC-9JAN26", "bids": [[89785.0, 30.0], [89782.5, 2500.0], [89780.0, 4910.0], [89777.5, 10010.0], [89767.5, 2500.0], [89765.0, 750.0], [89762.5, 2500.0], [89760.0, 900.0], [89757.5, 3000.0], [89755.0, 60.0], [89750.0, 50.0], [89745.0, 600.0], [89742.5, 2000.0], [89715.0, 610.0], [89712.5, 2000.0], [89710.0, 50.0], [89695.0, 710.0], [89692.5, 2380.0], [89690.0, 1340.0], [89685.0, 5080.0]], "asks": [[89787.5, 21540.0], [89790.0, 3000.0], [89835.0, 7450.0], [89837.5, 24970.0], [89860.0, 600.0], [89862.5, 2000.0], [89890.0, 600.0], [89892.5, 2000.0], [89920.0, 900.0], [89922.5, 3000.0], [89975.0, 14920.0], [89977.5, 49980.0], [89980.0, 26440.0], [89982.5, 94270.0], [89990.0, 25690.0], [89997.5, 50.0], [90052.5, 500.0], [90072.5, 90.0], [90085.0, 3680.0], [90097.5, 50.0]]}}}
{"jsonrpc": "2.0", "method": "subscription", "params": {"channel": "book.BTC-9JAN26.none.20.100ms", "data": {"timestamp": 1767436051442, "change_id": 134194714958, "instrument_name": "BTC-9JAN26", "bids": [[89785.0, 2530.0], [89782.5, 2500.0], [89780.0, 4910.0], [89777.5, 10010.0], [89767.5, 2500.0], [89765.0, 750.0], [89762.5, 2500.0], [89760.0, 900.0], [89757.5, 3000.0], [89755.0, 60.0], [89750.0, 50.0], [89745.0, 600.0], [89742.5, 2000.0], [89715.0, 610.0], [89712.5, 2000.0], [89710.0, 50.0], [89695.0, 710.0], [89692.5, 2380.0], [89690.0, 1340.0], [89685.0, 5080.0]], "asks": [[89787.5, 21540.0], [89790.0, 3000.0], [89835.0, 7450.0], [89837.5, 24970.0], [89860.0, 600.0], [89862.5, 2000.0], [89890.0, 600.0], [89892.5, 2000.0], [89920.0, 900.0], [89922.5, 3000.0], [89975.0, 14920.0], [89977.5, 49980.0], [89980.0, 26440.0], [89982.5, 94270.0], [89990.0, 25690.0], [89997.5, 50.0], [90052.5, 500.0], [90072.5, 90.0], [90085.0, 3680.0], [90097.5, 50.0]]}}}
{"jsonrpc": "2.0", "method": "subscription", "params": {"channel": "book.BTC-16JAN26.none.20.100ms", "data": {"timestamp": 1767436051905, "change_id": 134194715585, "instrument_name": "BTC-16JAN26", "bids": [[89862.5, 2000.0], [89860.0, 2000.0], [89857.5, 2000.0], [89855.0, 5300.0], [89852.5, 2000.0], [89850.0, 600.0], [89847.5, 2000.0], [89845.0, 1490.0], [89842.5, 2000.0], [89840.0, 3000.0], [89827.5, 10.0], [89797.5, 1830.0], [89795.0, 6120.0], [89767.5, 1400.0], [89765.0, 4700.0], [89760.0, 19690.0], [89757.5, 50000.0], [89755.0, 15950.0], [89727.5, 6270.0], [89712.5, 5500.0]], "asks": [[89867.5, 6700.0], [89870.0, 1120.0], [89872.5, 2000.0], [89875.0, 2900.0], [89877.5, 3000.0], [89912.5, 4830.0], [89915.0, 16180.0], [89917.5, 600.0], [89920.0, 2000.0], [89947.5, 600.0], [89950.0, 2000.0], [89957.5, 1400.0], [89960.0, 6580.0], [89962.5, 6290.0], [89977.5, 600.0], [89980.0, 2000.0], [90035.0, 5760.0], [90037.5, 19300.0], [90077.5, 110.0], [90095.0, 60.0]]}}}
{"jsonrpc": "2.0", "method": "subscription", "params": {"channel": "book.BTC-16JAN26.none.20.100ms", "data": {"timestamp": 1767436052300, "change_id": 134194715822, "instrument_name": "BTC-16JAN26", "bids": [[89862.5, 2000.0], [89860.0, 2000.0], [89857.5, 2000.0], [89855.0, 5300.0], [89852.5, 2000.0], [89850.0, 600.0], [89847.5, 2000.0], [89845.0, 1490.0], [89842.5, 2000.0], [89840.0, 3000.0], [89827.5, 10.0], [89797.5, 1830.0], [89795.0, 6120.0], [89767.5, 1400.0], [89765.0, 4700.0], [89760.0, 19690.0], [89757.5, 50000.0], [89755.0, 15950.0], [89727.5, 6270.0], [89712.5, 5500.0]], "asks": [[89865.0, 2000.0], [89867.5, 6700.0], [89870.0, 1120.0], [89872.5, 2000.0], [89875.0, 2900.0], [89877.5, 3000.0], [89912.5, 4830.0], [89915.0, 16180.0], [89917.5, 600.0], [89920.0, 2000.0], [89947.5, 600.0], [89950.0, 2000.0], [89957.5, 1400.0], [89960.0, 6580.0], [89962.5, 6290.0], [89977.5, 600.0], [89980.0, 2000.0], [90035.0, 5760.0], [90037.5, 19300.0], [90077.5, 110.0]]}}}
{"jsonrpc": "2.0", "method": "subscription", "params": {"channel": "book.BTC-9JAN26.none.20.100ms", "data": {"timestamp": 1767436052802, "change_id": 134194716380, "instrument_name": "BTC-9JAN26", "bids": [[89785.0, 30.0], [89782.5, 2500.0], [89780.0, 4910.0], [89777.5, 10010.0], [89767.5, 2500.0], [89765.0, 750.0], [89762.5, 2500.0], [89760.0, 900.0], [89757.5, 3000.0], [89755.0, 60.0], [89750.0, 50.0], [89745.0, 600.0], [89742.5, 2000.0], [89715.0, 610.0], [89712.5, 2000.0], [89710.0, 50.0], [89695.0, 710.0], [89692.5, 2380.0], [89690.0, 1340.0], [89685.0, 5080.0]], "asks": [[89787.5, 21540.0], [89790.0, 3000.0], [89835.0, 7450.0], [89837.5, 24970.0], [89860.0, 600.0], [89862.5, 2000.0], [89890.0, 600.0], [89892.5, 2000.0], [89920.0, 900.0], [89922.5, 3000.0], [89975.0, 14920.0], [89977.5, 49980.0], [89980.0, 26440.0], [89982.5, 94270.0], [89990.0, 25690.0], [89997.5, 50.0], [90052.5, 500.0], [90072.5, 90.0], [90085.0, 3680.0], [90097.5, 50.0]]}}}
{"jsonrpc": "2.0", "method": "subscription", "params": {"channel": "book.BTC-9JAN26.none.20.100ms", "data": {"timestamp": 1767436053419, "change_id": 134194716697, "instrument_name": "BTC-9JAN26", "bids": [[89785.0, 2530.0], [89782.5, 2500.0], [89780.0, 4910.0], [89777.5, 10010.0], [89767.5, 2500.0], [89765.0, 750.0], [89762.5, 2500.0], [89760.0, 900.0], [89757.5, 3000.0], [89755.0, 60.0], [89750.0, 50.0], [89745.0, 600.0], [89742.5, 2000.0], [89715.0, 610.0], [89712.5, 2000.0], [89710.0, 50.0], [89695.0, 710.0], [89692.5, 2380.0], [89690.0, 1340.0], [89685.0, 5080.0]], "asks": [[89787.5, 43080.0], [89790.0, 3000.0], [89835.0, 7450.0], [89837.5, 24970.0], [89860.0, 600.0], [89862.5, 2000.0], [89890.0, 600.0], [89892.5, 2000.0], [89920.0, 900.0], [89922.5, 3000.0], [89975.0, 14920.0], [89977.5, 49980.0], [89980.0, 26440.0], [89982.5, 94270.0], [89990.0, 25690.0], [89997.5, 50.0], [90052.5, 500.0], [90072.5, 90.0], [90085.0, 3680.0], [90097.5, 50.0]]}}}
{"jsonrpc": "2.0", "method": "subscription", "params": {"channel": "book.BTC-9JAN26.none.20.100ms", "data": {"timestamp": 1767436053767, "change_id": 134194717109, "instrument_name": "BTC-9JAN26", "bids": [[89785.0, 2530.0], [89782.5, 2500.0], [89780.0, 4910.0], [89777.5, 10010.0], [89767.5, 2500.0], [89765.0, 750.0], [89762.5, 2500.0], [89760.0, 900.0], [89757.5, 3000.0], [89755.0, 60.0], [89750.0, 50.0], [89745.0, 600.0], [89742.5, 2000.0], [89715.0, 610.0], [89712.5, 2000.0], [89710.0, 50.0], [89695.0, 710.0], [89692.5, 2380.0], [89690.0, 1340.0], [89685.0, 5080.0]], "asks": [[89787.5, 21540.0], [89790.0, 3000.0], [89835.0, 7450.0], [89837.5, 24970.0], [89860.0, 600.0], [89862.5, 2000.0], [89890.0, 600.0], [89892.5, 2000.0], [89920.0, 900.0], [89922.5, 3000.0], [89975.0, 14920.0], [89977.5, 49980.0], [89980.0, 26440.0], [89982.5, 94270.0], [89990.0, 25690.0], [89997.5, 50.0], [90052.5, 500.0], [90072.5, 90.0], [90085.0, 3680.0], [90097.5, 50.0]]}}}
{"jsonrpc": "2.0", "method": "subscription", "params": {"channel": "book.BTC-16JAN26.none.20.100ms", "data": {"timestamp": 1767436054803, "change_id": 134194718081, "instrument_name": "BTC-16JAN26", "bids": [[89862.5, 2000.0], [89860.0, 600.0], [89857.5, 2000.0], [89855.0, 1920.0], [89852.5, 6700.0], [89850.0, 600.0], [89847.5, 2000.0], [89845.0, 1490.0], [89842.5, 2000.0], [89840.0, 3000.0], [89827.5, 10.0], [89802.5, 1830.0], [89800.0, 6120.0], [89767.5, 1400.0], [89765.0, 4700.0], [89760.0, 19690.0], [89757.5, 50000.0], [89755.0, 15950.0], [89727.5, 6270.0], [89712.5, 5500.0]], "asks": [[89865.0, 2000.0], [89867.5, 6700.0], [89870.0, 1120.0], [89872.5, 2000.0], [89875.0, 2900.0], [89877.5, 3000.0], [89912.5, 4830.0], [89915.0, 16180.0], [89917.5, 600.0], [89920.0, 2000.0], [89947.5, 600.0], [89950.0, 2000.0], [89957.5, 1400.0], [89960.0, 6580.0], [89962.5, 6290.0], [89977.5, 600.0], [89980.0, 2000.0], [90035.0, 5760.0], [90037.5, 19300.0], [90077.5, 110.0]]}}}
