{"jsonrpc": "2.0", "method": "subscription", "params": {"channel": "book.BTC-14MAR25.none.20.100ms", "data": {"timestamp": 1741569666499, "change_id": 91904146595, "instrument_name": "BTC-14MAR25", "bids": [[80975.0, 5780.0], [80967.5, 20.0], [80962.5, 3040.0], [80960.0, 10120.0], [80947.5, 4770.0], [80932.5, 30830.0], [80930.0, 4830.0], [80917.5, 24930.0], [80915.0, 4670.0], [80905.0, 4770.0], [80895.0, 4770.0], [80892.5, 650.0], [80867.5, 4810.0], [80855.0, 105000.0], [80852.5, 4750.0], [80850.0, 31040.0], [80840.0, 4690.0], [80827.5, 4710.0], [80817.5, 35510.0], [80787.5, 1090.0]], "asks": [[80982.5, 10.0], [80985.0, 330.0], [80987.5, 1100.0], [80992.5, 5850.0], [80995.0, 16520.0], [80997.5, 4750.0], [81002.5, 1100.0], [81005.0, 5890.0], [81007.5, 4890.0], [81010.0, 10000.0], [81015.0, 5780.0], [81022.5, 29240.0], [81025.0, 4640.0], [81035.0, 650.0], [81047.5, 4830.0], [81052.5, 24730.0], [81057.5, 4830.0], [81067.5, 4830.0], [81077.5, 4830.0], [81095.0, 34210.0]]}}}
{"jsonrpc": "2.0", "method": "subscription", "params": {"channel": "book.BTC-21MAR25.none.20.100ms", "data": {"timestamp": 1741569666516, "change_id": 91904146650, "instrument_name": "BTC-21MAR25", "bids": [[81062.5, 10000.0], [81055.0, 5770.0], [81052.5, 120.0], [81050.0, 2800.0], [81042.5, 1320.0], [81040.0, 4390.0], [81032.5, 20.0], [81030.0, 4390.0], [81020.0, 4390.0], [81017.5, 7440.0], [81015.0, 74790.0], [81010.0, 4390.0], [80970.0, 19450.0], [80967.5, 20.0], [80915.0, 4470.0], [80905.0, 4490.0], [80887.5, 3630.0], [80885.0, 109390.0], [80875.0, 4480.0], [80872.5, 21840.0]], "asks": [[81085.0, 9730.0], [81087.5, 2800.0], [81090.0, 1730.0], [81092.5, 5770.0], [81102.5, 1350.0], [81105.0, 4510.0], [81112.5, 10000.0], [81120.0, 1330.0], [81122.5, 4420.0], [81132.5, 19430.0], [81147.5, 4520.0], [81150.0, 24860.0], [81162.5, 4540.0], [81197.5, 4520.0], [81200.0, 21850.0], [81212.5, 4520.0], [81227.5, 4540.0], [81237.5, 4560.0], [81240.0, 44630.0], [81247.5, 4400.0]]}}}
{"jsonrpc": "2.0", "method": "subscription", "params": {"channel": "book.BTC-14MAR25.none.20.100ms", "data": {"timestamp": 1741569666848, "change_id": 91904147972, "instrument_name": "BTC-14MAR25", "bids": [[80990.0, 10.0], [80985.0, 4750.0], [80970.0, 9910.0], [80967.5, 20.0], [80962.5, 4770.0], [80960.0, 120.0], [80955.0, 10000.0], [80947.5, 4770.0], [80942.5, 2000.0], [80932.5, 30830.0], [80930.0, 4830.0], [80917.5, 24930.0], [80915.0, 4670.0], [80905.0, 4770.0], [80895.0, 4770.0], [80892.5, 650.0], [80867.5, 4810.0], [80855.0, 105000.0], [80852.5, 4750.0], [80850.0, 31040.0]], "asks": [[81002.5, 1100.0], [81007.5, 120.0], [81010.0, 10000.0], [81022.5, 29240.0], [81025.0, 4640.0], [81035.0, 650.0], [81047.5, 4830.0], [81052.5, 24730.0], [81067.5, 4830.0], [81077.5, 4830.0], [81095.0, 34210.0], [81097.5, 20.0], [81107.5, 4880.0], [81110.0, 4750.0], [81117.5, 4640.0], [81132.5, 4860.0], [81140.0, 60110.0], [81152.5, 4760.0], [81160.0, 500.0], [81162.5, 4820.0]]}}}
{"jsonrpc": "2.0", "method": "subscription", "params": {"channel": "book.BTC-21MAR25.none.20.100ms", "data": {"timestamp": 1741569666845, "change_id": 91904147960, "instrument_name": "BTC-21MAR25", "bids": [[81060.0, 8890.0], [81057.5, 7300.0], [81055.0, 12800.0], [81052.5, 120.0], [81050.0, 4390.0], [81040.0, 4390.0], [81032.5, 20.0], [81020.0, 4390.0], [81015.0, 74790.0], [81010.0, 4390.0], [80970.0, 4480.0], [80967.5, 20.0], [80915.0, 4470.0], [80905.0, 4490.0], [80887.5, 3630.0], [80885.0, 109390.0], [80875.0, 4480.0], [80872.5, 21840.0], [80845.0, 4480.0], [80840.0, 20.0]], "asks": [[81087.5, 2800.0], [81095.0, 5770.0], [81105.0, 4510.0], [81112.5, 10000.0], [81122.5, 4420.0], [81132.5, 19430.0], [81147.5, 4520.0], [81150.0, 24860.0], [81162.5, 4540.0], [81197.5, 4520.0], [81200.0, 21850.0], [81212.5, 4520.0], [81227.5, 4540.0], [81237.5, 4560.0], [81240.0, 44630.0], [81247.5, 4400.0], [81252.5, 500.0], [81265.0, 44280.0], [81285.0, 4580.0], [81292.5, 20.0]]}}}
{"jsonrpc": "2.0", "method": "subscription", "params": {"channel": "book.BTC-14MAR25.none.20.100ms", "data": {"timestamp": 1741569667135, "change_id": 91904149807, "instrument_name": "BTC-14MAR25", "bids": [[81000.0, 2850.0], [80997.5, 4750.0], [80995.0, 6490.0], [80992.5, 5780.0], [80975.0, 14770.0], [80972.5, 120.0], [80967.5, 20.0], [80962.5, 4770.0], [80960.0, 36220.0], [80957.5, 40120.0], [80947.5, 4770.0], [80942.5, 2000.0], [80930.0, 4830.0], [80915.0, 4670.0], [80905.0, 4770.0], [80895.0, 4770.0], [80892.5, 650.0], [80867.5, 4810.0], [80855.0, 105000.0], [80852.5, 4750.0]], "asks": [[81010.0, 10.0], [81015.0, 1100.0], [81017.5, 1100.0], [81020.0, 120.0], [81022.5, 10000.0], [81030.0, 5780.0], [81035.0, 4770.0], [81042.5, 15740.0], [81045.0, 29240.0], [81047.5, 4830.0], [81067.5, 4830.0], [81077.5, 4830.0], [81095.0, 34210.0], [81097.5, 20.0], [81107.5, 4880.0], [81110.0, 4750.0], [81117.5, 4640.0], [81132.5, 4860.0], [81140.0, 60110.0], [81152.5, 4760.0]]}}}
{"jsonrpc": "2.0", "method": "subscription", "params": {"channel": "book.BTC-21MAR25.none.20.100ms", "data": {"timestamp": 1741569667158, "change_id": 91904149820, "instrument_name": "BTC-21MAR25", "bids": [[81082.5, 1350.0], [81080.0, 8850.0], [81077.5, 14500.0], [81072.5, 2920.0], [81070.0, 7190.0], [81067.5, 5770.0], [81060.0, 4390.0], [81057.5, 27900.0], [81055.0, 2800.0], [81050.0, 54390.0], [81045.0, 40160.0], [81040.0, 4390.0], [81032.5, 20.0], [81020.0, 4390.0], [81010.0, 4390.0], [80995.0, 14970.0], [80970.0, 4480.0], [80967.5, 20.0], [80915.0, 4470.0], [80905.0, 4990.0]], "asks": [[81105.0, 5770.0], [81117.5, 120.0], [81122.5, 4420.0], [81125.0, 10000.0], [81132.5, 4420.0], [81147.5, 4520.0], [81162.5, 4540.0], [81172.5, 4390.0], [81195.0, 15010.0], [81197.5, 4520.0], [81200.0, 21850.0], [81212.5, 4520.0], [81227.5, 4540.0], [81237.5, 4560.0], [81240.0, 44630.0], [81247.5, 4400.0], [81265.0, 44280.0], [81280.0, 500.0], [81285.0, 4580.0], [81292.5, 20.0]]}}}
{"jsonrpc": "2.0", "method": "subscription", "params": {"channel": "book.BTC-14MAR25.none.20.100ms", "data": {"timestamp": 1741569667481, "change_id": 91904151134, "instrument_name": "BTC-14MAR25", "bids": [[80967.5, 20.0], [80952.5, 3120.0], [80950.0, 10000.0], [80945.0, 24220.0], [80942.5, 6770.0], [80932.5, 30830.0], [80930.0, 4830.0], [80915.0, 4670.0], [80907.5, 650.0], [80905.0, 4770.0], [80895.0, 4770.0], [80867.5, 4810.0], [80862.5, 30690.0], [80855.0, 105000.0], [80852.5, 4750.0], [80850.0, 31040.0], [80840.0, 4690.0], [80827.5, 4710.0], [80817.5, 4820.0], [80785.0, 3630.0]], "asks": [[80995.0, 10.0], [80997.5, 10530.0], [81002.5, 15090.0], [81005.0, 1100.0], [81010.0, 19520.0], [81015.0, 1100.0], [81017.5, 1100.0], [81020.0, 120.0], [81025.0, 4770.0], [81035.0, 4770.0], [81042.5, 650.0], [81045.0, 29240.0], [81047.5, 28790.0], [81067.5, 4830.0], [81077.5, 4830.0], [81095.0, 34210.0], [81097.5, 35020.0], [81107.5, 4880.0], [81110.0, 4750.0], [81117.5, 4640.0]]}}}
{"jsonrpc": "2.0", "method": "subscription", "params": {"channel": "book.BTC-21MAR25.none.20.100ms", "data": {"timestamp": 1741569667509, "change_id": 91904151137, "instrument_name": "BTC-21MAR25", "bids": [[81050.0, 10000.0], [81047.5, 50000.0], [81045.0, 8620.0], [81042.5, 23940.0], [81040.0, 4390.0], [81032.5, 20.0], [81022.5, 1320.0], [81020.0, 4390.0], [81012.5, 1320.0], [81010.0, 4390.0], [80980.0, 8880.0], [80977.5, 14970.0], [80972.5, 1340.0], [80970.0, 4480.0], [80967.5, 20.0], [80917.5, 1340.0], [80915.0, 4470.0], [80905.0, 4990.0], [80887.5, 3630.0], [80885.0, 109390.0]], "asks": [[81070.0, 3080.0], [81072.5, 4500.0], [81075.0, 5770.0], [81102.5, 8890.0], [81110.0, 10000.0], [81117.5, 120.0], [81122.5, 4420.0], [81132.5, 4420.0], [81145.0, 25070.0], [81147.5, 4520.0], [81160.0, 15010.0], [81162.5, 4540.0], [81172.5, 39390.0], [81197.5, 4520.0], [81200.0, 21850.0], [81212.5, 4520.0], [81227.5, 4540.0], [81237.5, 4560.0], [81240.0, 44630.0], [81247.5, 4400.0]]}}}
{"jsonrpc": "2.0", "method": "subscription", "params": {"channel": "book.BTC-14MAR25.none.20.100ms", "data": {"timestamp": 1741569667828, "change_id": 91904152528, "instrument_name": "BTC-14MAR25", "bids": [[80975.0, 8760.0], [80972.5, 4750.0], [80970.0, 25780.0], [80967.5, 20.0], [80952.5, 4890.0], [80950.0, 10000.0], [80945.0, 24220.0], [80942.5, 4770.0], [80932.5, 30830.0], [80930.0, 4830.0], [80917.5, 1400.0], [80915.0, 4670.0], [80907.5, 650.0], [80905.0, 4770.0], [80895.0, 4770.0], [80867.5, 4810.0], [80862.5, 30690.0], [80855.0, 105000.0], [80852.5, 4750.0], [80850.0, 31040.0]], "asks": [[80992.5, 1100.0], [80995.0, 19850.0], [81000.0, 10000.0], [81010.0, 5900.0], [81015.0, 5870.0], [81017.5, 1100.0], [81025.0, 4770.0], [81032.5, 29240.0], [81035.0, 4770.0], [81042.5, 650.0], [81047.5, 28790.0], [81067.5, 4830.0], [81077.5, 4830.0], [81095.0, 34210.0], [81097.5, 35020.0], [81107.5, 4880.0], [81110.0, 4750.0], [81117.5, 4640.0], [81132.5, 4860.0], [81140.0, 60110.0]]}}}
{"jsonrpc": "2.0", "method": "subscription", "params": {"channel": "book.BTC-21MAR25.none.20.100ms", "data": {"timestamp": 1741569667825, "change_id": 91904152523, "instrument_name": "BTC-21MAR25", "bids": [[81060.0, 2800.0], [81055.0, 4500.0], [81050.0, 10000.0], [81047.5, 5770.0], [81045.0, 120.0], [81042.5, 73940.0], [81040.0, 4390.0], [81032.5, 20.0], [81030.0, 4390.0], [81020.0, 4390.0], [81010.0, 4390.0], [80980.0, 4390.0], [80977.5, 14970.0], [80970.0, 4480.0], [80967.5, 20.0], [80917.5, 1340.0], [80915.0, 4470.0], [80907.5, 1500.0], [80905.0, 4990.0], [80887.5, 3630.0]], "asks": [[81080.0, 4500.0], [81085.0, 5770.0], [81095.0, 120.0], [81102.5, 4390.0], [81110.0, 10000.0], [81122.5, 4420.0], [81132.5, 4420.0], [81145.0, 25070.0], [81147.5, 4520.0], [81160.0, 15010.0], [81162.5, 4540.0], [81172.5, 39390.0], [81197.5, 4520.0], [81200.0, 21850.0], [81212.5, 4520.0], [81227.5, 4540.0], [81237.5, 4560.0], [81240.0, 44630.0], [81247.5, 4400.0], [81265.0, 44280.0]]}}}
{"jsonrpc": "2.0", "method": "subscription", "params": {"channel": "book.BTC-14MAR25.none.20.100ms", "data": {"timestamp": 1741569668113, "change_id": 91904153922, "instrument_name": "BTC-14MAR25", "bids": [[80967.5, 30.0], [80952.5, 120.0], [80950.0, 10000.0], [80932.5, 23840.0], [80930.0, 4830.0], [80922.5, 9250.0], [80920.0, 30830.0], [80915.0, 4670.0], [80907.5, 1430.0], [80905.0, 4770.0], [80897.5, 1430.0], [80895.0, 4770.0], [80867.5, 4810.0], [80865.0, 9210.0], [80862.5, 30690.0], [80855.0, 105000.0], [80852.5, 14060.0], [80850.0, 31040.0], [80840.0, 4690.0], [80827.5, 4710.0]], "asks": [[80970.0, 10.0], [80985.0, 4750.0], [80990.0, 7710.0], [80992.5, 5850.0], [80995.0, 19840.0], [80997.5, 3000.0], [81000.0, 15900.0], [81002.5, 4770.0], [81015.0, 4770.0], [81025.0, 4770.0], [81032.5, 29240.0], [81035.0, 4770.0], [81042.5, 650.0], [81047.5, 28790.0], [81067.5, 4830.0], [81077.5, 4830.0], [81095.0, 34210.0], [81097.5, 35020.0], [81107.5, 4880.0], [81110.0, 4750.0]]}}}
{"jsonrpc": "2.0", "method": "subscription", "params": {"channel": "book.BTC-21MAR25.none.20.100ms", "data": {"timestamp": 1741569668165, "change_id": 91904153920, "instrument_name": "BTC-21MAR25", "bids": [[81050.0, 10000.0], [81045.0, 120.0], [81040.0, 1730.0], [81037.5, 5770.0], [81032.5, 1340.0], [81030.0, 4390.0], [81027.5, 24970.0], [81025.0, 1320.0], [81020.0, 4390.0], [81012.5, 1320.0], [81010.0, 4390.0], [80982.5, 1320.0], [80980.0, 4390.0], [80977.5, 64970.0], [80970.0, 4480.0], [80967.5, 20.0], [80915.0, 4470.0], [80905.0, 4490.0], [80887.5, 3630.0], [80885.0, 109390.0]], "asks": [[81070.0, 4500.0], [81072.5, 5770.0], [81075.0, 4500.0], [81080.0, 4390.0], [81095.0, 120.0], [81097.5, 10000.0], [81102.5, 4390.0], [81122.5, 4420.0], [81132.5, 4420.0], [81145.0, 25070.0], [81147.5, 4520.0], [81160.0, 15010.0], [81162.5, 4540.0], [81172.5, 4390.0], [81197.5, 4520.0], [81200.0, 21850.0], [81212.5, 4520.0], [81227.5, 4540.0], [81237.5, 4560.0], [81240.0, 44630.0]]}}}
{"jsonrpc": "2.0", "method": "subscription", "params": {"channel": "book.BTC-14MAR25.none.20.100ms", "data": {"timestamp": 1741569668181, "change_id": 91904154387, "instrument_name": "BTC-14MAR25", "bids": [[80967.5, 30.0], [80960.0, 1730.0], [80957.5, 5780.0], [80952.5, 120.0], [80950.0, 10000.0], [80932.5, 23840.0], [80930.0, 4830.0], [80922.5, 9250.0], [80920.0, 30830.0], [80915.0, 4670.0], [80907.5, 1430.0], [80905.0, 4770.0], [80900.0, 650.0], [80897.5, 1430.0], [80895.0, 4770.0], [80867.5, 4810.0], [80865.0, 9210.0], [80862.5, 30690.0], [80855.0, 105000.0], [80852.5, 14060.0]], "asks": [[80985.0, 4750.0], [80990.0, 7710.0], [80992.5, 5850.0], [80995.0, 15090.0], [80997.5, 3000.0], [81000.0, 15900.0], [81002.5, 4770.0], [81015.0, 4770.0], [81025.0, 4770.0], [81032.5, 29240.0], [81035.0, 4770.0], [81042.5, 650.0], [81047.5, 28790.0], [81067.5, 4830.0], [81077.5, 4830.0], [81095.0, 34210.0], [81097.5, 35020.0], [81107.5, 4880.0], [81110.0, 4750.0], [81117.5, 4640.0]]}}}
{"jsonrpc": "2.0", "method": "subscription", "params": {"channel": "book.BTC-21MAR25.none.20.100ms", "data": {"timestamp": 1741569668499, "change_id": 91904154526, "instrument_name": "BTC-21MAR25", "bids": [[81050.0, 10000.0], [81045.0, 120.0], [81040.0, 1730.0], [81037.5, 5770.0], [81032.5, 16170.0], [81030.0, 61880.0], [81027.5, 24970.0], [81025.0, 1320.0], [81020.0, 4390.0], [81012.5, 1320.0], [81010.0, 4390.0], [80982.5, 1320.0], [80980.0, 4390.0], [80977.5, 14970.0], [80970.0, 4480.0], [80967.5, 20.0], [80915.0, 4470.0], [80905.0, 4490.0], [80887.5, 3630.0], [80885.0, 109390.0]], "asks": [[81070.0, 7580.0], [81072.5, 10270.0], [81075.0, 4500.0], [81092.5, 4390.0], [81095.0, 120.0], [81097.5, 10000.0], [81102.5, 4390.0], [81122.5, 4420.0], [81132.5, 4420.0], [81145.0, 25070.0], [81147.5, 6520.0], [81160.0, 15010.0], [81162.5, 4540.0], [81172.5, 4390.0], [81197.5, 4520.0], [81200.0, 21850.0], [81212.5, 4520.0], [81227.5, 4540.0], [81237.5, 4560.0], [81240.0, 44630.0]]}}}
{"jsonrpc": "2.0", "method": "subscription", "params": {"channel": "book.BTC-14MAR25.none.20.100ms", "data": {"timestamp": 1741569668834, "change_id": 91904155062, "instrument_name": "BTC-14MAR25", "bids": [[80967.5, 20.0], [80960.0, 1730.0], [80957.5, 5780.0], [80952.5, 3120.0], [80950.0, 10000.0], [80935.0, 8600.0], [80932.5, 23840.0], [80930.0, 4830.0], [80922.5, 9250.0], [80920.0, 30830.0], [80917.5, 1400.0], [80915.0, 4670.0], [80907.5, 1430.0], [80905.0, 4770.0], [80900.0, 650.0], [80897.5, 1430.0], [80895.0, 4770.0], [80867.5, 4810.0], [80865.0, 9210.0], [80862.5, 30690.0]], "asks": [[80970.0, 10.0], [80975.0, 1100.0], [80980.0, 1100.0], [80982.5, 1430.0], [80985.0, 4750.0], [80990.0, 7710.0], [80992.5, 5850.0], [80995.0, 15090.0], [80997.5, 4400.0], [81000.0, 15900.0], [81002.5, 4770.0], [81015.0, 4770.0], [81025.0, 4770.0], [81032.5, 29240.0], [81035.0, 4770.0], [81042.5, 650.0], [81047.5, 28790.0], [81067.5, 4830.0], [81077.5, 4830.0], [81095.0, 34210.0]]}}}
{"jsonrpc": "2.0", "method": "subscription", "params": {"channel": "book.BTC-21MAR25.none.20.100ms", "data": {"timestamp": 1741569668821, "change_id": 91904155025, "instrument_name": "BTC-21MAR25", "bids": [[81050.0, 10000.0], [81045.0, 120.0], [81040.0, 1730.0], [81037.5, 5770.0], [81032.5, 16170.0], [81030.0, 72220.0], [81027.5, 62540.0], [81025.0, 1320.0], [81020.0, 4390.0], [81012.5, 1320.0], [81010.0, 4390.0], [80982.5, 1320.0], [80980.0, 8880.0], [80977.5, 14970.0], [80972.5, 1340.0], [80970.0, 4480.0], [80967.5, 20.0], [80917.5, 1340.0], [80915.0, 4470.0], [80907.5, 1350.0]], "asks": [[81070.0, 7580.0], [81072.5, 10270.0], [81085.0, 120.0], [81090.0, 1320.0], [81092.5, 4390.0], [81095.0, 3000.0], [81097.5, 10000.0], [81100.0, 1320.0], [81102.5, 4390.0], [81120.0, 1330.0], [81122.5, 4420.0], [81130.0, 1330.0], [81132.5, 4420.0], [81142.5, 7520.0], [81145.0, 27030.0], [81147.5, 6520.0], [81157.5, 4500.0], [81160.0, 16370.0], [81162.5, 4540.0], [81170.0, 1320.0]]}}}
{"jsonrpc": "2.0", "method": "subscription", "params": {"channel": "book.BTC-14MAR25.none.20.100ms", "data": {"timestamp": 1741569669152, "change_id": 91904156685, "instrument_name": "BTC-14MAR25", "bids": [[80967.5, 20.0], [80940.0, 120.0], [80937.5, 10000.0], [80917.5, 2000.0], [80915.0, 4670.0], [80912.5, 24540.0], [80905.0, 4770.0], [80900.0, 650.0], [80867.5, 4810.0], [80862.5, 30690.0], [80855.0, 105000.0], [80852.5, 4750.0], [80850.0, 31040.0], [80840.0, 4690.0], [80827.5, 4710.0], [80817.5, 4820.0], [80785.0, 3630.0], [80782.5, 4800.0], [80777.5, 14530.0], [80775.0, 61800.0]], "asks": [[80970.0, 5860.0], [80975.0, 1100.0], [80977.5, 16190.0], [80980.0, 14890.0], [80985.0, 4750.0], [80990.0, 10550.0], [81002.5, 4770.0], [81005.0, 24720.0], [81015.0, 4770.0], [81020.0, 29240.0], [81035.0, 4770.0], [81042.5, 650.0], [81047.5, 4830.0], [81067.5, 4830.0], [81077.5, 4830.0], [81095.0, 34210.0], [81097.5, 20.0], [81107.5, 4880.0], [81110.0, 4750.0], [81117.5, 4640.0]]}}}
{"jsonrpc": "2.0", "method": "subscription", "params": {"channel": "book.BTC-21MAR25.none.20.100ms", "data": {"timestamp": 1741569669106, "change_id": 91904156383, "instrument_name": "BTC-21MAR25", "bids": [[81037.5, 10000.0], [81032.5, 140.0], [81030.0, 63000.0], [81027.5, 37570.0], [81015.0, 25210.0], [81010.0, 4390.0], [80980.0, 4390.0], [80970.0, 4480.0], [80967.5, 20.0], [80917.5, 14970.0], [80915.0, 4470.0], [80907.5, 1350.0], [80905.0, 4490.0], [80887.5, 3630.0], [80885.0, 109390.0], [80875.0, 4480.0], [80872.5, 21840.0], [80845.0, 4480.0], [80840.0, 20.0], [80835.0, 4540.0]], "asks": [[81055.0, 4500.0], [81070.0, 6120.0], [81072.5, 5770.0], [81075.0, 120.0], [81087.5, 10000.0], [81092.5, 4390.0], [81100.0, 23880.0], [81102.5, 4390.0], [81122.5, 4420.0], [81132.5, 4420.0], [81135.0, 15010.0], [81147.5, 4520.0], [81160.0, 1360.0], [81162.5, 4540.0], [81172.5, 4390.0], [81197.5, 11080.0], [81200.0, 21850.0], [81212.5, 4520.0], [81227.5, 4540.0], [81237.5, 4560.0]]}}}
{"jsonrpc": "2.0", "method": "subscription", "params": {"channel": "book.BTC-14MAR25.none.20.100ms", "data": {"timestamp": 1741569669457, "change_id": 91904157565, "instrument_name": "BTC-14MAR25", "bids": [[80967.5, 20.0], [80942.5, 1770.0], [80940.0, 8900.0], [80937.5, 10000.0], [80930.0, 1430.0], [80927.5, 4770.0], [80920.0, 2000.0], [80917.5, 2000.0], [80915.0, 12030.0], [80912.5, 24540.0], [80910.0, 10680.0], [80907.5, 30830.0], [80905.0, 4770.0], [80900.0, 650.0], [80870.0, 1440.0], [80867.5, 4810.0], [80865.0, 9210.0], [80862.5, 30690.0], [80857.5, 31500.0], [80855.0, 105000.0]], "asks": [[80970.0, 5860.0], [80975.0, 10730.0], [80977.5, 16190.0], [80980.0, 15900.0], [80982.5, 1430.0], [80985.0, 4750.0], [80987.5, 1430.0], [80990.0, 4770.0], [81002.5, 12190.0], [81005.0, 24720.0], [81012.5, 1430.0], [81015.0, 4770.0], [81017.5, 8770.0], [81020.0, 29240.0], [81032.5, 1430.0], [81035.0, 4770.0], [81042.5, 650.0], [81045.0, 1450.0], [81047.5, 4830.0], [81067.5, 4830.0]]}}}
{"jsonrpc": "2.0", "method": "subscription", "params": {"channel": "book.BTC-21MAR25.none.20.100ms", "data": {"timestamp": 1741569669496, "change_id": 91904157622, "instrument_name": "BTC-21MAR25", "bids": [[81037.5, 10000.0], [81032.5, 140.0], [81030.0, 1730.0], [81025.0, 5770.0], [81017.5, 7560.0], [81015.0, 25210.0], [81012.5, 1320.0], [81010.0, 4390.0], [80982.5, 1320.0], [80980.0, 4390.0], [80975.0, 16340.0], [80972.5, 50000.0], [80970.0, 4480.0], [80967.5, 20.0], [80920.0, 5830.0], [80917.5, 14970.0], [80915.0, 4470.0], [80905.0, 4490.0], [80887.5, 3630.0], [80885.0, 109390.0]], "asks": [[81052.5, 1350.0], [81055.0, 7580.0], [81057.5, 10270.0], [81067.5, 1320.0], [81070.0, 4390.0], [81075.0, 120.0], [81085.0, 3000.0], [81087.5, 10000.0], [81090.0, 1320.0], [81092.5, 4390.0], [81097.5, 7160.0], [81100.0, 23880.0], [81102.5, 4390.0], [81120.0, 1330.0], [81122.5, 4420.0], [81132.5, 4420.0], [81135.0, 15010.0], [81147.5, 4520.0], [81162.5, 4540.0], [81172.5, 4390.0]]}}}
{"jsonrpc": "2.0", "method": "subscription", "params": {"channel": "book.BTC-14MAR25.none.20.100ms", "data": {"timestamp": 1741569669748, "change_id": 91904158055, "instrument_name": "BTC-14MAR25", "bids": [[80967.5, 20.0], [80942.5, 1770.0], [80940.0, 8900.0], [80937.5, 10000.0], [80930.0, 1430.0], [80927.5, 4770.0], [80920.0, 2000.0], [80917.5, 2000.0], [80915.0, 20360.0], [80912.5, 24540.0], [80910.0, 32260.0], [80905.0, 4770.0], [80900.0, 650.0], [80870.0, 1440.0], [80867.5, 4810.0], [80865.0, 9210.0], [80862.5, 30690.0], [80857.5, 31500.0], [80855.0, 105000.0], [80852.5, 14060.0]], "asks": [[80970.0, 5860.0], [80975.0, 10730.0], [80977.5, 16190.0], [80980.0, 15900.0], [80982.5, 1430.0], [80985.0, 4750.0], [80987.5, 1430.0], [80990.0, 4770.0], [81000.0, 1430.0], [81002.5, 4770.0], [81010.0, 8720.0], [81012.5, 24280.0], [81015.0, 4770.0], [81017.5, 8770.0], [81020.0, 29240.0], [81032.5, 1430.0], [81035.0, 4770.0], [81042.5, 650.0], [81045.0, 1450.0], [81047.5, 4830.0]]}}}
{"jsonrpc": "2.0", "method": "subscription", "params": {"channel": "book.BTC-21MAR25.none.20.100ms", "data": {"timestamp": 1741569669704, "change_id": 91904158020, "instrument_name": "BTC-21MAR25", "bids": [[81037.5, 10000.0], [81032.5, 140.0], [81030.0, 2830.0], [81027.5, 4390.0], [81025.0, 5770.0], [81020.0, 22560.0], [81017.5, 50000.0], [81015.0, 25210.0], [81012.5, 1320.0], [81010.0, 4390.0], [80982.5, 1320.0], [80980.0, 4390.0], [80972.5, 1340.0], [80970.0, 4480.0], [80967.5, 20.0], [80920.0, 5830.0], [80917.5, 14970.0], [80915.0, 4470.0], [80907.5, 1350.0], [80905.0, 4490.0]], "asks": [[81055.0, 1730.0], [81057.5, 5770.0], [81067.5, 1320.0], [81070.0, 4390.0], [81075.0, 120.0], [81085.0, 3000.0], [81087.5, 10000.0], [81090.0, 1320.0], [81092.5, 4390.0], [81100.0, 1320.0], [81102.5, 4390.0], [81107.5, 7490.0], [81110.0, 24960.0], [81120.0, 1330.0], [81122.5, 4420.0], [81130.0, 5830.0], [81132.5, 4420.0], [81135.0, 15010.0], [81145.0, 1360.0], [81147.5, 4520.0]]}}}
{"jsonrpc": "2.0", "method": "subscription", "params": {"channel": "book.BTC-14MAR25.none.20.100ms", "data": {"timestamp": 1741569670144, "change_id": 91904158883, "instrument_name": "BTC-14MAR25", "bids": [[80967.5, 20.0], [80942.5, 1770.0], [80940.0, 8900.0], [80937.5, 10000.0], [80930.0, 1430.0], [80927.5, 4770.0], [80920.0, 2000.0], [80917.5, 2000.0], [80915.0, 12030.0], [80912.5, 24540.0], [80910.0, 10500.0], [80907.5, 30830.0], [80905.0, 4770.0], [80900.0, 650.0], [80870.0, 1440.0], [80867.5, 4810.0], [80865.0, 9210.0], [80862.5, 30690.0], [80857.5, 31500.0], [80855.0, 105000.0]], "asks": [[80970.0, 1110.0], [80972.5, 1100.0], [80975.0, 10730.0], [80977.5, 16190.0], [80980.0, 15900.0], [80982.5, 1430.0], [80985.0, 4750.0], [80987.5, 1430.0], [80990.0, 4770.0], [81000.0, 1430.0], [81002.5, 4770.0], [81010.0, 8720.0], [81012.5, 24280.0], [81015.0, 4770.0], [81017.5, 8770.0], [81020.0, 29240.0], [81032.5, 1430.0], [81035.0, 4770.0], [81042.5, 650.0], [81045.0, 1450.0]]}}}
{"jsonrpc": "2.0", "method": "subscription", "params": {"channel": "book.BTC-21MAR25.none.20.100ms", "data": {"timestamp": 1741569670102, "change_id": 91904158850, "instrument_name": "BTC-21MAR25", "bids": [[81037.5, 10000.0], [81032.5, 140.0], [81030.0, 2830.0], [81027.5, 4390.0], [81025.0, 5770.0], [81020.0, 22560.0], [81017.5, 50000.0], [81015.0, 25210.0], [81012.5, 1320.0], [81010.0, 4390.0], [80982.5, 1320.0], [80980.0, 4390.0], [80972.5, 1340.0], [80970.0, 4480.0], [80967.5, 20.0], [80925.0, 4490.0], [80922.5, 14970.0], [80920.0, 1340.0], [80915.0, 4470.0], [80907.5, 1350.0]], "asks": [[81055.0, 1730.0], [81057.5, 5770.0], [81067.5, 1320.0], [81070.0, 4390.0], [81075.0, 120.0], [81085.0, 3000.0], [81087.5, 10000.0], [81090.0, 1320.0], [81092.5, 4390.0], [81100.0, 1320.0], [81102.5, 4390.0], [81107.5, 7490.0], [81110.0, 24960.0], [81120.0, 1330.0], [81122.5, 4420.0], [81130.0, 5830.0], [81132.5, 4420.0], [81135.0, 15010.0], [81145.0, 1360.0], [81147.5, 4520.0]]}}}
{"jsonrpc": "2.0", "method": "subscription", "params": {"channel": "book.BTC-14MAR25.none.20.100ms", "data": {"timestamp": 1741569670191, "change_id": 91904159268, "instrument_name": "BTC-14MAR25", "bids": [[80967.5, 20.0], [80942.5, 1770.0], [80940.0, 8900.0], [80937.5, 10000.0], [80930.0, 1430.0], [80927.5, 4770.0], [80920.0, 2000.0], [80917.5, 2000.0], [80915.0, 12030.0], [80912.5, 24540.0], [80910.0, 10500.0], [80907.5, 30830.0], [80905.0, 4770.0], [80900.0, 650.0], [80870.0, 1440.0], [80867.5, 4810.0], [80865.0, 9210.0], [80862.5, 30690.0], [80857.5, 31500.0], [80855.0, 105000.0]], "asks": [[80970.0, 1110.0], [80972.5, 1100.0], [80975.0, 10730.0], [80977.5, 16190.0], [80980.0, 15900.0], [80982.5, 1430.0], [80985.0, 4750.0], [80987.5, 1430.0], [80990.0, 4770.0], [81000.0, 1430.0], [81002.5, 4770.0], [81010.0, 8720.0], [81012.5, 24280.0], [81015.0, 4770.0], [81017.5, 8770.0], [81020.0, 29240.0], [81032.5, 1430.0], [81035.0, 4770.0], [81042.5, 650.0], [81045.0, 1450.0]]}}}
{"jsonrpc": "2.0", "method": "subscription", "params": {"channel": "book.BTC-21MAR25.none.20.100ms", "data": {"timestamp": 1741569670426, "change_id": 91904159299, "instrument_name": "BTC-21MAR25", "bids": [[81037.5, 10000.0], [81032.5, 140.0], [81030.0, 2830.0], [81027.5, 4390.0], [81025.0, 5770.0], [81020.0, 22560.0], [81017.5, 50000.0], [81015.0, 25210.0], [81012.5, 1320.0], [81010.0, 4390.0], [80982.5, 1320.0], [80980.0, 4390.0], [80972.5, 1340.0], [80970.0, 4480.0], [80967.5, 20.0], [80925.0, 4490.0], [80922.5, 14970.0], [80920.0, 1340.0], [80915.0, 4470.0], [80907.5, 1350.0]], "asks": [[81055.0, 1730.0], [81057.5, 5770.0], [81067.5, 1320.0], [81070.0, 4390.0], [81075.0, 120.0], [81085.0, 3000.0], [81087.5, 10000.0], [81090.0, 1320.0], [81092.5, 4390.0], [81100.0, 1320.0], [81102.5, 4390.0], [81107.5, 7490.0], [81110.0, 24960.0], [81120.0, 1330.0], [81122.5, 4420.0], [81125.0, 2000.0], [81130.0, 5830.0], [81132.5, 4420.0], [81135.0, 15010.0], [81145.0, 1360.0]]}}}
{"jsonrpc": "2.0", "method": "subscription", "params": {"channel": "book.BTC-14MAR25.none.20.100ms", "data": {"timestamp": 1741569670740, "change_id": 91904159636, "instrument_name": "BTC-14MAR25", "bids": [[80967.5, 20.0], [80942.5, 1770.0], [80940.0, 8900.0], [80937.5, 10000.0], [80930.0, 1430.0], [80927.5, 4770.0], [80920.0, 2000.0], [80917.5, 2000.0], [80915.0, 12030.0], [80912.5, 24540.0], [80910.0, 10500.0], [80907.5, 30830.0], [80905.0, 4770.0], [80900.0, 650.0], [80870.0, 1440.0], [80867.5, 4810.0], [80865.0, 9210.0], [80862.5, 30690.0], [80857.5, 31500.0], [80855.0, 105000.0]], "asks": [[80970.0, 5860.0], [80972.5, 1100.0], [80975.0, 10730.0], [80977.5, 16190.0], [80980.0, 15900.0], [80982.5, 1430.0], [80985.0, 4750.0], [80987.5, 1430.0], [80990.0, 4770.0], [81000.0, 1430.0], [81002.5, 4770.0], [81010.0, 8720.0], [81012.5, 24280.0], [81015.0, 4770.0], [81017.5, 8770.0], [81020.0, 29240.0], [81032.5, 1430.0], [81035.0, 4770.0], [81042.5, 650.0], [81045.0, 1450.0]]}}}
{"jsonrpc": "2.0", "method": "subscription", "params": {"channel": "book.BTC-21MAR25.none.20.100ms", "data": {"timestamp": 1741569670743, "change_id": 91904159644, "instrument_name": "BTC-21MAR25", "bids": [[81037.5, 10000.0], [81032.5, 140.0], [81030.0, 1730.0], [81025.0, 5770.0], [81020.0, 40020.0], [81017.5, 50000.0], [81015.0, 92810.0], [81012.5, 1320.0], [81010.0, 4390.0], [80982.5, 1320.0], [80980.0, 4390.0], [80972.5, 1340.0], [80970.0, 4480.0], [80967.5, 20.0], [80925.0, 4490.0], [80922.5, 14970.0], [80920.0, 1340.0], [80915.0, 4470.0], [80907.5, 1350.0], [80905.0, 4490.0]], "asks": [[81052.5, 1350.0], [81055.0, 6230.0], [81057.5, 5770.0], [81067.5, 1320.0], [81070.0, 4390.0], [81075.0, 120.0], [81085.0, 3000.0], [81087.5, 10000.0], [81090.0, 1320.0], [81092.5, 4390.0], [81100.0, 1320.0], [81102.5, 4390.0], [81107.5, 7490.0], [81110.0, 24960.0], [81120.0, 1330.0], [81122.5, 4420.0], [81125.0, 2000.0], [81130.0, 5830.0], [81132.5, 4420.0], [81135.0, 15010.0]]}}}
{"jsonrpc": "2.0", "method": "subscription", "params": {"channel": "book.BTC-14MAR25.none.20.100ms", "data": {"timestamp": 1741569671146, "change_id": 91904160439, "instrument_name": "BTC-14MAR25", "bids": [[80967.5, 20.0], [80942.5, 1770.0], [80940.0, 8900.0], [80937.5, 10000.0], [80930.0, 1430.0], [80927.5, 4770.0], [80920.0, 2000.0], [80917.5, 2000.0], [80915.0, 12030.0], [80912.5, 24540.0], [80910.0, 10500.0], [80907.5, 30830.0], [80905.0, 4770.0], [80900.0, 650.0], [80870.0, 1440.0], [80867.5, 4810.0], [80865.0, 9210.0], [80862.5, 30690.0], [80857.5, 31500.0], [80855.0, 105000.0]], "asks": [[80970.0, 10.0], [80972.5, 1100.0], [80975.0, 10730.0], [80977.5, 16190.0], [80980.0, 15900.0], [80982.5, 2530.0], [80985.0, 4750.0], [80987.5, 1430.0], [80990.0, 4770.0], [81000.0, 1430.0], [81002.5, 4770.0], [81010.0, 8720.0], [81012.5, 24280.0], [81015.0, 4770.0], [81017.5, 8770.0], [81020.0, 29240.0], [81032.5, 1430.0], [81035.0, 4770.0], [81042.5, 650.0], [81045.0, 1450.0]]}}}
{"jsonrpc": "2.0", "method": "subscription", "params": {"channel": "book.BTC-21MAR25.none.20.100ms", "data": {"timestamp": 1741569671103, "change_id": 91904160394, "instrument_name": "BTC-21MAR25", "bids": [[81037.5, 10000.0], [81032.5, 140.0], [81030.0, 2830.0], [81027.5, 4390.0], [81025.0, 5770.0], [81020.0, 40020.0], [81017.5, 50000.0], [81015.0, 92810.0], [81012.5, 1320.0], [81010.0, 4390.0], [80982.5, 1320.0], [80980.0, 4390.0], [80972.5, 1340.0], [80970.0, 4480.0], [80967.5, 20.0], [80925.0, 4490.0], [80922.5, 14970.0], [80920.0, 1340.0], [80915.0, 4470.0], [80907.5, 1350.0]], "asks": [[81055.0, 1730.0], [81057.5, 5770.0], [81067.5, 1320.0], [81070.0, 4390.0], [81075.0, 120.0], [81085.0, 3000.0], [81087.5, 10000.0], [81090.0, 1320.0], [81092.5, 4390.0], [81100.0, 1320.0], [81102.5, 4390.0], [81107.5, 7490.0], [81110.0, 24960.0], [81120.0, 1330.0], [81122.5, 4420.0], [81125.0, 2000.0], [81127.5, 10500.0], [81130.0, 40830.0], [81132.5, 4420.0], [81135.0, 15010.0]]}}}
{"jsonrpc": "2.0", "method": "subscription", "params": {"channel": "book.BTC-14MAR25.none.20.100ms", "data": {"timestamp": 1741569671432, "change_id": 91904160809, "instrument_name": "BTC-14MAR25", "bids": [[80967.5, 20.0], [80942.5, 1770.0], [80940.0, 8900.0], [80937.5, 10000.0], [80930.0, 1430.0], [80927.5, 4770.0], [80920.0, 2000.0], [80917.5, 2000.0], [80915.0, 12030.0], [80912.5, 24540.0], [80910.0, 10500.0], [80907.5, 30830.0], [80905.0, 4770.0], [80900.0, 650.0], [80870.0, 1440.0], [80867.5, 4810.0], [80865.0, 9210.0], [80862.5, 30690.0], [80857.5, 31500.0], [80855.0, 105000.0]], "asks": [[80970.0, 4760.0], [80972.5, 1100.0], [80975.0, 10730.0], [80977.5, 16190.0], [80980.0, 15900.0], [80982.5, 2530.0], [80985.0, 4750.0], [80987.5, 1430.0], [80990.0, 4770.0], [81000.0, 1430.0], [81002.5, 4770.0], [81010.0, 8720.0], [81012.5, 24280.0], [81015.0, 4770.0], [81017.5, 8770.0], [81020.0, 29240.0], [81032.5, 1430.0], [81035.0, 4770.0], [81042.5, 650.0], [81045.0, 1450.0]]}}}
{"jsonrpc": "2.0", "method": "subscription", "params": {"channel": "book.BTC-21MAR25.none.20.100ms", "data": {"timestamp": 1741569671436, "change_id": 91904160817, "instrument_name": "BTC-21MAR25", "bids": [[81037.5, 10000.0], [81032.5, 140.0], [81030.0, 1730.0], [81025.0, 5770.0], [81020.0, 40020.0], [81017.5, 50000.0], [81015.0, 92810.0], [81012.5, 1320.0], [81010.0, 4390.0], [80982.5, 1320.0], [80980.0, 4390.0], [80972.5, 1340.0], [80970.0, 4480.0], [80967.5, 20.0], [80925.0, 4490.0], [80922.5, 14970.0], [80920.0, 1340.0], [80915.0, 4470.0], [80907.5, 1350.0], [80905.0, 4490.0]], "asks": [[81052.5, 1350.0], [81055.0, 13480.0], [81057.5, 5770.0], [81060.0, 24900.0], [81067.5, 1320.0], [81070.0, 4390.0], [81075.0, 3120.0], [81077.5, 10000.0], [81090.0, 1320.0], [81092.5, 4390.0], [81100.0, 1320.0], [81102.5, 4390.0], [81107.5, 7490.0], [81110.0, 24960.0], [81120.0, 1330.0], [81122.5, 4420.0], [81125.0, 2000.0], [81127.5, 10500.0], [81130.0, 40830.0], [81132.5, 4420.0]]}}}
{"jsonrpc": "2.0", "method": "subscription", "params": {"channel": "book.BTC-14MAR25.none.20.100ms", "data": {"timestamp": 1741569671785, "change_id": 91904161998, "instrument_name": "BTC-14MAR25", "bids": [[80967.5, 20.0], [80942.5, 1770.0], [80940.0, 5900.0], [80927.5, 3000.0], [80925.0, 10000.0], [80915.0, 12030.0], [80912.5, 24540.0], [80905.0, 4770.0], [80892.5, 2000.0], [80887.5, 650.0], [80885.0, 4770.0], [80875.0, 9250.0], [80872.5, 30830.0], [80870.0, 1440.0], [80867.5, 4810.0], [80865.0, 9210.0], [80862.5, 30690.0], [80857.5, 31500.0], [80855.0, 105000.0], [80852.5, 14060.0]], "asks": [[80970.0, 25630.0], [80972.5, 1100.0], [80975.0, 5900.0], [80977.5, 1100.0], [80980.0, 14890.0], [80982.5, 2530.0], [80985.0, 4750.0], [80987.5, 1430.0], [80990.0, 4770.0], [81000.0, 1430.0], [81002.5, 4770.0], [81005.0, 8770.0], [81007.5, 29240.0], [81010.0, 8720.0], [81012.5, 24280.0], [81015.0, 4770.0], [81032.5, 1430.0], [81035.0, 4770.0], [81042.5, 650.0], [81045.0, 1450.0]]}}}
{"jsonrpc": "2.0", "method": "subscription", "params": {"channel": "book.BTC-21MAR25.none.20.100ms", "data": {"timestamp": 1741569671771, "change_id": 91904161920, "instrument_name": "BTC-21MAR25", "bids": [[81032.5, 140.0], [81025.0, 10000.0], [81017.5, 50000.0], [81015.0, 67600.0], [81010.0, 10160.0], [80997.5, 7540.0], [80995.0, 25130.0], [80982.5, 1320.0], [80980.0, 4390.0], [80970.0, 4480.0], [80967.5, 20.0], [80930.0, 4390.0], [80915.0, 4470.0], [80907.5, 1350.0], [80905.0, 4490.0], [80887.5, 32820.0], [80885.0, 109390.0], [80875.0, 4480.0], [80872.5, 21840.0], [80845.0, 4480.0]], "asks": [[81055.0, 4500.0], [81057.5, 5770.0], [81060.0, 24900.0], [81067.5, 1320.0], [81070.0, 4390.0], [81075.0, 120.0], [81077.5, 10000.0], [81090.0, 1320.0], [81092.5, 4390.0], [81100.0, 1320.0], [81102.5, 4390.0], [81107.5, 7490.0], [81110.0, 39970.0], [81122.5, 4420.0], [81125.0, 2000.0], [81127.5, 10500.0], [81130.0, 35000.0], [81132.5, 4420.0], [81145.0, 1360.0], [81147.5, 4520.0]]}}}
{"jsonrpc": "2.0", "method": "subscription", "params": {"channel": "book.BTC-14MAR25.none.20.100ms", "data": {"timestamp": 1741569672124, "change_id": 91904162753, "instrument_name": "BTC-14MAR25", "bids": [[80967.5, 20.0], [80942.5, 1770.0], [80940.0, 5900.0], [80927.5, 3000.0], [80925.0, 10000.0], [80915.0, 12030.0], [80912.5, 24540.0], [80905.0, 4770.0], [80892.5, 2000.0], [80887.5, 650.0], [80885.0, 4770.0], [80875.0, 9250.0], [80872.5, 30830.0], [80870.0, 1440.0], [80867.5, 4810.0], [80865.0, 9210.0], [80862.5, 30690.0], [80857.5, 31500.0], [80855.0, 105000.0], [80852.5, 14060.0]], "asks": [[80970.0, 26730.0], [80972.5, 1100.0], [80975.0, 4800.0], [80977.5, 1100.0], [80980.0, 14890.0], [80982.5, 2530.0], [80985.0, 4750.0], [80987.5, 1430.0], [80990.0, 4770.0], [81000.0, 1430.0], [81002.5, 4770.0], [81005.0, 8770.0], [81007.5, 29240.0], [81010.0, 8720.0], [81012.5, 24280.0], [81015.0, 4770.0], [81032.5, 1430.0], [81035.0, 4770.0], [81042.5, 650.0], [81045.0, 1450.0]]}}}
{"jsonrpc": "2.0", "method": "subscription", "params": {"channel": "book.BTC-21MAR25.none.20.100ms", "data": {"timestamp": 1741569672116, "change_id": 91904162744, "instrument_name": "BTC-21MAR25", "bids": [[81032.5, 140.0], [81027.5, 3000.0], [81025.0, 10000.0], [81017.5, 50000.0], [81015.0, 67600.0], [81010.0, 10160.0], [80997.5, 7540.0], [80995.0, 25130.0], [80982.5, 1320.0], [80980.0, 4390.0], [80970.0, 4480.0], [80967.5, 20.0], [80930.0, 4390.0], [80915.0, 4470.0], [80907.5, 1350.0], [80905.0, 4490.0], [80887.5, 32820.0], [80885.0, 109390.0], [80875.0, 4480.0], [80872.5, 21840.0]], "asks": [[81055.0, 8890.0], [81057.5, 5770.0], [81060.0, 24900.0], [81067.5, 1320.0], [81070.0, 4390.0], [81075.0, 120.0], [81077.5, 10000.0], [81090.0, 1320.0], [81092.5, 4390.0], [81100.0, 1320.0], [81102.5, 4390.0], [81107.5, 7490.0], [81110.0, 39970.0], [81122.5, 4420.0], [81125.0, 2000.0], [81127.5, 10500.0], [81130.0, 35000.0], [81132.5, 4420.0], [81145.0, 1360.0], [81147.5, 4520.0]]}}}
{"jsonrpc": "2.0", "method": "subscription", "params": {"channel": "book.BTC-14MAR25.none.20.100ms", "data": {"timestamp": 1741569672384, "change_id": 91904163812, "instrument_name": "BTC-14MAR25", "bids": [[80967.5, 20.0], [80942.5, 1770.0], [80940.0, 5900.0], [80927.5, 7710.0], [80925.0, 10000.0], [80915.0, 12030.0], [80912.5, 24540.0], [80907.5, 1430.0], [80905.0, 4770.0], [80895.0, 35600.0], [80892.5, 2000.0], [80887.5, 650.0], [80885.0, 4770.0], [80870.0, 1440.0], [80867.5, 4810.0], [80865.0, 9210.0], [80862.5, 30690.0], [80857.5, 31500.0], [80855.0, 105000.0], [80852.5, 14060.0]], "asks": [[80970.0, 26850.0], [80972.5, 1100.0], [80975.0, 4800.0], [80977.5, 1100.0], [80980.0, 14770.0], [80982.5, 2530.0], [80985.0, 4750.0], [80987.5, 1430.0], [80990.0, 4770.0], [81000.0, 1430.0], [81002.5, 4770.0], [81005.0, 8770.0], [81007.5, 29240.0], [81010.0, 8720.0], [81012.5, 24280.0], [81015.0, 4770.0], [81032.5, 1430.0], [81035.0, 4770.0], [81042.5, 650.0], [81045.0, 1450.0]]}}}
{"jsonrpc": "2.0", "method": "subscription", "params": {"channel": "book.BTC-21MAR25.none.20.100ms", "data": {"timestamp": 1741569672360, "change_id": 91904163753, "instrument_name": "BTC-21MAR25", "bids": [[81032.5, 140.0], [81027.5, 3000.0], [81025.0, 11370.0], [81022.5, 4580.0], [81012.5, 3050.0], [81010.0, 10160.0], [81000.0, 27120.0], [80997.5, 50000.0], [80995.0, 25130.0], [80982.5, 1320.0], [80980.0, 4390.0], [80970.0, 4480.0], [80967.5, 20.0], [80930.0, 4390.0], [80915.0, 4470.0], [80907.5, 1350.0], [80905.0, 4490.0], [80887.5, 32820.0], [80885.0, 109390.0], [80875.0, 4480.0]], "asks": [[81052.5, 1350.0], [81055.0, 4500.0], [81057.5, 17740.0], [81060.0, 24900.0], [81065.0, 120.0], [81067.5, 1320.0], [81070.0, 4390.0], [81075.0, 3000.0], [81077.5, 10000.0], [81090.0, 1320.0], [81092.5, 4390.0], [81100.0, 1320.0], [81102.5, 4390.0], [81107.5, 11050.0], [81110.0, 39970.0], [81122.5, 4420.0], [81125.0, 2000.0], [81127.5, 10500.0], [81130.0, 35000.0], [81132.5, 4420.0]]}}}
{"jsonrpc": "2.0", "method": "subscription", "params": {"channel": "book.BTC-14MAR25.none.20.100ms", "data": {"timestamp": 1741569672800, "change_id": 91904165011, "instrument_name": "BTC-14MAR25", "bids": [[80967.5, 20.0], [80947.5, 5780.0], [80940.0, 120.0], [80937.5, 3000.0], [80935.0, 10000.0], [80927.5, 4710.0], [80915.0, 4670.0], [80912.5, 24540.0], [80907.5, 32260.0], [80905.0, 4770.0], [80895.0, 4770.0], [80892.5, 2000.0], [80887.5, 650.0], [80885.0, 4770.0], [80867.5, 4810.0], [80862.5, 30690.0], [80855.0, 105000.0], [80852.5, 4750.0], [80850.0, 31040.0], [80842.5, 1410.0]], "asks": [[80970.0, 19850.0], [80977.5, 4100.0], [80980.0, 14710.0], [80982.5, 2650.0], [80985.0, 6180.0], [80990.0, 4770.0], [81000.0, 1430.0], [81002.5, 4770.0], [81005.0, 8770.0], [81007.5, 53460.0], [81015.0, 4770.0], [81035.0, 4770.0], [81042.5, 650.0], [81047.5, 4830.0], [81060.0, 10500.0], [81062.5, 35000.0], [81065.0, 1450.0], [81067.5, 4830.0], [81077.5, 4830.0], [81095.0, 34210.0]]}}}
{"jsonrpc": "2.0", "method": "subscription", "params": {"channel": "book.BTC-21MAR25.none.20.100ms", "data": {"timestamp": 1741569672728, "change_id": 91904164862, "instrument_name": "BTC-21MAR25", "bids": [[81035.0, 10000.0], [81032.5, 140.0], [81025.0, 5770.0], [81022.5, 4580.0], [81012.5, 50000.0], [81010.0, 77290.0], [81000.0, 4580.0], [80995.0, 25130.0], [80980.0, 4390.0], [80970.0, 4480.0], [80967.5, 20.0], [80930.0, 4390.0], [80915.0, 4470.0], [80905.0, 4490.0], [80885.0, 109390.0], [80875.0, 4480.0], [80872.5, 21840.0], [80845.0, 4480.0], [80840.0, 20.0], [80835.0, 4540.0]], "asks": [[81055.0, 4500.0], [81060.0, 24900.0], [81065.0, 5770.0], [81075.0, 4580.0], [81077.5, 10120.0], [81092.5, 4390.0], [81102.5, 4390.0], [81105.0, 24160.0], [81110.0, 15010.0], [81122.5, 4420.0], [81125.0, 2000.0], [81130.0, 35000.0], [81132.5, 4420.0], [81147.5, 4520.0], [81162.5, 4540.0], [81172.5, 4390.0], [81197.5, 4520.0], [81200.0, 21850.0], [81212.5, 4520.0], [81227.5, 4540.0]]}}}
{"jsonrpc": "2.0", "method": "subscription", "params": {"channel": "book.BTC-14MAR25.none.20.100ms", "data": {"timestamp": 1741569673119, "change_id": 91904166988, "instrument_name": "BTC-14MAR25", "bids": [[80912.5, 120.0], [80905.0, 20.0], [80897.5, 10680.0], [80895.0, 35600.0], [80892.5, 2000.0], [80885.0, 4770.0], [80867.5, 4810.0], [80852.5, 4750.0], [80850.0, 31040.0], [80840.0, 4690.0], [80825.0, 30690.0], [80817.5, 4820.0], [80782.5, 4800.0], [80775.0, 61800.0], [80760.0, 4800.0], [80752.5, 59540.0], [80742.5, 4800.0], [80735.0, 410.0], [80712.5, 4800.0], [80710.0, 20.0]], "asks": [[80952.5, 4750.0], [80955.0, 1410.0], [80957.5, 4710.0], [80960.0, 120.0], [80967.5, 9460.0], [80970.0, 14760.0], [80977.5, 6880.0], [80980.0, 4710.0], [80982.5, 1100.0], [80985.0, 4750.0], [80990.0, 4770.0], [80997.5, 650.0], [81002.5, 4770.0], [81007.5, 24220.0], [81015.0, 4770.0], [81032.5, 20.0], [81035.0, 4770.0], [81047.5, 4830.0], [81062.5, 35000.0], [81067.5, 4830.0]]}}}
{"jsonrpc": "2.0", "method": "subscription", "params": {"channel": "book.BTC-21MAR25.none.20.100ms", "data": {"timestamp": 1741569673129, "change_id": 91904166993, "instrument_name": "BTC-21MAR25", "bids": [[81032.5, 20.0], [81005.0, 120.0], [81000.0, 4580.0], [80992.5, 24560.0], [80980.0, 4390.0], [80970.0, 4480.0], [80967.5, 20.0], [80932.5, 14970.0], [80930.0, 4390.0], [80915.0, 4470.0], [80912.5, 50000.0], [80905.0, 4490.0], [80885.0, 109390.0], [80875.0, 4480.0], [80872.5, 21840.0], [80845.0, 4480.0], [80840.0, 20.0], [80835.0, 4540.0], [80832.5, 45960.0], [80822.5, 4860.0]], "asks": [[81035.0, 4500.0], [81045.0, 4580.0], [81055.0, 10470.0], [81065.0, 3040.0], [81067.5, 10000.0], [81075.0, 4580.0], [81092.5, 4390.0], [81102.5, 4390.0], [81105.0, 24160.0], [81110.0, 15010.0], [81122.5, 4420.0], [81130.0, 35000.0], [81132.5, 4420.0], [81147.5, 4520.0], [81162.5, 4540.0], [81172.5, 4390.0], [81197.5, 4520.0], [81200.0, 21850.0], [81212.5, 4520.0], [81227.5, 4540.0]]}}}
{"jsonrpc": "2.0", "method": "subscription", "params": {"channel": "book.BTC-14MAR25.none.20.100ms", "data": {"timestamp": 1741569673409, "change_id": 91904169060, "instrument_name": "BTC-14MAR25", "bids": [[80915.0, 6040.0], [80912.5, 20120.0], [80910.0, 4740.0], [80907.5, 15780.0], [80905.0, 20.0], [80895.0, 4710.0], [80892.5, 2000.0], [80885.0, 4770.0], [80877.5, 24770.0], [80870.0, 30830.0], [80867.5, 4810.0], [80852.5, 5400.0], [80850.0, 31040.0], [80840.0, 4690.0], [80825.0, 30690.0], [80817.5, 4820.0], [80782.5, 4800.0], [80775.0, 61800.0], [80760.0, 4800.0], [80752.5, 59540.0]], "asks": [[80940.0, 4530.0], [80942.5, 15100.0], [80950.0, 10120.0], [80952.5, 10530.0], [80957.5, 4710.0], [80967.5, 9460.0], [80970.0, 4750.0], [80977.5, 1100.0], [80980.0, 4710.0], [80982.5, 1100.0], [80987.5, 29240.0], [80990.0, 4770.0], [80997.5, 650.0], [81002.5, 4770.0], [81007.5, 24220.0], [81015.0, 4770.0], [81032.5, 20.0], [81035.0, 4770.0], [81047.5, 4830.0], [81067.5, 4830.0]]}}}
{"jsonrpc": "2.0", "method": "subscription", "params": {"channel": "book.BTC-21MAR25.none.20.100ms", "data": {"timestamp": 1741569673396, "change_id": 91904168738, "instrument_name": "BTC-21MAR25", "bids": [[81032.5, 20.0], [81010.0, 10000.0], [81005.0, 120.0], [80992.5, 5770.0], [80990.0, 4580.0], [80980.0, 29660.0], [80970.0, 4480.0], [80967.5, 20.0], [80937.5, 50000.0], [80935.0, 14970.0], [80930.0, 4390.0], [80915.0, 4470.0], [80905.0, 4490.0], [80885.0, 109390.0], [80875.0, 4480.0], [80872.5, 21840.0], [80845.0, 4480.0], [80840.0, 20.0], [80835.0, 4540.0], [80832.5, 45960.0]], "asks": [[81035.0, 14850.0], [81045.0, 4700.0], [81055.0, 4580.0], [81057.5, 10000.0], [81075.0, 4580.0], [81092.5, 4390.0], [81102.5, 6390.0], [81105.0, 24160.0], [81110.0, 15010.0], [81122.5, 4420.0], [81132.5, 4420.0], [81147.5, 4520.0], [81150.0, 21850.0], [81162.5, 4540.0], [81172.5, 4390.0], [81197.5, 4520.0], [81212.5, 4520.0], [81227.5, 4540.0], [81237.5, 4560.0], [81240.0, 44630.0]]}}}
{"jsonrpc": "2.0", "method": "subscription", "params": {"channel": "book.BTC-14MAR25.none.20.100ms", "data": {"timestamp": 1741569673729, "change_id": 91904170621, "instrument_name": "BTC-14MAR25", "bids": [[80910.0, 1740.0], [80907.5, 5780.0], [80905.0, 20.0], [80902.5, 6120.0], [80900.0, 20000.0], [80897.5, 3000.0], [80895.0, 10000.0], [80885.0, 4770.0], [80877.5, 24770.0], [80870.0, 30830.0], [80867.5, 4810.0], [80865.0, 2000.0], [80855.0, 650.0], [80852.5, 4750.0], [80850.0, 31040.0], [80840.0, 4690.0], [80825.0, 30690.0], [80820.0, 1450.0], [80817.5, 4820.0], [80785.0, 106440.0]], "asks": [[80937.5, 19840.0], [80940.0, 5780.0], [80942.5, 10.0], [80947.5, 4710.0], [80950.0, 10120.0], [80952.5, 4750.0], [80957.5, 4710.0], [80965.0, 2840.0], [80967.5, 4710.0], [80970.0, 24560.0], [80975.0, 29240.0], [80977.5, 1100.0], [80980.0, 5040.0], [80982.5, 1100.0], [80990.0, 4770.0], [80997.5, 650.0], [81015.0, 4770.0], [81032.5, 20.0], [81035.0, 4770.0], [81047.5, 4830.0]]}}}
{"jsonrpc": "2.0", "method": "subscription", "params": {"channel": "book.BTC-21MAR25.none.20.100ms", "data": {"timestamp": 1741569673720, "change_id": 91904170256, "instrument_name": "BTC-21MAR25", "bids": [[80997.5, 10000.0], [80995.0, 120.0], [80987.5, 1730.0], [80985.0, 5770.0], [80982.5, 1320.0], [80980.0, 4390.0], [80972.5, 1340.0], [80970.0, 4480.0], [80967.5, 20.0], [80962.5, 16200.0], [80960.0, 61900.0], [80957.5, 24390.0], [80950.0, 4580.0], [80917.5, 14970.0], [80915.0, 4470.0], [80905.0, 4490.0], [80885.0, 109390.0], [80875.0, 4480.0], [80872.5, 21840.0], [80845.0, 4480.0]], "asks": [[81017.5, 3080.0], [81020.0, 10270.0], [81032.5, 2720.0], [81035.0, 9080.0], [81042.5, 1410.0], [81045.0, 4700.0], [81047.5, 10000.0], [81052.5, 1370.0], [81055.0, 4580.0], [81067.5, 24030.0], [81090.0, 15010.0], [81092.5, 4390.0], [81102.5, 6390.0], [81122.5, 4420.0], [81132.5, 4420.0], [81147.5, 4520.0], [81150.0, 21850.0], [81162.5, 4540.0], [81172.5, 4390.0], [81197.5, 4520.0]]}}}
{"jsonrpc": "2.0", "method": "subscription", "params": {"channel": "book.BTC-14MAR25.none.20.100ms", "data": {"timestamp": 1741569674119, "change_id": 91904171899, "instrument_name": "BTC-14MAR25", "bids": [[80910.0, 1740.0], [80907.5, 5780.0], [80905.0, 20.0], [80902.5, 6120.0], [80900.0, 20000.0], [80897.5, 3000.0], [80895.0, 18660.0], [80892.5, 28880.0], [80887.5, 1430.0], [80885.0, 4770.0], [80880.0, 7430.0], [80877.5, 24770.0], [80872.5, 9250.0], [80870.0, 32870.0], [80867.5, 4810.0], [80865.0, 2000.0], [80855.0, 3480.0], [80852.5, 4750.0], [80850.0, 4670.0], [80842.5, 1410.0]], "asks": [[80930.0, 4750.0], [80935.0, 7690.0], [80937.5, 15090.0], [80940.0, 5780.0], [80942.5, 10.0], [80945.0, 4450.0], [80947.5, 4710.0], [80950.0, 10120.0], [80957.5, 4710.0], [80962.5, 39360.0], [80965.0, 2840.0], [80967.5, 4710.0], [80970.0, 24560.0], [80975.0, 29240.0], [80980.0, 4710.0], [80990.0, 4770.0], [80997.5, 650.0], [81015.0, 4770.0], [81032.5, 20.0], [81035.0, 4770.0]]}}}
{"jsonrpc": "2.0", "method": "subscription", "params": {"channel": "book.BTC-21MAR25.none.20.100ms", "data": {"timestamp": 1741569674100, "change_id": 91904171854, "instrument_name": "BTC-21MAR25", "bids": [[80997.5, 10000.0], [80995.0, 120.0], [80987.5, 1730.0], [80985.0, 5770.0], [80982.5, 1320.0], [80980.0, 4390.0], [80972.5, 1340.0], [80970.0, 4480.0], [80967.5, 20.0], [80962.5, 16200.0], [80960.0, 61900.0], [80957.5, 24390.0], [80952.5, 1370.0], [80950.0, 4580.0], [80920.0, 5830.0], [80917.5, 14970.0], [80915.0, 4470.0], [80907.5, 1350.0], [80905.0, 4490.0], [80887.5, 32820.0]], "asks": [[81012.5, 1350.0], [81015.0, 4500.0], [81017.5, 1730.0], [81020.0, 5770.0], [81022.5, 1370.0], [81025.0, 4580.0], [81035.0, 4700.0], [81042.5, 1410.0], [81045.0, 7580.0], [81047.5, 10000.0], [81052.5, 13030.0], [81055.0, 43990.0], [81065.0, 7210.0], [81067.5, 24030.0], [81087.5, 4500.0], [81090.0, 16330.0], [81092.5, 4390.0], [81097.5, 20.0], [81100.0, 1920.0], [81102.5, 6390.0]]}}}
{"jsonrpc": "2.0", "method": "subscription", "params": {"channel": "book.BTC-14MAR25.none.20.100ms", "data": {"timestamp": 1741569674453, "change_id": 91904172462, "instrument_name": "BTC-14MAR25", "bids": [[80917.5, 1430.0], [80915.0, 6180.0], [80910.0, 1740.0], [80907.5, 5780.0], [80905.0, 20.0], [80902.5, 6120.0], [80900.0, 20000.0], [80897.5, 3000.0], [80895.0, 18660.0], [80892.5, 28880.0], [80887.5, 1430.0], [80885.0, 4770.0], [80880.0, 7430.0], [80877.5, 24770.0], [80872.5, 9250.0], [80870.0, 32870.0], [80867.5, 4810.0], [80865.0, 2000.0], [80855.0, 3480.0], [80852.5, 4750.0]], "asks": [[80935.0, 7690.0], [80937.5, 15090.0], [80940.0, 5900.0], [80942.5, 10.0], [80945.0, 3000.0], [80950.0, 10000.0], [80955.0, 1410.0], [80957.5, 4710.0], [80960.0, 11810.0], [80962.5, 39360.0], [80965.0, 8430.0], [80967.5, 4710.0], [80970.0, 24560.0], [80972.5, 8770.0], [80975.0, 29240.0], [80977.5, 1410.0], [80980.0, 4710.0], [80987.5, 1430.0], [80990.0, 4770.0], [80997.5, 650.0]]}}}
{"jsonrpc": "2.0", "method": "subscription", "params": {"channel": "book.BTC-21MAR25.none.20.100ms", "data": {"timestamp": 1741569674451, "change_id": 91904172444, "instrument_name": "BTC-21MAR25", "bids": [[81002.5, 3640.0], [81000.0, 5610.0], [80997.5, 10000.0], [80995.0, 120.0], [80992.5, 1370.0], [80990.0, 4580.0], [80987.5, 1730.0], [80985.0, 5770.0], [80982.5, 16150.0], [80980.0, 59080.0], [80977.5, 15640.0], [80972.5, 1340.0], [80970.0, 4480.0], [80967.5, 20.0], [80962.5, 1370.0], [80960.0, 11900.0], [80957.5, 24390.0], [80952.5, 1370.0], [80950.0, 4580.0], [80920.0, 5830.0]], "asks": [[81017.5, 1730.0], [81020.0, 5770.0], [81032.5, 1410.0], [81035.0, 4700.0], [81042.5, 1410.0], [81045.0, 7580.0], [81047.5, 10000.0], [81052.5, 13030.0], [81055.0, 43990.0], [81065.0, 7210.0], [81067.5, 24030.0], [81087.5, 4500.0], [81090.0, 16330.0], [81092.5, 4390.0], [81097.5, 20.0], [81100.0, 1920.0], [81102.5, 6390.0], [81120.0, 1330.0], [81122.5, 4420.0], [81130.0, 1330.0]]}}}
{"jsonrpc": "2.0", "method": "subscription", "params": {"channel": "book.BTC-14MAR25.none.20.100ms", "data": {"timestamp": 1741569674746, "change_id": 91904174026, "instrument_name": "BTC-14MAR25", "bids": [[80937.5, 10.0], [80932.5, 4750.0], [80930.0, 25780.0], [80925.0, 4870.0], [80910.0, 4710.0], [80905.0, 10020.0], [80897.5, 4710.0], [80892.5, 28880.0], [80890.0, 32830.0], [80885.0, 4770.0], [80877.5, 24770.0], [80867.5, 4810.0], [80855.0, 650.0], [80852.5, 4750.0], [80850.0, 4670.0], [80840.0, 4690.0], [80825.0, 30690.0], [80817.5, 4820.0], [80785.0, 105000.0], [80782.5, 4800.0]], "asks": [[80955.0, 15090.0], [80965.0, 10000.0], [80967.5, 120.0], [80970.0, 5780.0], [80975.0, 29240.0], [80980.0, 4710.0], [80990.0, 4770.0], [80997.5, 650.0], [81015.0, 4770.0], [81032.5, 20.0], [81035.0, 4770.0], [81047.5, 4830.0], [81067.5, 4830.0], [81077.5, 4830.0], [81095.0, 34210.0], [81097.5, 20.0], [81107.5, 5380.0], [81110.0, 4750.0], [81132.5, 4860.0], [81140.0, 60110.0]]}}}
{"jsonrpc": "2.0", "method": "subscription", "params": {"channel": "book.BTC-21MAR25.none.20.100ms", "data": {"timestamp": 1741569674784, "change_id": 91904174078, "instrument_name": "BTC-21MAR25", "bids": [[81017.5, 120.0], [81015.0, 4500.0], [81010.0, 9080.0], [81007.5, 15770.0], [81005.0, 2800.0], [81002.5, 2800.0], [81000.0, 4580.0], [80990.0, 4580.0], [80980.0, 54390.0], [80977.5, 15640.0], [80970.0, 4480.0], [80967.5, 20.0], [80960.0, 4580.0], [80957.5, 24390.0], [80950.0, 4580.0], [80915.0, 4470.0], [80905.0, 4490.0], [80885.0, 109390.0], [80875.0, 4480.0], [80872.5, 21840.0]], "asks": [[81047.5, 10270.0], [81055.0, 4580.0], [81072.5, 10000.0], [81090.0, 15010.0], [81092.5, 4390.0], [81097.5, 20.0], [81102.5, 4390.0], [81122.5, 4420.0], [81130.0, 2000.0], [81132.5, 4420.0], [81147.5, 4520.0], [81150.0, 21850.0], [81162.5, 4540.0], [81172.5, 4390.0], [81197.5, 4520.0], [81212.5, 4520.0], [81227.5, 4540.0], [81237.5, 4560.0], [81240.0, 44630.0], [81245.0, 105000.0]]}}}
{"jsonrpc": "2.0", "method": "subscription", "params": {"channel": "book.BTC-14MAR25.none.20.100ms", "data": {"timestamp": 1741569674983, "change_id": 91904175451, "instrument_name": "BTC-14MAR25", "bids": [[80945.0, 3160.0], [80942.5, 4750.0], [80940.0, 5780.0], [80937.5, 10.0], [80932.5, 10750.0], [80930.0, 20000.0], [80927.5, 1460.0], [80925.0, 9280.0], [80922.5, 4710.0], [80920.0, 10000.0], [80912.5, 1410.0], [80910.0, 4710.0], [80905.0, 20.0], [80902.5, 9250.0], [80900.0, 30830.0], [80897.5, 4710.0], [80895.0, 9260.0], [80892.5, 28880.0], [80890.0, 2000.0], [80885.0, 4770.0]], "asks": [[80962.5, 7530.0], [80965.0, 25090.0], [80967.5, 120.0], [80975.0, 3150.0], [80977.5, 5780.0], [80980.0, 4710.0], [80987.5, 1430.0], [80990.0, 4770.0], [80995.0, 16230.0], [80997.5, 54100.0], [81012.5, 1430.0], [81015.0, 4770.0], [81032.5, 20.0], [81035.0, 4770.0], [81047.5, 4830.0], [81067.5, 4830.0], [81077.5, 4830.0], [81095.0, 34210.0], [81097.5, 20.0], [81107.5, 4880.0]]}}}
{"jsonrpc": "2.0", "method": "subscription", "params": {"channel": "book.BTC-21MAR25.none.20.100ms", "data": {"timestamp": 1741569675069, "change_id": 91904175838, "instrument_name": "BTC-21MAR25", "bids": [[81025.0, 7910.0], [81022.5, 7300.0], [81020.0, 14500.0], [81017.5, 120.0], [81012.5, 1370.0], [81010.0, 21830.0], [81007.5, 5770.0], [81005.0, 55010.0], [81002.5, 2800.0], [81000.0, 4580.0], [80995.0, 8890.0], [80992.5, 25040.0], [80990.0, 4580.0], [80982.5, 1320.0], [80980.0, 4390.0], [80972.5, 1340.0], [80970.0, 4480.0], [80967.5, 20.0], [80962.5, 1370.0], [80960.0, 4580.0]], "asks": [[81047.5, 1350.0], [81050.0, 4500.0], [81052.5, 1730.0], [81055.0, 5770.0], [81062.5, 1490.0], [81065.0, 4580.0], [81070.0, 3000.0], [81072.5, 10000.0], [81087.5, 4500.0], [81090.0, 23670.0], [81092.5, 28870.0], [81097.5, 20.0], [81100.0, 1320.0], [81102.5, 4390.0], [81120.0, 1330.0], [81122.5, 4420.0], [81127.5, 600.0], [81130.0, 3330.0], [81132.5, 4420.0], [81145.0, 1360.0]]}}}
{"jsonrpc": "2.0", "method": "subscription", "params": {"channel": "book.BTC-14MAR25.none.20.100ms", "data": {"timestamp": 1741569675311, "change_id": 91904177304, "instrument_name": "BTC-14MAR25", "bids": [[80945.0, 10.0], [80940.0, 5780.0], [80930.0, 20000.0], [80927.5, 1460.0], [80925.0, 7870.0], [80920.0, 10000.0], [80910.0, 4710.0], [80905.0, 20.0], [80900.0, 30830.0], [80897.5, 4710.0], [80892.5, 600.0], [80890.0, 2000.0], [80887.5, 1430.0], [80885.0, 4770.0], [80880.0, 7430.0], [80877.5, 24770.0], [80870.0, 1440.0], [80867.5, 4810.0], [80855.0, 650.0], [80852.5, 4750.0]], "asks": [[80950.0, 10.0], [80962.5, 7530.0], [80965.0, 25090.0], [80967.5, 5900.0], [80980.0, 4710.0], [80990.0, 4770.0], [80997.5, 54100.0], [81015.0, 4770.0], [81032.5, 20.0], [81035.0, 4770.0], [81047.5, 4830.0], [81067.5, 4830.0], [81077.5, 4830.0], [81095.0, 34210.0], [81097.5, 20.0], [81107.5, 4880.0], [81110.0, 4750.0], [81132.5, 4860.0], [81135.0, 500.0], [81140.0, 60110.0]]}}}
{"jsonrpc": "2.0", "method": "subscription", "params": {"channel": "book.BTC-21MAR25.none.20.100ms", "data": {"timestamp": 1741569675374, "change_id": 91904177270, "instrument_name": "BTC-21MAR25", "bids": [[81022.5, 4500.0], [81020.0, 14500.0], [81017.5, 120.0], [81010.0, 41860.0], [81007.5, 5770.0], [81005.0, 125700.0], [81002.5, 2800.0], [81000.0, 4580.0], [80992.5, 25040.0], [80990.0, 4580.0], [80980.0, 4390.0], [80970.0, 4480.0], [80967.5, 20.0], [80962.5, 1370.0], [80960.0, 4580.0], [80952.5, 1370.0], [80950.0, 9070.0], [80947.5, 14970.0], [80917.5, 1340.0], [80915.0, 4470.0]], "asks": [[81047.5, 4500.0], [81055.0, 5770.0], [81062.5, 120.0], [81065.0, 4580.0], [81072.5, 10000.0], [81090.0, 15010.0], [81092.5, 28870.0], [81097.5, 20.0], [81102.5, 4390.0], [81122.5, 4420.0], [81127.5, 600.0], [81130.0, 3330.0], [81132.5, 4420.0], [81145.0, 1360.0], [81147.5, 4520.0], [81160.0, 1360.0], [81162.5, 4540.0], [81170.0, 1320.0], [81172.5, 4390.0], [81187.5, 21850.0]]}}}
{"jsonrpc": "2.0", "method": "subscription", "params": {"channel": "book.BTC-14MAR25.none.20.100ms", "data": {"timestamp": 1741569675704, "change_id": 91904178073, "instrument_name": "BTC-14MAR25", "bids": [[80950.0, 2850.0], [80947.5, 4750.0], [80945.0, 4760.0], [80940.0, 5780.0], [80932.5, 6000.0], [80930.0, 20000.0], [80925.0, 4830.0], [80920.0, 10000.0], [80912.5, 1410.0], [80910.0, 4710.0], [80905.0, 20.0], [80902.5, 30830.0], [80897.5, 4710.0], [80890.0, 2000.0], [80887.5, 1430.0], [80885.0, 4770.0], [80880.0, 7430.0], [80877.5, 24770.0], [80870.0, 1440.0], [80867.5, 4810.0]], "asks": [[80965.0, 25090.0], [80967.5, 120.0], [80977.5, 5780.0], [80990.0, 4770.0], [80997.5, 29890.0], [81015.0, 4770.0], [81022.5, 23950.0], [81032.5, 20.0], [81035.0, 4770.0], [81047.5, 4830.0], [81067.5, 4830.0], [81077.5, 4830.0], [81095.0, 34210.0], [81097.5, 20.0], [81107.5, 4880.0], [81110.0, 4750.0], [81132.5, 4860.0], [81135.0, 500.0], [81140.0, 60110.0], [81142.5, 4710.0]]}}}
{"jsonrpc": "2.0", "method": "subscription", "params": {"channel": "book.BTC-21MAR25.none.20.100ms", "data": {"timestamp": 1741569675696, "change_id": 91904178057, "instrument_name": "BTC-21MAR25", "bids": [[81035.0, 590.0], [81032.5, 2800.0], [81030.0, 2800.0], [81027.5, 7300.0], [81025.0, 9870.0], [81022.5, 9080.0], [81020.0, 14500.0], [81017.5, 55890.0], [81010.0, 4580.0], [81005.0, 72900.0], [81002.5, 2800.0], [81000.0, 4580.0], [80992.5, 25040.0], [80990.0, 4580.0], [80980.0, 4390.0], [80970.0, 4480.0], [80967.5, 20.0], [80962.5, 1370.0], [80960.0, 4580.0], [80950.0, 9070.0]], "asks": [[81055.0, 5770.0], [81062.5, 120.0], [81070.0, 4370.0], [81072.5, 14580.0], [81090.0, 15010.0], [81092.5, 4390.0], [81097.5, 20.0], [81102.5, 4390.0], [81120.0, 24450.0], [81122.5, 4420.0], [81130.0, 2000.0], [81132.5, 4420.0], [81145.0, 1360.0], [81147.5, 4520.0], [81160.0, 1360.0], [81162.5, 4540.0], [81170.0, 1320.0], [81172.5, 4390.0], [81187.5, 21850.0], [81197.5, 4520.0]]}}}
{"jsonrpc": "2.0", "method": "subscription", "params": {"channel": "book.BTC-14MAR25.none.20.100ms", "data": {"timestamp": 1741569676036, "change_id": 91904179197, "instrument_name": "BTC-14MAR25", "bids": [[80955.0, 10.0], [80952.5, 1430.0], [80950.0, 4750.0], [80947.5, 1430.0], [80945.0, 4750.0], [80942.5, 1730.0], [80940.0, 5780.0], [80935.0, 120.0], [80932.5, 3000.0], [80930.0, 10000.0], [80910.0, 4710.0], [80905.0, 20.0], [80902.5, 30830.0], [80897.5, 4710.0], [80890.0, 2000.0], [80885.0, 4770.0], [80877.5, 24770.0], [80867.5, 4810.0], [80855.0, 650.0], [80852.5, 4750.0]], "asks": [[80965.0, 15090.0], [80975.0, 1730.0], [80977.5, 15780.0], [80980.0, 120.0], [80987.5, 1430.0], [80990.0, 4770.0], [80995.0, 8970.0], [80997.5, 29890.0], [81015.0, 4770.0], [81032.5, 20.0], [81047.5, 4830.0], [81067.5, 4830.0], [81077.5, 4830.0], [81095.0, 34210.0], [81097.5, 20.0], [81107.5, 4880.0], [81110.0, 4750.0], [81132.5, 4860.0], [81135.0, 500.0], [81140.0, 60110.0]]}}}
{"jsonrpc": "2.0", "method": "subscription", "params": {"channel": "book.BTC-21MAR25.none.20.100ms", "data": {"timestamp": 1741569676108, "change_id": 91904179322, "instrument_name": "BTC-21MAR25", "bids": [[81037.5, 1350.0], [81035.0, 7300.0], [81032.5, 2800.0], [81030.0, 12800.0], [81027.5, 4620.0], [81022.5, 9080.0], [81020.0, 4500.0], [81017.5, 5770.0], [81012.5, 50000.0], [81010.0, 4580.0], [81005.0, 72900.0], [81000.0, 4580.0], [80992.5, 25040.0], [80980.0, 4390.0], [80970.0, 4480.0], [80967.5, 20.0], [80960.0, 4580.0], [80950.0, 4580.0], [80947.5, 14970.0], [80915.0, 4470.0]], "asks": [[81055.0, 5770.0], [81062.5, 120.0], [81072.5, 14580.0], [81087.5, 4500.0], [81090.0, 15010.0], [81092.5, 4390.0], [81097.5, 20.0], [81102.5, 4390.0], [81122.5, 4420.0], [81130.0, 2000.0], [81132.5, 4420.0], [81147.5, 4520.0], [81162.5, 4540.0], [81172.5, 4390.0], [81187.5, 21850.0], [81212.5, 4520.0], [81227.5, 4540.0], [81237.5, 4560.0], [81240.0, 44630.0], [81245.0, 105000.0]]}}}
{"jsonrpc": "2.0", "method": "subscription", "params": {"channel": "book.BTC-14MAR25.none.20.100ms", "data": {"timestamp": 1741569676266, "change_id": 91904180062, "instrument_name": "BTC-14MAR25", "bids": [[80942.5, 4750.0], [80940.0, 5780.0], [80935.0, 120.0], [80932.5, 3000.0], [80930.0, 10000.0], [80927.5, 1410.0], [80925.0, 4710.0], [80910.0, 4710.0], [80905.0, 9270.0], [80902.5, 30830.0], [80897.5, 4710.0], [80890.0, 2000.0], [80885.0, 4770.0], [80877.5, 24770.0], [80867.5, 4810.0], [80855.0, 650.0], [80852.5, 4750.0], [80850.0, 4670.0], [80840.0, 4690.0], [80825.0, 30690.0]], "asks": [[80960.0, 10.0], [80965.0, 15090.0], [80977.5, 15780.0], [80980.0, 4830.0], [80990.0, 4770.0], [80997.5, 29890.0], [81007.5, 24590.0], [81015.0, 4770.0], [81032.5, 20.0], [81047.5, 4830.0], [81060.0, 35000.0], [81067.5, 4830.0], [81077.5, 4830.0], [81095.0, 34210.0], [81097.5, 20.0], [81107.5, 4880.0], [81110.0, 4750.0], [81132.5, 4860.0], [81135.0, 500.0], [81140.0, 60110.0]]}}}
{"jsonrpc": "2.0", "method": "subscription", "params": {"channel": "book.BTC-21MAR25.none.20.100ms", "data": {"timestamp": 1741569676340, "change_id": 91904179954, "instrument_name": "BTC-21MAR25", "bids": [[81030.0, 10000.0], [81027.5, 120.0], [81020.0, 4580.0], [81017.5, 5770.0], [81010.0, 4580.0], [81007.5, 50000.0], [81005.0, 72900.0], [81000.0, 4580.0], [80992.5, 25040.0], [80980.0, 4390.0], [80970.0, 4480.0], [80967.5, 20.0], [80960.0, 4580.0], [80950.0, 4580.0], [80947.5, 14970.0], [80915.0, 4470.0], [80905.0, 4490.0], [80885.0, 109390.0], [80875.0, 4480.0], [80872.5, 21840.0]], "asks": [[81052.5, 4500.0], [81055.0, 10270.0], [81062.5, 4580.0], [81072.5, 14580.0], [81075.0, 120.0], [81090.0, 15010.0], [81092.5, 4390.0], [81097.5, 20.0], [81102.5, 29070.0], [81122.5, 4420.0], [81125.0, 35000.0], [81130.0, 2000.0], [81132.5, 4420.0], [81147.5, 4520.0], [81162.5, 4540.0], [81172.5, 4390.0], [81187.5, 21850.0], [81212.5, 4520.0], [81227.5, 4540.0], [81237.5, 4560.0]]}}}
{"jsonrpc": "2.0", "method": "subscription", "params": {"channel": "book.BTC-14MAR25.none.20.100ms", "data": {"timestamp": 1741569676747, "change_id": 91904180883, "instrument_name": "BTC-14MAR25", "bids": [[80932.5, 5780.0], [80927.5, 4750.0], [80922.5, 20120.0], [80915.0, 10000.0], [80907.5, 4710.0], [80905.0, 20.0], [80897.5, 4710.0], [80895.0, 30830.0], [80890.0, 2000.0], [80885.0, 4770.0], [80880.0, 7430.0], [80877.5, 24770.0], [80867.5, 4810.0], [80852.5, 4750.0], [80850.0, 4670.0], [80840.0, 4690.0], [80825.0, 30690.0], [80817.5, 4820.0], [80785.0, 105000.0], [80782.5, 4800.0]], "asks": [[80947.5, 10.0], [80952.5, 4750.0], [80960.0, 15090.0], [80967.5, 10120.0], [80970.0, 4710.0], [80977.5, 5780.0], [80980.0, 4710.0], [80990.0, 4770.0], [80997.5, 29890.0], [81007.5, 24590.0], [81015.0, 4770.0], [81032.5, 20.0], [81047.5, 4830.0], [81060.0, 35000.0], [81067.5, 4830.0], [81075.0, 26440.0], [81077.5, 4830.0], [81095.0, 34210.0], [81097.5, 20.0], [81107.5, 4880.0]]}}}
{"jsonrpc": "2.0", "method": "subscription", "params": {"channel": "book.BTC-21MAR25.none.20.100ms", "data": {"timestamp": 1741569676759, "change_id": 91904180912, "instrument_name": "BTC-21MAR25", "bids": [[81020.0, 2000.0], [81017.5, 12800.0], [81015.0, 2920.0], [81012.5, 2930.0], [81010.0, 10350.0], [81007.5, 2190.0], [81005.0, 7300.0], [81002.5, 2800.0], [81000.0, 59080.0], [80992.5, 25040.0], [80980.0, 4390.0], [80970.0, 4480.0], [80967.5, 20.0], [80960.0, 4580.0], [80950.0, 4580.0], [80937.5, 14970.0], [80915.0, 4470.0], [80905.0, 4490.0], [80885.0, 109390.0], [80875.0, 4480.0]], "asks": [[81040.0, 4500.0], [81050.0, 4580.0], [81055.0, 5770.0], [81062.5, 4580.0], [81065.0, 120.0], [81072.5, 14580.0], [81090.0, 15010.0], [81092.5, 4390.0], [81097.5, 20.0], [81102.5, 29070.0], [81122.5, 4420.0], [81125.0, 35000.0], [81130.0, 2000.0], [81132.5, 4420.0], [81147.5, 4520.0], [81162.5, 4540.0], [81172.5, 4390.0], [81187.5, 21850.0], [81212.5, 4520.0], [81227.5, 4540.0]]}}}
{"jsonrpc": "2.0", "method": "subscription", "params": {"channel": "book.BTC-14MAR25.none.20.100ms", "data": {"timestamp": 1741569677055, "change_id": 91904181861, "instrument_name": "BTC-14MAR25", "bids": [[80932.5, 5780.0], [80922.5, 20120.0], [80915.0, 10000.0], [80907.5, 4710.0], [80905.0, 20.0], [80897.5, 4710.0], [80892.5, 30830.0], [80890.0, 2000.0], [80885.0, 4770.0], [80880.0, 650.0], [80877.5, 24770.0], [80867.5, 4810.0], [80852.5, 4750.0], [80850.0, 4670.0], [80840.0, 4690.0], [80825.0, 30690.0], [80817.5, 4820.0], [80785.0, 105000.0], [80782.5, 4800.0], [80775.0, 61800.0]], "asks": [[80952.5, 4760.0], [80960.0, 15090.0], [80965.0, 5780.0], [80967.5, 10120.0], [80980.0, 4710.0], [80990.0, 4770.0], [80997.5, 29890.0], [81007.5, 24590.0], [81015.0, 4770.0], [81032.5, 20.0], [81047.5, 4830.0], [81060.0, 35000.0], [81067.5, 4830.0], [81075.0, 26440.0], [81077.5, 4830.0], [81095.0, 34210.0], [81097.5, 20.0], [81107.5, 4880.0], [81110.0, 4750.0], [81132.5, 4860.0]]}}}
{"jsonrpc": "2.0", "method": "subscription", "params": {"channel": "book.BTC-21MAR25.none.20.100ms", "data": {"timestamp": 1741569676946, "change_id": 91904181484, "instrument_name": "BTC-21MAR25", "bids": [[81020.0, 4470.0], [81017.5, 12800.0], [81015.0, 2920.0], [81012.5, 2930.0], [81010.0, 10350.0], [81007.5, 2190.0], [81005.0, 7300.0], [81002.5, 2800.0], [81000.0, 54580.0], [80992.5, 25040.0], [80980.0, 4390.0], [80970.0, 4480.0], [80967.5, 20.0], [80960.0, 4580.0], [80950.0, 4580.0], [80937.5, 14970.0], [80915.0, 4470.0], [80905.0, 4490.0], [80885.0, 109390.0], [80875.0, 4480.0]], "asks": [[81042.5, 7580.0], [81045.0, 10270.0], [81062.5, 4580.0], [81065.0, 120.0], [81072.5, 14580.0], [81090.0, 15010.0], [81092.5, 4390.0], [81097.5, 20.0], [81102.5, 29070.0], [81122.5, 4420.0], [81125.0, 35000.0], [81130.0, 2000.0], [81132.5, 4420.0], [81147.5, 4520.0], [81162.5, 4540.0], [81172.5, 4390.0], [81187.5, 21850.0], [81212.5, 4520.0], [81227.5, 4540.0], [81237.5, 4560.0]]}}}
{"jsonrpc": "2.0", "method": "subscription", "params": {"channel": "book.BTC-14MAR25.none.20.100ms", "data": {"timestamp": 1741569677248, "change_id": 91904182223, "instrument_name": "BTC-14MAR25", "bids": [[80935.0, 3160.0], [80932.5, 10530.0], [80925.0, 6040.0], [80922.5, 20120.0], [80917.5, 3000.0], [80915.0, 10000.0], [80910.0, 1420.0], [80907.5, 4710.0], [80905.0, 20.0], [80900.0, 1410.0], [80897.5, 4710.0], [80895.0, 9850.0], [80892.5, 30830.0], [80890.0, 2000.0], [80887.5, 1430.0], [80885.0, 4770.0], [80880.0, 8080.0], [80877.5, 24770.0], [80870.0, 1440.0], [80867.5, 4810.0]], "asks": [[80952.5, 10.0], [80957.5, 4530.0], [80960.0, 15090.0], [80962.5, 1730.0], [80965.0, 8820.0], [80967.5, 10120.0], [80977.5, 1410.0], [80980.0, 4710.0], [80987.5, 1430.0], [80990.0, 4770.0], [80995.0, 8970.0], [80997.5, 29890.0], [81005.0, 7380.0], [81007.5, 24590.0], [81012.5, 1430.0], [81015.0, 4770.0], [81032.5, 20.0], [81045.0, 1450.0], [81047.5, 4830.0], [81060.0, 35000.0]]}}}
{"jsonrpc": "2.0", "method": "subscription", "params": {"channel": "book.BTC-21MAR25.none.20.100ms", "data": {"timestamp": 1741569677427, "change_id": 91904182598, "instrument_name": "BTC-21MAR25", "bids": [[81020.0, 4470.0], [81017.5, 12800.0], [81015.0, 2920.0], [81012.5, 2930.0], [81010.0, 10350.0], [81007.5, 16920.0], [81005.0, 65330.0], [81002.5, 2800.0], [81000.0, 24890.0], [80995.0, 7510.0], [80992.5, 25040.0], [80982.5, 1320.0], [80980.0, 4390.0], [80972.5, 1340.0], [80970.0, 4480.0], [80967.5, 20.0], [80962.5, 1370.0], [80960.0, 4580.0], [80952.5, 1370.0], [80950.0, 4580.0]], "asks": [[81042.5, 1730.0], [81045.0, 5770.0], [81060.0, 1410.0], [81062.5, 4580.0], [81065.0, 120.0], [81070.0, 4370.0], [81072.5, 14580.0], [81087.5, 4500.0], [81090.0, 16330.0], [81092.5, 4390.0], [81097.5, 20.0], [81100.0, 8720.0], [81102.5, 29070.0], [81122.5, 14920.0], [81125.0, 35000.0], [81127.5, 600.0], [81130.0, 3330.0], [81132.5, 4420.0], [81145.0, 1360.0], [81147.5, 4520.0]]}}}
{"jsonrpc": "2.0", "method": "subscription", "params": {"channel": "book.BTC-14MAR25.none.20.100ms", "data": {"timestamp": 1741569677713, "change_id": 91904183246, "instrument_name": "BTC-14MAR25", "bids": [[80937.5, 1430.0], [80935.0, 7730.0], [80932.5, 4750.0], [80930.0, 5780.0], [80925.0, 6040.0], [80922.5, 20120.0], [80917.5, 7710.0], [80915.0, 28940.0], [80912.5, 63120.0], [80910.0, 1420.0], [80907.5, 4710.0], [80905.0, 20.0], [80900.0, 1410.0], [80897.5, 4710.0], [80895.0, 9850.0], [80892.5, 30830.0], [80890.0, 2000.0], [80887.5, 1430.0], [80885.0, 4770.0], [80880.0, 8080.0]], "asks": [[80952.5, 10.0], [80957.5, 4530.0], [80960.0, 15090.0], [80962.5, 1730.0], [80965.0, 8820.0], [80967.5, 10120.0], [80977.5, 1410.0], [80980.0, 4710.0], [80987.5, 1430.0], [80990.0, 4770.0], [80995.0, 8970.0], [80997.5, 29890.0], [81005.0, 7380.0], [81007.5, 24590.0], [81012.5, 1430.0], [81015.0, 4770.0], [81032.5, 20.0], [81045.0, 1450.0], [81047.5, 4830.0], [81057.5, 10500.0]]}}}
{"jsonrpc": "2.0", "method": "subscription", "params": {"channel": "book.BTC-21MAR25.none.20.100ms", "data": {"timestamp": 1741569677696, "change_id": 91904183174, "instrument_name": "BTC-21MAR25", "bids": [[81025.0, 2190.0], [81022.5, 2800.0], [81020.0, 8970.0], [81017.5, 12800.0], [81015.0, 120.0], [81012.5, 1370.0], [81010.0, 4580.0], [81007.5, 22690.0], [81005.0, 65330.0], [81002.5, 2800.0], [81000.0, 24890.0], [80995.0, 7510.0], [80992.5, 25040.0], [80982.5, 1320.0], [80980.0, 4390.0], [80972.5, 1340.0], [80970.0, 4480.0], [80967.5, 20.0], [80962.5, 1370.0], [80960.0, 4580.0]], "asks": [[81040.0, 1730.0], [81045.0, 5770.0], [81060.0, 1410.0], [81062.5, 4580.0], [81065.0, 120.0], [81070.0, 4370.0], [81072.5, 14580.0], [81087.5, 4500.0], [81090.0, 16330.0], [81092.5, 4390.0], [81097.5, 20.0], [81100.0, 8720.0], [81102.5, 29070.0], [81122.5, 14920.0], [81125.0, 35000.0], [81127.5, 600.0], [81130.0, 3330.0], [81132.5, 4420.0], [81145.0, 1360.0], [81147.5, 4520.0]]}}}
{"jsonrpc": "2.0", "method": "subscription", "params": {"channel": "book.BTC-14MAR25.none.20.100ms", "data": {"timestamp": 1741569677797, "change_id": 91904183299, "instrument_name": "BTC-14MAR25", "bids": [[80942.5, 10.0], [80937.5, 1430.0], [80935.0, 7730.0], [80932.5, 4750.0], [80930.0, 5780.0], [80925.0, 6040.0], [80922.5, 20120.0], [80917.5, 7710.0], [80915.0, 28940.0], [80912.5, 63120.0], [80910.0, 1420.0], [80907.5, 4710.0], [80905.0, 20.0], [80900.0, 1410.0], [80897.5, 4710.0], [80895.0, 9850.0], [80892.5, 30830.0], [80890.0, 2000.0], [80887.5, 1430.0], [80885.0, 4770.0]], "asks": [[80952.5, 10.0], [80957.5, 4530.0], [80960.0, 15090.0], [80962.5, 1730.0], [80965.0, 8820.0], [80967.5, 10120.0], [80977.5, 1410.0], [80980.0, 4710.0], [80987.5, 1430.0], [80990.0, 4770.0], [80995.0, 8970.0], [80997.5, 29890.0], [81005.0, 7380.0], [81007.5, 24590.0], [81012.5, 1430.0], [81015.0, 4770.0], [81032.5, 20.0], [81045.0, 1450.0], [81047.5, 4830.0], [81057.5, 10500.0]]}}}
{"jsonrpc": "2.0", "method": "subscription", "params": {"channel": "book.BTC-21MAR25.none.20.100ms", "data": {"timestamp": 1741569678092, "change_id": 91904183903, "instrument_name": "BTC-21MAR25", "bids": [[81025.0, 2800.0], [81020.0, 2790.0], [81017.5, 10000.0], [81015.0, 120.0], [81012.5, 1370.0], [81010.0, 4580.0], [81007.5, 22690.0], [81005.0, 65330.0], [81002.5, 2800.0], [81000.0, 24890.0], [80995.0, 7510.0], [80992.5, 25040.0], [80982.5, 1320.0], [80980.0, 4390.0], [80972.5, 1340.0], [80970.0, 4480.0], [80967.5, 20.0], [80962.5, 1370.0], [80960.0, 4580.0], [80952.5, 1370.0]], "asks": [[81040.0, 1730.0], [81045.0, 5770.0], [81060.0, 1410.0], [81062.5, 4580.0], [81065.0, 7590.0], [81067.5, 24900.0], [81070.0, 4370.0], [81072.5, 14580.0], [81087.5, 4500.0], [81090.0, 16330.0], [81092.5, 4390.0], [81097.5, 20.0], [81100.0, 8720.0], [81102.5, 29070.0], [81122.5, 14920.0], [81125.0, 35000.0], [81127.5, 600.0], [81130.0, 3330.0], [81132.5, 4420.0], [81145.0, 1360.0]]}}}
{"jsonrpc": "2.0", "method": "subscription", "params": {"channel": "book.BTC-14MAR25.none.20.100ms", "data": {"timestamp": 1741569678425, "change_id": 91904184459, "instrument_name": "BTC-14MAR25", "bids": [[80937.5, 10.0], [80932.5, 1730.0], [80930.0, 5780.0], [80925.0, 6040.0], [80922.5, 20120.0], [80917.5, 3000.0], [80915.0, 28940.0], [80912.5, 63120.0], [80910.0, 1420.0], [80907.5, 4710.0], [80905.0, 20.0], [80900.0, 1410.0], [80897.5, 4710.0], [80895.0, 9850.0], [80892.5, 30830.0], [80890.0, 2000.0], [80887.5, 1430.0], [80885.0, 4770.0], [80880.0, 8080.0], [80877.5, 24770.0]], "asks": [[80945.0, 10.0], [80957.5, 4530.0], [80960.0, 15090.0], [80962.5, 1730.0], [80965.0, 8820.0], [80967.5, 10120.0], [80970.0, 4710.0], [80977.5, 1410.0], [80980.0, 4710.0], [80987.5, 1430.0], [80990.0, 4770.0], [80995.0, 8970.0], [80997.5, 29890.0], [81005.0, 7380.0], [81007.5, 24590.0], [81012.5, 1430.0], [81015.0, 4770.0], [81032.5, 20.0], [81045.0, 1450.0], [81047.5, 4830.0]]}}}
{"jsonrpc": "2.0", "method": "subscription", "params": {"channel": "book.BTC-21MAR25.none.20.100ms", "data": {"timestamp": 1741569678347, "change_id": 91904184397, "instrument_name": "BTC-21MAR25", "bids": [[81017.5, 10000.0], [81015.0, 120.0], [81010.0, 3080.0], [81007.5, 5770.0], [81005.0, 26800.0], [81002.5, 52800.0], [81000.0, 24890.0], [80995.0, 7510.0], [80992.5, 25040.0], [80982.5, 1320.0], [80980.0, 4390.0], [80972.5, 1340.0], [80970.0, 4480.0], [80967.5, 20.0], [80962.5, 1370.0], [80960.0, 4580.0], [80952.5, 1370.0], [80950.0, 4580.0], [80942.5, 1370.0], [80940.0, 9070.0]], "asks": [[81037.5, 1350.0], [81040.0, 6230.0], [81045.0, 5770.0], [81055.0, 120.0], [81060.0, 1410.0], [81062.5, 4580.0], [81065.0, 7470.0], [81067.5, 24900.0], [81070.0, 4370.0], [81072.5, 14580.0], [81087.5, 4500.0], [81090.0, 16330.0], [81092.5, 4390.0], [81097.5, 20.0], [81100.0, 8720.0], [81102.5, 29070.0], [81122.5, 14920.0], [81125.0, 35000.0], [81127.5, 600.0], [81130.0, 3330.0]]}}}
{"jsonrpc": "2.0", "method": "subscription", "params": {"channel": "book.BTC-14MAR25.none.20.100ms", "data": {"timestamp": 1741569678614, "change_id": 91904184935, "instrument_name": "BTC-14MAR25", "bids": [[80937.5, 10.0], [80935.0, 3160.0], [80932.5, 4750.0], [80930.0, 5780.0], [80925.0, 6040.0], [80922.5, 20120.0], [80917.5, 3000.0], [80915.0, 28940.0], [80912.5, 63120.0], [80910.0, 1420.0], [80907.5, 4710.0], [80905.0, 20.0], [80900.0, 1410.0], [80897.5, 4710.0], [80895.0, 9850.0], [80892.5, 30830.0], [80890.0, 2000.0], [80887.5, 1430.0], [80885.0, 4770.0], [80880.0, 8080.0]], "asks": [[80957.5, 9280.0], [80960.0, 15090.0], [80962.5, 1730.0], [80965.0, 8820.0], [80967.5, 10120.0], [80970.0, 4710.0], [80977.5, 1410.0], [80980.0, 4710.0], [80987.5, 1430.0], [80990.0, 4770.0], [80995.0, 8970.0], [80997.5, 29890.0], [81005.0, 7380.0], [81007.5, 24590.0], [81012.5, 1430.0], [81015.0, 4770.0], [81032.5, 20.0], [81045.0, 1450.0], [81047.5, 4830.0], [81057.5, 10500.0]]}}}
{"jsonrpc": "2.0", "method": "subscription", "params": {"channel": "book.BTC-21MAR25.none.20.100ms", "data": {"timestamp": 1741569678656, "change_id": 91904185019, "instrument_name": "BTC-21MAR25", "bids": [[81020.0, 3040.0], [81017.5, 10000.0], [81015.0, 120.0], [81012.5, 1370.0], [81010.0, 7660.0], [81007.5, 5770.0], [81005.0, 26800.0], [81002.5, 52800.0], [81000.0, 24890.0], [80995.0, 7510.0], [80992.5, 25040.0], [80982.5, 1320.0], [80980.0, 4390.0], [80972.5, 1340.0], [80970.0, 4480.0], [80967.5, 20.0], [80962.5, 1370.0], [80960.0, 4580.0], [80952.5, 1370.0], [80950.0, 4580.0]], "asks": [[81040.0, 1730.0], [81045.0, 5770.0], [81047.5, 1370.0], [81050.0, 4580.0], [81055.0, 120.0], [81060.0, 1410.0], [81062.5, 14580.0], [81067.5, 24900.0], [81072.5, 4580.0], [81087.5, 4500.0], [81090.0, 16330.0], [81092.5, 4390.0], [81097.5, 20.0], [81100.0, 8720.0], [81102.5, 29070.0], [81122.5, 14920.0], [81125.0, 35000.0], [81127.5, 600.0], [81130.0, 3330.0], [81132.5, 4420.0]]}}}
{"jsonrpc": "2.0", "method": "subscription", "params": {"channel": "book.BTC-14MAR25.none.20.100ms", "data": {"timestamp": 1741569679065, "change_id": 91904186066, "instrument_name": "BTC-14MAR25", "bids": [[80937.5, 10.0], [80932.5, 1730.0], [80930.0, 5780.0], [80925.0, 6040.0], [80922.5, 20120.0], [80917.5, 3000.0], [80915.0, 28940.0], [80912.5, 63120.0], [80910.0, 1420.0], [80907.5, 4710.0], [80905.0, 20.0], [80900.0, 1410.0], [80897.5, 4710.0], [80895.0, 9850.0], [80892.5, 30830.0], [80890.0, 2000.0], [80887.5, 1430.0], [80885.0, 4770.0], [80880.0, 8080.0], [80877.5, 24770.0]], "asks": [[80950.0, 1430.0], [80952.5, 4750.0], [80957.5, 4650.0], [80960.0, 15090.0], [80962.5, 1730.0], [80965.0, 8820.0], [80967.5, 10000.0], [80970.0, 4710.0], [80977.5, 1410.0], [80980.0, 4710.0], [80987.5, 1430.0], [80990.0, 4770.0], [80995.0, 8970.0], [80997.5, 29890.0], [81005.0, 7380.0], [81007.5, 24590.0], [81012.5, 1430.0], [81015.0, 4770.0], [81032.5, 20.0], [81045.0, 1450.0]]}}}
{"jsonrpc": "2.0", "method": "subscription", "params": {"channel": "book.BTC-21MAR25.none.20.100ms", "data": {"timestamp": 1741569679036, "change_id": 91904186016, "instrument_name": "BTC-21MAR25", "bids": [[81022.5, 2800.0], [81020.0, 3040.0], [81017.5, 10000.0], [81015.0, 120.0], [81012.5, 1370.0], [81010.0, 7660.0], [81007.5, 5770.0], [81005.0, 26800.0], [81002.5, 52800.0], [81000.0, 24890.0], [80995.0, 7510.0], [80992.5, 25040.0], [80982.5, 1320.0], [80980.0, 4390.0], [80972.5, 1340.0], [80970.0, 4480.0], [80967.5, 20.0], [80962.5, 1370.0], [80960.0, 4580.0], [80952.5, 1370.0]], "asks": [[81040.0, 1730.0], [81045.0, 5770.0], [81047.5, 1370.0], [81050.0, 4580.0], [81055.0, 120.0], [81060.0, 1410.0], [81062.5, 14580.0], [81067.5, 24900.0], [81072.5, 4580.0], [81087.5, 4500.0], [81090.0, 16330.0], [81092.5, 4390.0], [81097.5, 20.0], [81100.0, 8720.0], [81102.5, 29070.0], [81122.5, 14920.0], [81125.0, 35000.0], [81127.5, 600.0], [81130.0, 3330.0], [81132.5, 4420.0]]}}}
{"jsonrpc": "2.0", "method": "subscription", "params": {"channel": "book.BTC-14MAR25.none.20.100ms", "data": {"timestamp": 1741569679370, "change_id": 91904186960, "instrument_name": "BTC-14MAR25", "bids": [[80937.5, 1430.0], [80935.0, 4750.0], [80932.5, 1730.0], [80930.0, 11780.0], [80927.5, 20000.0], [80922.5, 120.0], [80917.5, 7710.0], [80915.0, 28940.0], [80912.5, 63120.0], [80910.0, 1420.0], [80907.5, 4710.0], [80905.0, 20.0], [80900.0, 1410.0], [80897.5, 4710.0], [80895.0, 9850.0], [80892.5, 30830.0], [80890.0, 2000.0], [80887.5, 1430.0], [80885.0, 4770.0], [80880.0, 8080.0]], "asks": [[80955.0, 10.0], [80957.5, 4530.0], [80960.0, 15090.0], [80965.0, 3040.0], [80967.5, 10000.0], [80970.0, 1850.0], [80972.5, 5780.0], [80977.5, 1410.0], [80980.0, 4710.0], [80987.5, 1430.0], [80990.0, 4770.0], [80995.0, 8970.0], [80997.5, 29890.0], [81005.0, 7380.0], [81007.5, 24590.0], [81012.5, 1430.0], [81015.0, 4770.0], [81032.5, 20.0], [81045.0, 1450.0], [81047.5, 4830.0]]}}}
{"jsonrpc": "2.0", "method": "subscription", "params": {"channel": "book.BTC-21MAR25.none.20.100ms", "data": {"timestamp": 1741569679405, "change_id": 91904187005, "instrument_name": "BTC-21MAR25", "bids": [[81027.5, 840.0], [81025.0, 4890.0], [81022.5, 7300.0], [81020.0, 3040.0], [81017.5, 10000.0], [81015.0, 120.0], [81012.5, 1370.0], [81010.0, 22280.0], [81007.5, 55770.0], [81002.5, 10270.0], [81000.0, 24890.0], [80995.0, 7510.0], [80992.5, 25040.0], [80982.5, 1320.0], [80980.0, 4390.0], [80972.5, 1340.0], [80970.0, 4480.0], [80967.5, 20.0], [80962.5, 1370.0], [80960.0, 4580.0]], "asks": [[81045.0, 1350.0], [81047.5, 4500.0], [81050.0, 1770.0], [81052.5, 5770.0], [81055.0, 120.0], [81060.0, 4200.0], [81062.5, 14580.0], [81067.5, 24900.0], [81072.5, 4580.0], [81087.5, 4500.0], [81090.0, 16330.0], [81092.5, 4390.0], [81097.5, 20.0], [81100.0, 8720.0], [81102.5, 29070.0], [81122.5, 14920.0], [81125.0, 35000.0], [81127.5, 600.0], [81130.0, 3330.0], [81132.5, 4420.0]]}}}
{"jsonrpc": "2.0", "method": "subscription", "params": {"channel": "book.BTC-14MAR25.none.20.100ms", "data": {"timestamp": 1741569679741, "change_id": 91904187645, "instrument_name": "BTC-14MAR25", "bids": [[80950.0, 2850.0], [80947.5, 4750.0], [80945.0, 4760.0], [80932.5, 1730.0], [80930.0, 11780.0], [80927.5, 20000.0], [80925.0, 10000.0], [80922.5, 120.0], [80920.0, 1410.0], [80917.5, 4710.0], [80915.0, 18940.0], [80912.5, 63120.0], [80910.0, 1420.0], [80907.5, 4710.0], [80905.0, 9270.0], [80902.5, 30830.0], [80900.0, 1410.0], [80897.5, 4710.0], [80895.0, 600.0], [80890.0, 2000.0]], "asks": [[80965.0, 18130.0], [80967.5, 10000.0], [80970.0, 1850.0], [80972.5, 5780.0], [80987.5, 1430.0], [80990.0, 4770.0], [80995.0, 8970.0], [80997.5, 29890.0], [81000.0, 4710.0], [81012.5, 1430.0], [81015.0, 4770.0], [81032.5, 20.0], [81045.0, 1450.0], [81047.5, 4830.0], [81057.5, 10500.0], [81060.0, 35000.0], [81065.0, 1450.0], [81067.5, 4830.0], [81072.5, 7930.0], [81075.0, 27890.0]]}}}
{"jsonrpc": "2.0", "method": "subscription", "params": {"channel": "book.BTC-21MAR25.none.20.100ms", "data": {"timestamp": 1741569679749, "change_id": 91904187658, "instrument_name": "BTC-21MAR25", "bids": [[81035.0, 1680.0], [81032.5, 2800.0], [81030.0, 6980.0], [81027.5, 14500.0], [81022.5, 1370.0], [81020.0, 4580.0], [81015.0, 120.0], [81012.5, 1370.0], [81010.0, 6310.0], [81007.5, 5770.0], [81002.5, 52800.0], [81000.0, 24890.0], [80995.0, 7510.0], [80992.5, 25040.0], [80982.5, 1320.0], [80980.0, 4390.0], [80972.5, 1340.0], [80970.0, 4480.0], [80967.5, 20.0], [80962.5, 1370.0]], "asks": [[81050.0, 1770.0], [81052.5, 5770.0], [81060.0, 2820.0], [81062.5, 10000.0], [81065.0, 7470.0], [81067.5, 24900.0], [81072.5, 4580.0], [81087.5, 4500.0], [81090.0, 16330.0], [81092.5, 4390.0], [81097.5, 20.0], [81100.0, 1320.0], [81102.5, 4390.0], [81122.5, 14920.0], [81125.0, 35000.0], [81127.5, 600.0], [81130.0, 3330.0], [81132.5, 4420.0], [81147.5, 4520.0], [81160.0, 1360.0]]}}}
{"jsonrpc": "2.0", "method": "subscription", "params": {"channel": "book.BTC-14MAR25.none.20.100ms", "data": {"timestamp": 1741569679896, "change_id": 91904188343, "instrument_name": "BTC-14MAR25", "bids": [[80945.0, 10.0], [80940.0, 1730.0], [80937.5, 5780.0], [80932.5, 120.0], [80930.0, 6000.0], [80927.5, 20000.0], [80925.0, 10000.0], [80920.0, 1410.0], [80917.5, 4710.0], [80915.0, 18940.0], [80912.5, 63120.0], [80910.0, 1420.0], [80907.5, 4710.0], [80905.0, 9270.0], [80902.5, 30830.0], [80900.0, 1410.0], [80897.5, 4710.0], [80895.0, 600.0], [80890.0, 2000.0], [80887.5, 1430.0]], "asks": [[80957.5, 10.0], [80962.5, 4530.0], [80965.0, 18130.0], [80967.5, 10000.0], [80970.0, 1850.0], [80972.5, 5780.0], [80975.0, 1410.0], [80977.5, 4710.0], [80987.5, 1430.0], [80990.0, 4770.0], [80992.5, 7210.0], [80995.0, 32990.0], [80997.5, 29890.0], [81000.0, 4710.0], [81012.5, 1430.0], [81015.0, 4770.0], [81032.5, 20.0], [81045.0, 1450.0], [81047.5, 4830.0], [81057.5, 10500.0]]}}}
{"jsonrpc": "2.0", "method": "subscription", "params": {"channel": "book.BTC-21MAR25.none.20.100ms", "data": {"timestamp": 1741569680028, "change_id": 91904188622, "instrument_name": "BTC-21MAR25", "bids": [[81027.5, 1390.0], [81025.0, 4620.0], [81022.5, 1350.0], [81020.0, 9050.0], [81017.5, 5770.0], [81015.0, 10000.0], [81012.5, 1370.0], [81010.0, 4580.0], [81002.5, 2800.0], [81000.0, 74890.0], [80995.0, 7510.0], [80992.5, 25040.0], [80982.5, 1320.0], [80980.0, 4390.0], [80972.5, 1340.0], [80970.0, 4480.0], [80967.5, 20.0], [80962.5, 1370.0], [80960.0, 4580.0], [80950.0, 4580.0]], "asks": [[81045.0, 1350.0], [81050.0, 6270.0], [81052.5, 5770.0], [81057.5, 1370.0], [81060.0, 4580.0], [81065.0, 7470.0], [81067.5, 25020.0], [81070.0, 1370.0], [81072.5, 4580.0], [81075.0, 10000.0], [81087.5, 4500.0], [81090.0, 16330.0], [81092.5, 28960.0], [81097.5, 20.0], [81100.0, 1320.0], [81102.5, 4390.0], [81122.5, 14920.0], [81125.0, 35000.0], [81127.5, 600.0], [81130.0, 3330.0]]}}}
{"jsonrpc": "2.0", "method": "subscription", "params": {"channel": "book.BTC-14MAR25.none.20.100ms", "data": {"timestamp": 1741569680211, "change_id": 91904188939, "instrument_name": "BTC-14MAR25", "bids": [[80952.5, 10.0], [80947.5, 1430.0], [80945.0, 4750.0], [80940.0, 1730.0], [80937.5, 5780.0], [80932.5, 120.0], [80930.0, 6000.0], [80927.5, 20000.0], [80925.0, 10000.0], [80920.0, 1410.0], [80917.5, 4710.0], [80915.0, 18940.0], [80912.5, 63120.0], [80910.0, 1420.0], [80907.5, 4710.0], [80905.0, 9270.0], [80902.5, 30830.0], [80900.0, 1410.0], [80897.5, 4710.0], [80895.0, 600.0]], "asks": [[80957.5, 10.0], [80962.5, 4530.0], [80965.0, 18130.0], [80967.5, 10000.0], [80970.0, 1850.0], [80972.5, 5780.0], [80987.5, 1430.0], [80990.0, 4770.0], [80992.5, 7210.0], [80995.0, 32990.0], [80997.5, 29890.0], [81000.0, 4710.0], [81012.5, 1430.0], [81015.0, 4770.0], [81032.5, 20.0], [81045.0, 1450.0], [81047.5, 4830.0], [81057.5, 10500.0], [81060.0, 35000.0], [81065.0, 1450.0]]}}}
{"jsonrpc": "2.0", "method": "subscription", "params": {"channel": "book.BTC-21MAR25.none.20.100ms", "data": {"timestamp": 1741569680331, "change_id": 91904189186, "instrument_name": "BTC-21MAR25", "bids": [[81032.5, 840.0], [81030.0, 4190.0], [81025.0, 4620.0], [81020.0, 4550.0], [81017.5, 5770.0], [81015.0, 10000.0], [81012.5, 1370.0], [81010.0, 19580.0], [81007.5, 50000.0], [81002.5, 2800.0], [81000.0, 24890.0], [80995.0, 7510.0], [80992.5, 25040.0], [80982.5, 1320.0], [80980.0, 4390.0], [80972.5, 1340.0], [80970.0, 4480.0], [80967.5, 20.0], [80962.5, 1370.0], [80960.0, 4580.0]], "asks": [[81047.5, 1350.0], [81050.0, 6270.0], [81052.5, 5770.0], [81057.5, 1370.0], [81060.0, 4580.0], [81065.0, 7470.0], [81067.5, 25020.0], [81070.0, 1370.0], [81072.5, 4580.0], [81075.0, 10000.0], [81087.5, 4500.0], [81090.0, 16330.0], [81092.5, 28960.0], [81097.5, 20.0], [81100.0, 1320.0], [81102.5, 4390.0], [81122.5, 14920.0], [81125.0, 35000.0], [81127.5, 600.0], [81130.0, 3330.0]]}}}
{"jsonrpc": "2.0", "method": "subscription", "params": {"channel": "book.BTC-14MAR25.none.20.100ms", "data": {"timestamp": 1741569680617, "change_id": 91904189480, "instrument_name": "BTC-14MAR25", "bids": [[80952.5, 10.0], [80947.5, 1430.0], [80945.0, 4750.0], [80940.0, 1730.0], [80937.5, 5780.0], [80932.5, 120.0], [80930.0, 6000.0], [80927.5, 20000.0], [80925.0, 10000.0], [80920.0, 1410.0], [80917.5, 4710.0], [80910.0, 1420.0], [80907.5, 4710.0], [80905.0, 9270.0], [80902.5, 30830.0], [80900.0, 1410.0], [80897.5, 4710.0], [80895.0, 600.0], [80890.0, 2000.0], [80887.5, 1430.0]], "asks": [[80957.5, 10.0], [80962.5, 4530.0], [80965.0, 18130.0], [80967.5, 10000.0], [80970.0, 1850.0], [80972.5, 5780.0], [80987.5, 1430.0], [80990.0, 4770.0], [80992.5, 7210.0], [80995.0, 32990.0], [80997.5, 29890.0], [81000.0, 4710.0], [81012.5, 1430.0], [81015.0, 4770.0], [81032.5, 20.0], [81045.0, 1450.0], [81047.5, 4830.0], [81057.5, 10500.0], [81060.0, 35000.0], [81065.0, 1450.0]]}}}
{"jsonrpc": "2.0", "method": "subscription", "params": {"channel": "book.BTC-21MAR25.none.20.100ms", "data": {"timestamp": 1741569680692, "change_id": 91904189512, "instrument_name": "BTC-21MAR25", "bids": [[81032.5, 840.0], [81030.0, 7010.0], [81027.5, 10000.0], [81025.0, 5990.0], [81022.5, 4580.0], [81020.0, 1770.0], [81017.5, 5770.0], [81012.5, 1370.0], [81010.0, 4580.0], [81002.5, 2800.0], [81000.0, 74890.0], [80995.0, 7510.0], [80992.5, 25040.0], [80982.5, 1320.0], [80980.0, 4390.0], [80972.5, 1340.0], [80970.0, 4480.0], [80967.5, 20.0], [80950.0, 4580.0], [80945.0, 14970.0]], "asks": [[81050.0, 1770.0], [81052.5, 5770.0], [81057.5, 1370.0], [81060.0, 4580.0], [81065.0, 7470.0], [81067.5, 25020.0], [81070.0, 1370.0], [81072.5, 4580.0], [81075.0, 10000.0], [81087.5, 4500.0], [81090.0, 16330.0], [81092.5, 28960.0], [81097.5, 20.0], [81100.0, 1320.0], [81102.5, 4390.0], [81122.5, 14920.0], [81125.0, 35000.0], [81127.5, 600.0], [81130.0, 3330.0], [81132.5, 4420.0]]}}}
{"jsonrpc": "2.0", "method": "subscription", "params": {"channel": "book.BTC-14MAR25.none.20.100ms", "data": {"timestamp": 1741569681053, "change_id": 91904190182, "instrument_name": "BTC-14MAR25", "bids": [[80952.5, 10.0], [80947.5, 1430.0], [80945.0, 4750.0], [80940.0, 1730.0], [80937.5, 5780.0], [80932.5, 120.0], [80930.0, 6000.0], [80927.5, 20000.0], [80925.0, 10000.0], [80920.0, 1410.0], [80917.5, 4710.0], [80910.0, 1420.0], [80907.5, 4710.0], [80905.0, 9270.0], [80902.5, 30830.0], [80900.0, 1410.0], [80897.5, 4710.0], [80895.0, 600.0], [80890.0, 2000.0], [80887.5, 1430.0]], "asks": [[80957.5, 10.0], [80962.5, 4530.0], [80965.0, 18130.0], [80967.5, 10000.0], [80970.0, 1850.0], [80972.5, 5780.0], [80987.5, 1430.0], [80990.0, 4770.0], [80995.0, 8970.0], [80997.5, 29890.0], [81000.0, 4710.0], [81005.0, 24480.0], [81012.5, 1430.0], [81015.0, 4770.0], [81032.5, 20.0], [81045.0, 1450.0], [81047.5, 4830.0], [81057.5, 15210.0], [81060.0, 35000.0], [81065.0, 1450.0]]}}}
{"jsonrpc": "2.0", "method": "subscription", "params": {"channel": "book.BTC-21MAR25.none.20.100ms", "data": {"timestamp": 1741569681062, "change_id": 91904190189, "instrument_name": "BTC-21MAR25", "bids": [[81032.5, 840.0], [81030.0, 7010.0], [81027.5, 10000.0], [81025.0, 5990.0], [81022.5, 4580.0], [81020.0, 1770.0], [81017.5, 5770.0], [81012.5, 1370.0], [81010.0, 4580.0], [81002.5, 2800.0], [81000.0, 74890.0], [80995.0, 7510.0], [80992.5, 25040.0], [80982.5, 1320.0], [80980.0, 4390.0], [80972.5, 1340.0], [80970.0, 4480.0], [80967.5, 20.0], [80950.0, 4580.0], [80947.5, 4490.0]], "asks": [[81050.0, 1770.0], [81052.5, 5770.0], [81057.5, 1370.0], [81060.0, 4580.0], [81065.0, 7470.0], [81067.5, 25020.0], [81070.0, 4200.0], [81072.5, 4580.0], [81075.0, 10000.0], [81087.5, 4500.0], [81090.0, 16330.0], [81092.5, 4390.0], [81097.5, 20.0], [81100.0, 25900.0], [81102.5, 4390.0], [81122.5, 14920.0], [81125.0, 35000.0], [81127.5, 600.0], [81130.0, 3330.0], [81132.5, 4420.0]]}}}
{"jsonrpc": "2.0", "method": "subscription", "params": {"channel": "book.BTC-14MAR25.none.20.100ms", "data": {"timestamp": 1741569681281, "change_id": 91904190469, "instrument_name": "BTC-14MAR25", "bids": [[80952.5, 10.0], [80940.0, 1730.0], [80937.5, 5780.0], [80932.5, 120.0], [80930.0, 6000.0], [80927.5, 20000.0], [80925.0, 10000.0], [80920.0, 1410.0], [80917.5, 4710.0], [80910.0, 1420.0], [80907.5, 4710.0], [80905.0, 9270.0], [80902.5, 30830.0], [80900.0, 1410.0], [80897.5, 4710.0], [80895.0, 600.0], [80890.0, 2000.0], [80887.5, 1430.0], [80885.0, 4770.0], [80880.0, 8080.0]], "asks": [[80957.5, 10.0], [80962.5, 4530.0], [80965.0, 18130.0], [80967.5, 10000.0], [80970.0, 1850.0], [80972.5, 5780.0], [80975.0, 1410.0], [80977.5, 4710.0], [80987.5, 1430.0], [80990.0, 4770.0], [80995.0, 8970.0], [80997.5, 29890.0], [81000.0, 4710.0], [81005.0, 24480.0], [81012.5, 1430.0], [81015.0, 4770.0], [81032.5, 20.0], [81045.0, 1450.0], [81047.5, 4830.0], [81057.5, 15210.0]]}}}
{"jsonrpc": "2.0", "method": "subscription", "params": {"channel": "book.BTC-21MAR25.none.20.100ms", "data": {"timestamp": 1741569681385, "change_id": 91904190594, "instrument_name": "BTC-21MAR25", "bids": [[81032.5, 840.0], [81030.0, 7010.0], [81027.5, 10000.0], [81025.0, 5990.0], [81022.5, 4580.0], [81020.0, 1770.0], [81017.5, 5770.0], [81012.5, 1370.0], [81010.0, 4580.0], [81002.5, 2800.0], [81000.0, 74890.0], [80995.0, 7510.0], [80992.5, 25040.0], [80982.5, 1320.0], [80980.0, 4390.0], [80972.5, 1340.0], [80970.0, 4480.0], [80967.5, 20.0], [80950.0, 4580.0], [80947.5, 4490.0]], "asks": [[81050.0, 1770.0], [81052.5, 5770.0], [81057.5, 1370.0], [81060.0, 4580.0], [81065.0, 7470.0], [81067.5, 25020.0], [81070.0, 4200.0], [81072.5, 4580.0], [81075.0, 10000.0], [81087.5, 4500.0], [81090.0, 16330.0], [81092.5, 4390.0], [81097.5, 20.0], [81100.0, 25900.0], [81102.5, 4390.0], [81122.5, 14920.0], [81125.0, 35000.0], [81127.5, 600.0], [81130.0, 3330.0], [81132.5, 4420.0]]}}}
{"jsonrpc": "2.0", "method": "subscription", "params": {"channel": "book.BTC-14MAR25.none.20.100ms", "data": {"timestamp": 1741569681672, "change_id": 91904190934, "instrument_name": "BTC-14MAR25", "bids": [[80952.5, 10.0], [80940.0, 1730.0], [80937.5, 5780.0], [80932.5, 120.0], [80930.0, 6000.0], [80927.5, 20000.0], [80925.0, 10000.0], [80920.0, 1410.0], [80917.5, 4710.0], [80910.0, 1420.0], [80907.5, 4710.0], [80905.0, 9270.0], [80902.5, 30830.0], [80900.0, 1410.0], [80897.5, 4710.0], [80895.0, 600.0], [80890.0, 2000.0], [80887.5, 1430.0], [80885.0, 4770.0], [80880.0, 8080.0]], "asks": [[80957.5, 10.0], [80965.0, 18130.0], [80967.5, 10000.0], [80970.0, 1850.0], [80972.5, 5780.0], [80975.0, 1410.0], [80977.5, 4710.0], [80987.5, 1430.0], [80990.0, 4770.0], [80995.0, 8970.0], [80997.5, 29890.0], [81000.0, 4710.0], [81005.0, 24480.0], [81012.5, 1430.0], [81015.0, 4770.0], [81032.5, 20.0], [81045.0, 1450.0], [81047.5, 4830.0], [81057.5, 15210.0], [81060.0, 35000.0]]}}}
{"jsonrpc": "2.0", "method": "subscription", "params": {"channel": "book.BTC-21MAR25.none.20.100ms", "data": {"timestamp": 1741569681736, "change_id": 91904191026, "instrument_name": "BTC-21MAR25", "bids": [[81030.0, 4210.0], [81027.5, 10000.0], [81025.0, 5990.0], [81020.0, 1770.0], [81017.5, 5770.0], [81012.5, 1370.0], [81010.0, 4580.0], [81002.5, 2800.0], [81000.0, 74890.0], [80995.0, 7510.0], [80992.5, 25040.0], [80982.5, 1320.0], [80980.0, 4390.0], [80972.5, 1340.0], [80970.0, 4480.0], [80967.5, 20.0], [80950.0, 4580.0], [80947.5, 4490.0], [80945.0, 14970.0], [80940.0, 4580.0]], "asks": [[81050.0, 1770.0], [81052.5, 5770.0], [81057.5, 1370.0], [81060.0, 4580.0], [81065.0, 7470.0], [81067.5, 25020.0], [81070.0, 4200.0], [81072.5, 4580.0], [81075.0, 10000.0], [81087.5, 4500.0], [81090.0, 16330.0], [81092.5, 4390.0], [81097.5, 20.0], [81100.0, 25900.0], [81102.5, 4390.0], [81122.5, 14920.0], [81125.0, 35000.0], [81127.5, 600.0], [81130.0, 3330.0], [81132.5, 4420.0]]}}}
{"jsonrpc": "2.0", "method": "subscription", "params": {"channel": "book.BTC-14MAR25.none.20.100ms", "data": {"timestamp": 1741569682066, "change_id": 91904191816, "instrument_name": "BTC-14MAR25", "bids": [[80940.0, 1730.0], [80937.5, 5780.0], [80932.5, 120.0], [80930.0, 6000.0], [80927.5, 20000.0], [80925.0, 10000.0], [80920.0, 1410.0], [80917.5, 4710.0], [80910.0, 1420.0], [80907.5, 4710.0], [80905.0, 9270.0], [80902.5, 30830.0], [80900.0, 1410.0], [80897.5, 4710.0], [80895.0, 600.0], [80890.0, 2000.0], [80887.5, 1430.0], [80885.0, 4770.0], [80880.0, 8080.0], [80877.5, 24770.0]], "asks": [[80957.5, 10.0], [80962.5, 4530.0], [80965.0, 18130.0], [80967.5, 10000.0], [80970.0, 1850.0], [80972.5, 5780.0], [80975.0, 1410.0], [80977.5, 4710.0], [80987.5, 1430.0], [80990.0, 4770.0], [80995.0, 8970.0], [80997.5, 29890.0], [81000.0, 4710.0], [81002.5, 7340.0], [81005.0, 24480.0], [81012.5, 1430.0], [81015.0, 4770.0], [81032.5, 20.0], [81045.0, 1450.0], [81047.5, 4830.0]]}}}
{"jsonrpc": "2.0", "method": "subscription", "params": {"channel": "book.BTC-21MAR25.none.20.100ms", "data": {"timestamp": 1741569682042, "change_id": 91904191787, "instrument_name": "BTC-21MAR25", "bids": [[81030.0, 5310.0], [81027.5, 12300.0], [81025.0, 120.0], [81020.0, 1770.0], [81017.5, 5770.0], [81012.5, 1370.0], [81010.0, 4580.0], [81002.5, 25270.0], [81000.0, 74890.0], [80995.0, 7510.0], [80992.5, 25040.0], [80982.5, 1320.0], [80980.0, 4390.0], [80972.5, 1340.0], [80970.0, 4480.0], [80967.5, 20.0], [80952.5, 1370.0], [80950.0, 4580.0], [80947.5, 4490.0], [80945.0, 14970.0]], "asks": [[81045.0, 2700.0], [81047.5, 4500.0], [81050.0, 6270.0], [81052.5, 5770.0], [81057.5, 1370.0], [81060.0, 4580.0], [81065.0, 7470.0], [81067.5, 25020.0], [81070.0, 4200.0], [81072.5, 4580.0], [81075.0, 10000.0], [81087.5, 4500.0], [81090.0, 16330.0], [81092.5, 4390.0], [81097.5, 7390.0], [81100.0, 25900.0], [81102.5, 4390.0], [81122.5, 14920.0], [81125.0, 35000.0], [81127.5, 600.0]]}}}
{"jsonrpc": "2.0", "method": "subscription", "params": {"channel": "book.BTC-14MAR25.none.20.100ms", "data": {"timestamp": 1741569682160, "change_id": 91904191966, "instrument_name": "BTC-14MAR25", "bids": [[80942.5, 1430.0], [80940.0, 6480.0], [80937.5, 5780.0], [80932.5, 120.0], [80930.0, 6000.0], [80927.5, 20000.0], [80925.0, 10000.0], [80920.0, 1410.0], [80917.5, 4710.0], [80910.0, 1420.0], [80907.5, 4710.0], [80905.0, 9270.0], [80902.5, 30830.0], [80900.0, 1410.0], [80897.5, 4710.0], [80895.0, 600.0], [80890.0, 2000.0], [80887.5, 1430.0], [80885.0, 4770.0], [80880.0, 8080.0]], "asks": [[80957.5, 10.0], [80962.5, 4530.0], [80965.0, 18130.0], [80967.5, 10000.0], [80970.0, 1850.0], [80972.5, 5780.0], [80975.0, 1410.0], [80977.5, 4710.0], [80987.5, 1430.0], [80990.0, 4770.0], [80995.0, 8970.0], [80997.5, 29890.0], [81000.0, 4710.0], [81002.5, 7340.0], [81005.0, 24480.0], [81012.5, 1430.0], [81015.0, 4770.0], [81032.5, 20.0], [81045.0, 1450.0], [81047.5, 4830.0]]}}}
{"jsonrpc": "2.0", "method": "subscription", "params": {"channel": "book.BTC-21MAR25.none.20.100ms", "data": {"timestamp": 1741569682341, "change_id": 91904192231, "instrument_name": "BTC-21MAR25", "bids": [[81030.0, 2510.0], [81027.5, 10000.0], [81025.0, 120.0], [81022.5, 1360.0], [81020.0, 6300.0], [81017.5, 5770.0], [81012.5, 1370.0], [81010.0, 4580.0], [81002.5, 2800.0], [81000.0, 74890.0], [80995.0, 7510.0], [80992.5, 25040.0], [80982.5, 1320.0], [80980.0, 4390.0], [80972.5, 1340.0], [80970.0, 4480.0], [80967.5, 20.0], [80952.5, 1370.0], [80950.0, 4580.0], [80947.5, 4490.0]], "asks": [[81045.0, 1350.0], [81050.0, 6270.0], [81052.5, 5770.0], [81057.5, 1370.0], [81060.0, 4580.0], [81065.0, 7470.0], [81067.5, 25020.0], [81070.0, 4200.0], [81072.5, 4580.0], [81075.0, 10000.0], [81087.5, 4500.0], [81090.0, 16330.0], [81092.5, 4390.0], [81097.5, 7390.0], [81100.0, 25900.0], [81102.5, 4390.0], [81122.5, 14920.0], [81125.0, 35000.0], [81127.5, 600.0], [81130.0, 3330.0]]}}}
{"jsonrpc": "2.0", "method": "subscription", "params": {"channel": "book.BTC-14MAR25.none.20.100ms", "data": {"timestamp": 1741569682712, "change_id": 91904192658, "instrument_name": "BTC-14MAR25", "bids": [[80940.0, 1730.0], [80937.5, 5780.0], [80932.5, 120.0], [80930.0, 6000.0], [80927.5, 20000.0], [80925.0, 10000.0], [80922.5, 21280.0], [80920.0, 72340.0], [80917.5, 4710.0], [80910.0, 1420.0], [80907.5, 4710.0], [80905.0, 9270.0], [80902.5, 30830.0], [80900.0, 1410.0], [80897.5, 4710.0], [80895.0, 600.0], [80890.0, 2000.0], [80887.5, 1430.0], [80885.0, 4770.0], [80880.0, 8080.0]], "asks": [[80957.5, 10.0], [80962.5, 4530.0], [80965.0, 18130.0], [80967.5, 10000.0], [80970.0, 1850.0], [80972.5, 5780.0], [80975.0, 1410.0], [80977.5, 4710.0], [80987.5, 1430.0], [80990.0, 4770.0], [80995.0, 8970.0], [80997.5, 29890.0], [81000.0, 4710.0], [81002.5, 7340.0], [81005.0, 24480.0], [81012.5, 1430.0], [81015.0, 4770.0], [81032.5, 20.0], [81045.0, 1450.0], [81047.5, 4830.0]]}}}
{"jsonrpc": "2.0", "method": "subscription", "params": {"channel": "book.BTC-14MAR25.none.20.100ms", "data": {"timestamp": 1741569683058, "change_id": 91904193212, "instrument_name": "BTC-14MAR25", "bids": [[80940.0, 1730.0], [80937.5, 5780.0], [80932.5, 120.0], [80930.0, 6000.0], [80927.5, 20000.0], [80925.0, 10000.0], [80922.5, 21280.0], [80920.0, 72340.0], [80910.0, 1420.0], [80907.5, 4710.0], [80905.0, 9270.0], [80902.5, 30830.0], [80900.0, 1410.0], [80897.5, 4710.0], [80895.0, 600.0], [80890.0, 2000.0], [80887.5, 1430.0], [80885.0, 4770.0], [80880.0, 8080.0], [80877.5, 24770.0]], "asks": [[80952.5, 10.0], [80957.5, 4750.0], [80962.5, 4530.0], [80965.0, 18130.0], [80967.5, 10000.0], [80970.0, 1850.0], [80972.5, 5780.0], [80975.0, 1410.0], [80977.5, 4710.0], [80987.5, 1430.0], [80990.0, 4770.0], [80995.0, 8970.0], [80997.5, 29890.0], [81000.0, 4710.0], [81002.5, 7340.0], [81005.0, 24480.0], [81012.5, 1430.0], [81015.0, 4770.0], [81032.5, 20.0], [81045.0, 1450.0]]}}}
{"jsonrpc": "2.0", "method": "subscription", "params": {"channel": "book.BTC-21MAR25.none.20.100ms", "data": {"timestamp": 1741569683058, "change_id": 91904193215, "instrument_name": "BTC-21MAR25", "bids": [[81030.0, 2510.0], [81027.5, 10000.0], [81025.0, 120.0], [81020.0, 1770.0], [81017.5, 5770.0], [81012.5, 1370.0], [81010.0, 4580.0], [81002.5, 25270.0], [81000.0, 74890.0], [80995.0, 7510.0], [80992.5, 25040.0], [80982.5, 1320.0], [80980.0, 4390.0], [80972.5, 1340.0], [80970.0, 4480.0], [80967.5, 20.0], [80952.5, 1370.0], [80950.0, 4580.0], [80947.5, 4490.0], [80945.0, 14970.0]], "asks": [[81042.5, 1350.0], [81045.0, 5850.0], [81050.0, 6270.0], [81052.5, 5770.0], [81057.5, 1370.0], [81060.0, 4580.0], [81065.0, 7470.0], [81067.5, 25020.0], [81070.0, 4200.0], [81072.5, 4580.0], [81075.0, 10000.0], [81087.5, 4500.0], [81090.0, 16330.0], [81092.5, 4390.0], [81097.5, 7390.0], [81100.0, 25900.0], [81102.5, 4390.0], [81122.5, 14920.0], [81125.0, 35000.0], [81127.5, 600.0]]}}}
