{"jsonrpc": "2.0", "id": 1, "result": ["book.BTC-7NOV25.none.20.100ms"], "usIn": 1761578741733776, "usOut": 1761578741734033, "usDiff": 257, "testnet": false}
{"jsonrpc": "2.0", "method": "subscription", "params": {"channel": "book.BTC-7NOV25.none.20.100ms", "data": {"timestamp": 1761578741639, "change_id": 123893042778, "instrument_name": "BTC-7NOV25", "bids": [[115185.0, 1800.0], [115182.5, 2100.0], [115180.0, 1900.0], [115177.5, 3000.0], [115175.0, 8620.0], [115172.5, 21420.0], [115170.0, 27960.0], [115167.5, 50160.0], [115160.0, 430.0], [115157.5, 1430.0], [115152.5, 1010.0], [115150.0, 6030.0], [115147.5, 3000.0], [115145.0, 1450.0], [115135.0, 440.0], [115132.5, 1460.0], [115127.5, 1400.0], [115125.0, 4700.0], [115122.5, 420.0], [115120.0, 2320.0]], "asks": [[115187.5, 16500.0], [115195.0, 2280.0], [115197.5, 1800.0], [115200.0, 7080.0], [115202.5, 2800.0], [115205.0, 1070.0], [115207.5, 1800.0], [115210.0, 2240.0], [115212.5, 1460.0], [115222.5, 440.0], [115225.0, 6160.0], [115247.5, 430.0], [115250.0, 1450.0], [115292.5, 2340.0], [115295.0, 7850.0], [115297.5, 30.0], [115302.5, 7080.0], [115305.0, 23720.0], [115320.0, 430.0], [115322.5, 1430.0]]}}}
{"jsonrpc": "2.0", "method": "subscription", "params": {"channel": "book.BTC-7NOV25.none.20.100ms", "data": {"timestamp": 1761578741796, "change_id": 123893042838, "instrument_name": "BTC-7NOV25", "bids": [[115185.0, 1800.0], [115182.5, 3460.0], [115180.0, 6600.0], [115177.5, 3000.0], [115175.0, 8620.0], [115172.5, 21420.0], [115170.0, 27960.0], [115167.5, 50160.0], [115160.0, 430.0], [115157.5, 1430.0], [115152.5, 1010.0], [115150.0, 6030.0], [115147.5, 3000.0], [115145.0, 1450.0], [115135.0, 440.0], [115132.5, 1460.0], [115127.5, 1400.0], [115125.0, 4700.0], [115122.5, 420.0], [115120.0, 2320.0]], "asks": [[115187.5, 16500.0], [115195.0, 2280.0], [115197.5, 1800.0], [115200.0, 7080.0], [115202.5, 2800.0], [115205.0, 1070.0], [115207.5, 1800.0], [115210.0, 2240.0], [115212.5, 1460.0], [115222.5, 440.0], [115225.0, 6160.0], [115247.5, 430.0], [115250.0, 1450.0], [115292.5, 2340.0], [115295.0, 7850.0], [115297.5, 30.0], [115302.5, 7080.0], [115305.0, 23720.0], [115320.0, 430.0], [115322.5, 1430.0]]}}}
{"jsonrpc": "2.0", "method": "subscription", "params": {"channel": "book.BTC-7NOV25.none.20.100ms", "data": {"timestamp": 1761578742484, "change_id": 123893043914, "instrument_name": "BTC-7NOV25", "bids": [[115185.0, 1800.0], [115182.5, 3460.0], [115180.0, 6600.0], [115177.5, 3000.0], [115175.0, 8620.0], [115172.5, 21420.0], [115170.0, 27960.0], [115167.5, 50160.0], [115160.0, 430.0], [115157.5, 1430.0], [115152.5, 1010.0], [115150.0, 6030.0], [115147.5, 3000.0], [115145.0, 1450.0], [115135.0, 440.0], [115132.5, 1460.0], [115127.5, 1400.0], [115125.0, 4700.0], [115122.5, 420.0], [115120.0, 2320.0]], "asks": [[115187.5, 11800.0], [115195.0, 1010.0], [115197.5, 1800.0], [115200.0, 2380.0], [115202.5, 2800.0], [115205.0, 1070.0], [115207.5, 1800.0], [115210.0, 2240.0], [115212.5, 1460.0], [115222.5, 440.0], [115225.0, 1460.0], [115247.5, 430.0], [115250.0, 1450.0], [115292.5, 2340.0], [115295.0, 7850.0], [115297.5, 30.0], [115302.5, 7080.0], [115305.0, 23720.0], [115320.0, 430.0], [115322.5, 1430.0]]}}}
{"jsonrpc": "2.0", "method": "subscription", "params": {"channel": "book.BTC-7NOV25.none.20.100ms", "data": {"timestamp": 1761578742652, "change_id": 123893044043, "instrument_name": "BTC-7NOV25", "bids": [[115185.0, 1800.0], [115182.5, 3460.0], [115180.0, 6600.0], [115177.5, 3000.0], [115175.0, 8620.0], [115172.5, 21420.0], [115170.0, 27960.0], [115167.5, 50160.0], [115160.0, 430.0], [115157.5, 1430.0], [115152.5, 1010.0], [115150.0, 6030.0], [115147.5, 3000.0], [115145.0, 1450.0], [115135.0, 440.0], [115132.5, 1460.0], [115127.5, 1400.0], [115125.0, 4700.0], [115122.5, 420.0], [115120.0, 2320.0]], "asks": [[115187.5, 16500.0], [115195.0, 2280.0], [115197.5, 1800.0], [115200.0, 7080.0], [115202.5, 2800.0], [115205.0, 1070.0], [115207.5, 1800.0], [115210.0, 2240.0], [115212.5, 1460.0], [115222.5, 1780.0], [115225.0, 6160.0], [115247.5, 430.0], [115250.0, 1450.0], [115292.5, 2340.0], [115295.0, 7850.0], [115297.5, 30.0], [115302.5, 7080.0], [115305.0, 23720.0], [115320.0, 430.0], [115322.5, 1430.0]]}}}
{"jsonrpc": "2.0", "method": "subscription", "params": {"channel": "book.BTC-7NOV25.none.20.100ms", "data": {"timestamp": 1761578743183, "change_id": 123893045122, "instrument_name": "BTC-7NOV25", "bids": [[115185.0, 3220.0], [115182.5, 3460.0], [115180.0, 6600.0], [115177.5, 3000.0], [115175.0, 8620.0], [115172.5, 21420.0], [115170.0, 27960.0], [115167.5, 50160.0], [115160.0, 430.0], [115157.5, 1430.0], [115152.5, 1010.0], [115150.0, 6030.0], [115147.5, 3000.0], [115145.0, 1450.0], [115135.0, 440.0], [115132.5, 1460.0], [115127.5, 1400.0], [115125.0, 4700.0], [115122.5, 420.0], [115120.0, 2320.0]], "asks": [[115187.5, 1800.0], [115195.0, 2900.0], [115200.0, 10460.0], [115202.5, 1000.0], [115207.5, 1800.0], [115210.0, 2240.0], [115212.5, 1460.0], [115225.0, 6160.0], [115247.5, 430.0], [115250.0, 1450.0], [115292.5, 2340.0], [115295.0, 7850.0], [115297.5, 30.0], [115302.5, 7080.0], [115305.0, 23720.0], [115320.0, 430.0], [115322.5, 1430.0], [115327.5, 40.0], [115332.5, 420.0], [115335.0, 1400.0]]}}}
{"jsonrpc": "2.0", "method": "subscription", "params": {"channel": "book.BTC-7NOV25.none.20.100ms", "data": {"timestamp": 1761578743410, "change_id": 123893045460, "instrument_name": "BTC-7NOV25", "bids": [[115185.0, 7920.0], [115182.5, 2100.0], [115180.0, 1900.0], [115177.5, 3000.0], [115175.0, 8620.0], [115172.5, 21420.0], [115170.0, 27960.0], [115167.5, 50160.0], [115160.0, 430.0], [115157.5, 1430.0], [115152.5, 1010.0], [115150.0, 6030.0], [115147.5, 3000.0], [115145.0, 1450.0], [115135.0, 440.0], [115132.5, 1460.0], [115127.5, 1400.0], [115125.0, 4700.0], [115122.5, 420.0], [115120.0, 2320.0]], "asks": [[115187.5, 6500.0], [115195.0, 4060.0], [115200.0, 15160.0], [115202.5, 1000.0], [115205.0, 1070.0], [115207.5, 1800.0], [115210.0, 2240.0], [115212.5, 1460.0], [115225.0, 6160.0], [115247.5, 430.0], [115250.0, 1450.0], [115292.5, 2340.0], [115295.0, 7850.0], [115297.5, 30.0], [115302.5, 7080.0], [115305.0, 23720.0], [115320.0, 430.0], [115322.5, 1430.0], [115327.5, 40.0], [115332.5, 420.0]]}}}
{"jsonrpc": "2.0", "method": "subscription", "params": {"channel": "book.BTC-7NOV25.none.20.100ms", "data": {"timestamp": 1761578743795, "change_id": 123893045677, "instrument_name": "BTC-7NOV25", "bids": [[115185.0, 3220.0], [115182.5, 6800.0], [115180.0, 1900.0], [115177.5, 3000.0], [115175.0, 8620.0], [115172.5, 21420.0], [115170.0, 27960.0], [115167.5, 50160.0], [115160.0, 430.0], [115157.5, 1430.0], [115152.5, 1010.0], [115150.0, 6030.0], [115147.5, 3000.0], [115145.0, 1450.0], [115135.0, 440.0], [115132.5, 1460.0], [115127.5, 1400.0], [115125.0, 4700.0], [115122.5, 420.0], [115120.0, 2320.0]], "asks": [[115187.5, 6500.0], [115195.0, 4060.0], [115200.0, 15160.0], [115202.5, 1000.0], [115205.0, 1070.0], [115207.5, 1800.0], [115210.0, 2240.0], [115212.5, 1460.0], [115222.5, 1840.0], [115225.0, 6160.0], [115247.5, 430.0], [115250.0, 1450.0], [115292.5, 2340.0], [115295.0, 7850.0], [115297.5, 30.0], [115302.5, 7080.0], [115305.0, 23720.0], [115320.0, 430.0], [115322.5, 1430.0], [115327.5, 40.0]]}}}
{"jsonrpc": "2.0", "method": "subscription", "params": {"channel": "book.BTC-7NOV25.none.20.100ms", "data": {"timestamp": 1761578744061, "change_id": 123893046472, "instrument_name": "BTC-7NOV25", "bids": [[115185.0, 3220.0], [115182.5, 6800.0], [115180.0, 1900.0], [115177.5, 3000.0], [115175.0, 8620.0], [115172.5, 21420.0], [115170.0, 27960.0], [115167.5, 50160.0], [115160.0, 430.0], [115157.5, 1430.0], [115152.5, 1010.0], [115150.0, 6030.0], [115147.5, 3000.0], [115145.0, 1450.0], [115135.0, 440.0], [115132.5, 1460.0], [115127.5, 1400.0], [115125.0, 4700.0], [115122.5, 420.0], [115120.0, 2320.0]], "asks": [[115187.5, 6500.0], [115190.0, 540.0], [115192.5, 1800.0], [115195.0, 4060.0], [115197.5, 1800.0], [115200.0, 15160.0], [115202.5, 1000.0], [115205.0, 1070.0], [115207.5, 1800.0], [115210.0, 2240.0], [115212.5, 1460.0], [115222.5, 1840.0], [115225.0, 6160.0], [115247.5, 430.0], [115250.0, 1450.0], [115292.5, 2340.0], [115295.0, 7850.0], [115297.5, 30.0], [115302.5, 7080.0], [115305.0, 23720.0]]}}}
{"jsonrpc": "2.0", "method": "subscription", "params": {"channel": "book.BTC-7NOV25.none.20.100ms", "data": {"timestamp": 1761578744453, "change_id": 123893047017, "instrument_name": "BTC-7NOV25", "bids": [[115185.0, 1800.0], [115180.0, 900.0], [115177.5, 3000.0], [115175.0, 8620.0], [115172.5, 21420.0], [115170.0, 27960.0], [115167.5, 51160.0], [115160.0, 430.0], [115157.5, 1430.0], [115152.5, 1010.0], [115150.0, 6030.0], [115147.5, 3000.0], [115145.0, 1450.0], [115135.0, 440.0], [115132.5, 1460.0], [115127.5, 1400.0], [115125.0, 4700.0], [115122.5, 420.0], [115120.0, 2320.0], [115117.5, 3000.0]], "asks": [[115187.5, 6500.0], [115190.0, 3450.0], [115192.5, 11800.0], [115195.0, 2900.0], [115197.5, 1800.0], [115200.0, 6580.0], [115202.5, 1000.0], [115205.0, 1070.0], [115207.5, 1800.0], [115210.0, 2240.0], [115212.5, 1460.0], [115222.5, 1840.0], [115225.0, 6160.0], [115247.5, 430.0], [115250.0, 1450.0], [115292.5, 2340.0], [115295.0, 7850.0], [115297.5, 30.0], [115302.5, 7080.0], [115305.0, 23720.0]]}}}
{"jsonrpc": "2.0", "method": "subscription", "params": {"channel": "book.BTC-7NOV25.none.20.100ms", "data": {"timestamp": 1761578744692, "change_id": 123893047263, "instrument_name": "BTC-7NOV25", "bids": [[115185.0, 1800.0], [115180.0, 2180.0], [115177.5, 7700.0], [115175.0, 8620.0], [115172.5, 21420.0], [115170.0, 27960.0], [115167.5, 51160.0], [115160.0, 430.0], [115157.5, 1430.0], [115152.5, 1010.0], [115150.0, 6030.0], [115147.5, 3000.0], [115145.0, 1450.0], [115135.0, 440.0], [115132.5, 1460.0], [115127.5, 1400.0], [115125.0, 4700.0], [115122.5, 420.0], [115120.0, 2320.0], [115117.5, 3000.0]], "asks": [[115187.5, 6500.0], [115190.0, 3450.0], [115192.5, 11800.0], [115195.0, 2900.0], [115197.5, 1800.0], [115200.0, 6580.0], [115202.5, 1000.0], [115205.0, 1070.0], [115207.5, 1800.0], [115210.0, 2240.0], [115212.5, 1460.0], [115222.5, 1840.0], [115225.0, 6160.0], [115247.5, 430.0], [115250.0, 1450.0], [115292.5, 2340.0], [115295.0, 7850.0], [115297.5, 30.0], [115302.5, 7080.0], [115305.0, 23720.0]]}}}
{"jsonrpc": "2.0", "method": "subscription", "params": {"channel": "book.BTC-7NOV25.none.20.100ms", "data": {"timestamp": 1761578745050, "change_id": 123893048139, "instrument_name": "BTC-7NOV25", "bids": [[115180.0, 1300.0], [115177.5, 7700.0], [115175.0, 8620.0], [115172.5, 21420.0], [115170.0, 27960.0], [115167.5, 51160.0], [115160.0, 430.0], [115157.5, 1430.0], [115152.5, 1010.0], [115150.0, 6030.0], [115147.5, 3000.0], [115145.0, 1450.0], [115135.0, 440.0], [115132.5, 1460.0], [115127.5, 1400.0], [115125.0, 4700.0], [115122.5, 420.0], [115120.0, 2320.0], [115117.5, 3000.0], [115110.0, 430.0]], "asks": [[115182.5, 6500.0], [115185.0, 10000.0], [115187.5, 1800.0], [115190.0, 2340.0], [115192.5, 1800.0], [115195.0, 2900.0], [115197.5, 1800.0], [115200.0, 6580.0], [115202.5, 1000.0], [115210.0, 440.0], [115212.5, 1460.0], [115222.5, 1840.0], [115225.0, 6160.0], [115247.5, 430.0], [115250.0, 1450.0], [115292.5, 2340.0], [115295.0, 7850.0], [115297.5, 30.0], [115302.5, 7080.0], [115305.0, 23720.0]]}}}
{"jsonrpc": "2.0", "method": "subscription", "params": {"channel": "book.BTC-7NOV25.none.20.100ms", "data": {"timestamp": 1761578745203, "change_id": 123893048950, "instrument_name": "BTC-7NOV25", "bids": [[115177.5, 3000.0], [115175.0, 5970.0], [115170.0, 25000.0], [115167.5, 1000.0], [115160.0, 3360.0], [115157.5, 1430.0], [115155.0, 26380.0], [115152.5, 50160.0], [115150.0, 6030.0], [115147.5, 3000.0], [115145.0, 1450.0], [115135.0, 440.0], [115132.5, 1460.0], [115127.5, 1400.0], [115125.0, 4700.0], [115122.5, 420.0], [115120.0, 2320.0], [115117.5, 3000.0], [115110.0, 430.0], [115107.5, 1430.0]], "asks": [[115182.5, 6500.0], [115185.0, 10000.0], [115187.5, 1800.0], [115190.0, 2570.0], [115192.5, 2800.0], [115195.0, 2900.0], [115197.5, 1800.0], [115200.0, 6280.0], [115210.0, 440.0], [115212.5, 1460.0], [115222.5, 1840.0], [115225.0, 6160.0], [115247.5, 430.0], [115250.0, 1450.0], [115292.5, 2340.0], [115295.0, 7850.0], [115297.5, 30.0], [115302.5, 7080.0], [115305.0, 23720.0], [115320.0, 430.0]]}}}
{"jsonrpc": "2.0", "method": "subscription", "params": {"channel": "book.BTC-7NOV25.none.20.100ms", "data": {"timestamp": 1761578746046, "change_id": 123893049946, "instrument_name": "BTC-7NOV25", "bids": [[115177.5, 4800.0], [115175.0, 5970.0], [115170.0, 25000.0], [115167.5, 1000.0], [115160.0, 3360.0], [115157.5, 1430.0], [115155.0, 26380.0], [115152.5, 50160.0], [115150.0, 6030.0], [115147.5, 3000.0], [115145.0, 1450.0], [115135.0, 440.0], [115132.5, 1460.0], [115127.5, 1400.0], [115125.0, 4700.0], [115122.5, 420.0], [115120.0, 2320.0], [115117.5, 3000.0], [115110.0, 430.0], [115107.5, 1430.0]], "asks": [[115180.0, 1800.0], [115182.5, 10560.0], [115185.0, 10000.0], [115187.5, 1800.0], [115190.0, 2570.0], [115192.5, 2800.0], [115195.0, 2900.0], [115197.5, 1800.0], [115200.0, 6280.0], [115210.0, 440.0], [115212.5, 1460.0], [115222.5, 1840.0], [115225.0, 6160.0], [115247.5, 430.0], [115250.0, 1450.0], [115292.5, 2340.0], [115295.0, 7850.0], [115297.5, 30.0], [115302.5, 7080.0], [115305.0, 23720.0]]}}}
{"jsonrpc": "2.0", "method": "subscription", "params": {"channel": "book.BTC-7NOV25.none.20.100ms", "data": {"timestamp": 1761578746477, "change_id": 123893050318, "instrument_name": "BTC-7NOV25", "bids": [[115177.5, 4800.0], [115175.0, 5970.0], [115170.0, 25000.0], [115167.5, 1000.0], [115165.0, 17530.0], [115162.5, 60000.0], [115160.0, 430.0], [115157.5, 1430.0], [115152.5, 1560.0], [115150.0, 13940.0], [115147.5, 3000.0], [115145.0, 28530.0], [115135.0, 440.0], [115132.5, 1460.0], [115127.5, 1400.0], [115125.0, 4700.0], [115122.5, 420.0], [115120.0, 2320.0], [115117.5, 3000.0], [115110.0, 430.0]], "asks": [[115180.0, 1800.0], [115182.5, 10560.0], [115185.0, 10000.0], [115187.5, 1800.0], [115190.0, 2570.0], [115192.5, 2800.0], [115195.0, 2900.0], [115197.5, 1800.0], [115200.0, 6280.0], [115210.0, 440.0], [115212.5, 1460.0], [115222.5, 1840.0], [115225.0, 6160.0], [115247.5, 430.0], [115250.0, 1450.0], [115292.5, 2340.0], [115295.0, 7850.0], [115297.5, 30.0], [115302.5, 7080.0], [115305.0, 23720.0]]}}}
{"jsonrpc": "2.0", "method": "subscription", "params": {"channel": "book.BTC-7NOV25.none.20.100ms", "data": {"timestamp": 1761578746786, "change_id": 123893050492, "instrument_name": "BTC-7NOV25", "bids": [[115177.5, 4800.0], [115175.0, 5970.0], [115170.0, 25000.0], [115167.5, 1000.0], [115165.0, 17530.0], [115162.5, 50000.0], [115160.0, 430.0], [115157.5, 1430.0], [115152.5, 1560.0], [115150.0, 13940.0], [115147.5, 3000.0], [115145.0, 28530.0], [115135.0, 440.0], [115132.5, 1460.0], [115127.5, 1400.0], [115125.0, 4700.0], [115122.5, 420.0], [115120.0, 2320.0], [115117.5, 3000.0], [115110.0, 430.0]], "asks": [[115180.0, 1800.0], [115182.5, 10560.0], [115185.0, 10000.0], [115190.0, 2570.0], [115192.5, 2800.0], [115195.0, 2900.0], [115197.5, 1800.0], [115200.0, 6280.0], [115210.0, 440.0], [115212.5, 1460.0], [115222.5, 1840.0], [115225.0, 6160.0], [115247.5, 430.0], [115250.0, 1450.0], [115292.5, 2340.0], [115295.0, 7850.0], [115297.5, 30.0], [115302.5, 7080.0], [115305.0, 23720.0], [115320.0, 430.0]]}}}
{"jsonrpc": "2.0", "method": "subscription", "params": {"channel": "book.BTC-7NOV25.none.20.100ms", "data": {"timestamp": 1761578747112, "change_id": 123893051704, "instrument_name": "BTC-7NOV25", "bids": [[115180.0, 3220.0], [115177.5, 6200.0], [115175.0, 10670.0], [115172.5, 1800.0], [115170.0, 20300.0], [115167.5, 1000.0], [115165.0, 17530.0], [115162.5, 50000.0], [115160.0, 430.0], [115157.5, 1430.0], [115152.5, 1560.0], [115150.0, 13940.0], [115147.5, 13000.0], [115145.0, 28530.0], [115135.0, 440.0], [115132.5, 1460.0], [115127.5, 1400.0], [115125.0, 4700.0], [115122.5, 420.0], [115120.0, 2320.0]], "asks": [[115182.5, 4700.0], [115187.5, 540.0], [115190.0, 2570.0], [115192.5, 2800.0], [115195.0, 2900.0], [115197.5, 1800.0], [115200.0, 6280.0], [115210.0, 440.0], [115212.5, 1460.0], [115222.5, 1840.0], [115225.0, 6160.0], [115247.5, 430.0], [115250.0, 1450.0], [115292.5, 2340.0], [115295.0, 7850.0], [115297.5, 30.0], [115302.5, 7080.0], [115305.0, 23720.0], [115320.0, 430.0], [115322.5, 1430.0]]}}}
{"jsonrpc": "2.0", "method": "subscription", "params": {"channel": "book.BTC-7NOV25.none.20.100ms", "data": {"timestamp": 1761578747470, "change_id": 123893052148, "instrument_name": "BTC-7NOV25", "bids": [[115180.0, 3220.0], [115177.5, 6200.0], [115175.0, 10670.0], [115170.0, 23250.0], [115167.5, 1000.0], [115165.0, 27530.0], [115162.5, 50000.0], [115160.0, 430.0], [115157.5, 1430.0], [115152.5, 1560.0], [115150.0, 13940.0], [115147.5, 3000.0], [115145.0, 28530.0], [115135.0, 440.0], [115132.5, 1460.0], [115127.5, 1400.0], [115125.0, 4700.0], [115122.5, 420.0], [115120.0, 2320.0], [115117.5, 3000.0]], "asks": [[115182.5, 4700.0], [115187.5, 540.0], [115190.0, 5520.0], [115192.5, 12800.0], [115195.0, 2900.0], [115197.5, 1800.0], [115200.0, 6280.0], [115210.0, 440.0], [115212.5, 1460.0], [115222.5, 1840.0], [115225.0, 6160.0], [115247.5, 430.0], [115250.0, 1450.0], [115292.5, 2340.0], [115295.0, 7850.0], [115297.5, 30.0], [115302.5, 7080.0], [115305.0, 23720.0], [115320.0, 430.0], [115322.5, 1430.0]]}}}
{"jsonrpc": "2.0", "method": "subscription", "params": {"channel": "book.BTC-7NOV25.none.20.100ms", "data": {"timestamp": 1761578748139, "change_id": 123893053348, "instrument_name": "BTC-7NOV25", "bids": [[115180.0, 1800.0], [115177.5, 4800.0], [115175.0, 5970.0], [115172.5, 4700.0], [115170.0, 23250.0], [115167.5, 1000.0], [115165.0, 27530.0], [115162.5, 50000.0], [115160.0, 430.0], [115157.5, 1430.0], [115152.5, 1560.0], [115150.0, 13940.0], [115147.5, 3000.0], [115145.0, 28530.0], [115135.0, 440.0], [115132.5, 1460.0], [115127.5, 1400.0], [115125.0, 4700.0], [115122.5, 420.0], [115120.0, 2320.0]], "asks": [[115182.5, 6500.0], [115185.0, 11070.0], [115187.5, 1800.0], [115190.0, 2640.0], [115192.5, 2800.0], [115195.0, 1870.0], [115200.0, 6280.0], [115210.0, 440.0], [115212.5, 1460.0], [115222.5, 1840.0], [115225.0, 6160.0], [115247.5, 430.0], [115250.0, 1450.0], [115292.5, 2340.0], [115295.0, 7850.0], [115297.5, 30.0], [115302.5, 7080.0], [115305.0, 23720.0], [115320.0, 430.0], [115322.5, 1430.0]]}}}
{"jsonrpc": "2.0", "method": "subscription", "params": {"channel": "book.BTC-7NOV25.none.20.100ms", "data": {"timestamp": 1761578749003, "change_id": 123893054258, "instrument_name": "BTC-7NOV25", "bids": [[115180.0, 1800.0], [115177.5, 3000.0], [115175.0, 5970.0], [115172.5, 4700.0], [115170.0, 23250.0], [115167.5, 1000.0], [115165.0, 27530.0], [115162.5, 50000.0], [115160.0, 430.0], [115157.5, 1430.0], [115152.5, 1560.0], [115150.0, 13940.0], [115147.5, 3000.0], [115145.0, 28530.0], [115135.0, 440.0], [115132.5, 1460.0], [115127.5, 1400.0], [115125.0, 4700.0], [115122.5, 420.0], [115120.0, 2320.0]], "asks": [[115182.5, 6500.0], [115185.0, 11070.0], [115187.5, 1800.0], [115190.0, 2640.0], [115192.5, 2800.0], [115195.0, 1870.0], [115197.5, 1800.0], [115200.0, 6280.0], [115210.0, 440.0], [115212.5, 1460.0], [115222.5, 1840.0], [115225.0, 6160.0], [115247.5, 430.0], [115250.0, 1450.0], [115292.5, 2340.0], [115295.0, 7850.0], [115297.5, 30.0], [115302.5, 7080.0], [115305.0, 23720.0], [115320.0, 430.0]]}}}
{"jsonrpc": "2.0", "method": "subscription", "params": {"channel": "book.BTC-7NOV25.none.20.100ms", "data": {"timestamp": 1761578749421, "change_id": 123893054903, "instrument_name": "BTC-7NOV25", "bids": [[115180.0, 1800.0], [115177.5, 3000.0], [115175.0, 5970.0], [115172.5, 4700.0], [115170.0, 23250.0], [115167.5, 1000.0], [115165.0, 27530.0], [115162.5, 50000.0], [115160.0, 430.0], [115157.5, 1430.0], [115152.5, 1560.0], [115150.0, 13940.0], [115147.5, 3000.0], [115145.0, 28530.0], [115135.0, 440.0], [115132.5, 1460.0], [115127.5, 1400.0], [115125.0, 4700.0], [115122.5, 420.0], [115120.0, 2320.0]], "asks": [[115182.5, 6500.0], [115185.0, 11070.0], [115190.0, 840.0], [115192.5, 2800.0], [115195.0, 1870.0], [115197.5, 1800.0], [115200.0, 6280.0], [115210.0, 440.0], [115212.5, 1460.0], [115222.5, 1840.0], [115225.0, 6160.0], [115247.5, 430.0], [115250.0, 1450.0], [115292.5, 2340.0], [115295.0, 7850.0], [115297.5, 30.0], [115302.5, 7080.0], [115305.0, 23720.0], [115320.0, 430.0], [115322.5, 1430.0]]}}}
{"jsonrpc": "2.0", "method": "subscription", "params": {"channel": "book.BTC-7NOV25.none.20.100ms", "data": {"timestamp": 1761578749802, "change_id": 123893055185, "instrument_name": "BTC-7NOV25", "bids": [[115180.0, 1800.0], [115177.5, 3000.0], [115175.0, 5970.0], [115172.5, 4700.0], [115170.0, 23250.0], [115167.5, 1000.0], [115165.0, 27530.0], [115162.5, 50000.0], [115160.0, 430.0], [115157.5, 1430.0], [115152.5, 1560.0], [115150.0, 13940.0], [115147.5, 3000.0], [115145.0, 28530.0], [115135.0, 440.0], [115132.5, 1460.0], [115127.5, 1400.0], [115125.0, 4700.0], [115122.5, 420.0], [115120.0, 2320.0]], "asks": [[115182.5, 6500.0], [115190.0, 3250.0], [115192.5, 1000.0], [115195.0, 11870.0], [115197.5, 1800.0], [115200.0, 6280.0], [115210.0, 440.0], [115212.5, 1460.0], [115222.5, 1840.0], [115225.0, 6160.0], [115247.5, 430.0], [115250.0, 1450.0], [115292.5, 2340.0], [115295.0, 7850.0], [115297.5, 30.0], [115302.5, 7080.0], [115305.0, 23720.0], [115320.0, 430.0], [115322.5, 1430.0], [115327.5, 40.0]]}}}
{"jsonrpc": "2.0", "method": "subscription", "params": {"channel": "book.BTC-7NOV25.none.20.100ms", "data": {"timestamp": 1761578750084, "change_id": 123893056038, "instrument_name": "BTC-7NOV25", "bids": [[115180.0, 3220.0], [115177.5, 5340.0], [115175.0, 11390.0], [115172.5, 14700.0], [115170.0, 20300.0], [115167.5, 1000.0], [115165.0, 17530.0], [115162.5, 50000.0], [115160.0, 430.0], [115157.5, 1430.0], [115152.5, 1560.0], [115150.0, 13940.0], [115147.5, 3000.0], [115145.0, 28530.0], [115135.0, 440.0], [115132.5, 1460.0], [115127.5, 1400.0], [115125.0, 4700.0], [115122.5, 420.0], [115120.0, 2320.0]], "asks": [[115182.5, 6500.0], [115190.0, 3250.0], [115192.5, 2800.0], [115195.0, 11870.0], [115200.0, 6280.0], [115210.0, 440.0], [115212.5, 1460.0], [115222.5, 1840.0], [115225.0, 6160.0], [115247.5, 430.0], [115250.0, 1450.0], [115292.5, 2340.0], [115295.0, 7850.0], [115297.5, 30.0], [115302.5, 7080.0], [115305.0, 23720.0], [115320.0, 430.0], [115322.5, 1430.0], [115327.5, 40.0], [115332.5, 420.0]]}}}
{"jsonrpc": "2.0", "method": "subscription", "params": {"channel": "book.BTC-7NOV25.none.20.100ms", "data": {"timestamp": 1761578750285, "change_id": 123893056209, "instrument_name": "BTC-7NOV25", "bids": [[115180.0, 3220.0], [115177.5, 11240.0], [115175.0, 23620.0], [115172.5, 14700.0], [115170.0, 300.0], [115167.5, 1000.0], [115165.0, 17530.0], [115162.5, 50000.0], [115160.0, 430.0], [115157.5, 1430.0], [115152.5, 1560.0], [115150.0, 13940.0], [115147.5, 3000.0], [115145.0, 28530.0], [115135.0, 440.0], [115132.5, 1460.0], [115127.5, 1400.0], [115125.0, 4700.0], [115122.5, 420.0], [115120.0, 2320.0]], "asks": [[115182.5, 6500.0], [115190.0, 3250.0], [115192.5, 2800.0], [115195.0, 11870.0], [115200.0, 6280.0], [115210.0, 440.0], [115212.5, 1460.0], [115222.5, 1840.0], [115225.0, 6160.0], [115247.5, 430.0], [115250.0, 1450.0], [115292.5, 2340.0], [115295.0, 7850.0], [115297.5, 30.0], [115302.5, 7080.0], [115305.0, 23720.0], [115320.0, 430.0], [115322.5, 1430.0], [115327.5, 40.0], [115332.5, 420.0]]}}}
{"jsonrpc": "2.0", "method": "subscription", "params": {"channel": "book.BTC-7NOV25.none.20.100ms", "data": {"timestamp": 1761578751046, "change_id": 123893057005, "instrument_name": "BTC-7NOV25", "bids": [[115180.0, 3220.0], [115177.5, 11240.0], [115175.0, 23620.0], [115172.5, 14700.0], [115170.0, 300.0], [115167.5, 1000.0], [115165.0, 17530.0], [115162.5, 50000.0], [115160.0, 430.0], [115157.5, 1430.0], [115152.5, 1560.0], [115150.0, 13940.0], [115147.5, 3000.0], [115145.0, 28530.0], [115135.0, 440.0], [115132.5, 1460.0], [115127.5, 1400.0], [115125.0, 4700.0], [115122.5, 420.0], [115120.0, 2320.0]], "asks": [[115182.5, 6500.0], [115190.0, 3250.0], [115192.5, 2800.0], [115195.0, 11870.0], [115200.0, 6280.0], [115210.0, 440.0], [115212.5, 1460.0], [115222.5, 1840.0], [115225.0, 6160.0], [115247.5, 430.0], [115250.0, 1450.0], [115292.5, 2340.0], [115295.0, 7850.0], [115297.5, 30.0], [115302.5, 7080.0], [115305.0, 23720.0], [115320.0, 430.0], [115322.5, 1430.0], [115327.5, 40.0], [115332.5, 420.0]]}}}
{"jsonrpc": "2.0", "method": "subscription", "params": {"channel": "book.BTC-7NOV25.none.20.100ms", "data": {"timestamp": 1761578751271, "change_id": 123893057673, "instrument_name": "BTC-7NOV25", "bids": [[115180.0, 3220.0], [115177.5, 16940.0], [115175.0, 23620.0], [115172.5, 10000.0], [115165.0, 17530.0], [115162.5, 50000.0], [115160.0, 430.0], [115157.5, 1430.0], [115152.5, 1560.0], [115150.0, 13940.0], [115147.5, 3000.0], [115145.0, 28530.0], [115135.0, 440.0], [115132.5, 1460.0], [115127.5, 1400.0], [115125.0, 4700.0], [115122.5, 420.0], [115120.0, 2320.0], [115117.5, 3000.0], [115110.0, 430.0]], "asks": [[115182.5, 4700.0], [115190.0, 3250.0], [115195.0, 11870.0], [115200.0, 6280.0], [115202.5, 300.0], [115205.0, 1000.0], [115210.0, 440.0], [115212.5, 1460.0], [115222.5, 1840.0], [115225.0, 6160.0], [115247.5, 430.0], [115250.0, 1450.0], [115292.5, 2340.0], [115295.0, 7850.0], [115297.5, 30.0], [115302.5, 7080.0], [115305.0, 23720.0], [115320.0, 430.0], [115322.5, 1430.0], [115327.5, 40.0]]}}}
{"jsonrpc": "2.0", "method": "subscription", "params": {"channel": "book.BTC-7NOV25.none.20.100ms", "data": {"timestamp": 1761578751461, "change_id": 123893057685, "instrument_name": "BTC-7NOV25", "bids": [[115180.0, 3220.0], [115177.5, 16940.0], [115175.0, 23620.0], [115172.5, 10000.0], [115165.0, 17690.0], [115162.5, 50000.0], [115160.0, 430.0], [115157.5, 1430.0], [115152.5, 1400.0], [115150.0, 13940.0], [115147.5, 3000.0], [115145.0, 28530.0], [115135.0, 440.0], [115132.5, 1460.0], [115127.5, 1400.0], [115125.0, 4700.0], [115122.5, 420.0], [115120.0, 2320.0], [115117.5, 3000.0], [115110.0, 430.0]], "asks": [[115182.5, 4700.0], [115190.0, 3250.0], [115195.0, 11870.0], [115200.0, 6280.0], [115202.5, 300.0], [115205.0, 1000.0], [115210.0, 440.0], [115212.5, 1460.0], [115222.5, 1840.0], [115225.0, 6160.0], [115247.5, 430.0], [115250.0, 1450.0], [115292.5, 2340.0], [115295.0, 7850.0], [115297.5, 30.0], [115302.5, 7080.0], [115305.0, 23720.0], [115320.0, 430.0], [115322.5, 1430.0], [115327.5, 40.0]]}}}
{"jsonrpc": "2.0", "method": "subscription", "params": {"channel": "book.BTC-7NOV25.none.20.100ms", "data": {"timestamp": 1761578751972, "change_id": 123893058410, "instrument_name": "BTC-7NOV25", "bids": [[115187.5, 3220.0], [115185.0, 3690.0], [115182.5, 4700.0], [115180.0, 1800.0], [115177.5, 10440.0], [115175.0, 23620.0], [115172.5, 11420.0], [115165.0, 17690.0], [115162.5, 50000.0], [115160.0, 430.0], [115157.5, 1430.0], [115152.5, 1400.0], [115150.0, 13940.0], [115147.5, 3000.0], [115145.0, 28530.0], [115135.0, 440.0], [115132.5, 1460.0], [115127.5, 1400.0], [115125.0, 4700.0], [115122.5, 420.0]], "asks": [[115190.0, 6500.0], [115192.5, 4440.0], [115195.0, 10000.0], [115200.0, 4860.0], [115202.5, 300.0], [115205.0, 2070.0], [115207.5, 1800.0], [115210.0, 2240.0], [115212.5, 1460.0], [115222.5, 1840.0], [115225.0, 6160.0], [115247.5, 430.0], [115250.0, 1450.0], [115292.5, 2340.0], [115295.0, 7850.0], [115297.5, 30.0], [115302.5, 7080.0], [115305.0, 23720.0], [115320.0, 430.0], [115322.5, 1430.0]]}}}
{"jsonrpc": "2.0", "method": "subscription", "params": {"channel": "book.BTC-7NOV25.none.20.100ms", "data": {"timestamp": 1761578752737, "change_id": 123893059362, "instrument_name": "BTC-7NOV25", "bids": [[115187.5, 3220.0], [115185.0, 12100.0], [115182.5, 4700.0], [115180.0, 32990.0], [115177.5, 4000.0], [115175.0, 420.0], [115172.5, 1420.0], [115165.0, 17690.0], [115162.5, 50000.0], [115160.0, 430.0], [115157.5, 1430.0], [115152.5, 1400.0], [115150.0, 13940.0], [115147.5, 3000.0], [115145.0, 28530.0], [115135.0, 440.0], [115132.5, 1460.0], [115127.5, 1400.0], [115125.0, 4700.0], [115122.5, 420.0]], "asks": [[115190.0, 6500.0], [115192.5, 1450.0], [115200.0, 8140.0], [115202.5, 10000.0], [115205.0, 2070.0], [115207.5, 1800.0], [115210.0, 2240.0], [115212.5, 1460.0], [115222.5, 1840.0], [115225.0, 6160.0], [115247.5, 430.0], [115250.0, 1450.0], [115292.5, 2340.0], [115295.0, 7850.0], [115297.5, 30.0], [115302.5, 7080.0], [115305.0, 23720.0], [115320.0, 430.0], [115322.5, 1430.0], [115327.5, 40.0]]}}}
{"jsonrpc": "2.0", "method": "subscription", "params": {"channel": "book.BTC-7NOV25.none.20.100ms", "data": {"timestamp": 1761578753110, "change_id": 123893061050, "instrument_name": "BTC-7NOV25", "bids": [[115177.5, 3000.0], [115172.5, 1420.0], [115157.5, 1430.0], [115152.5, 20000.0], [115150.0, 4700.0], [115147.5, 3000.0], [115145.0, 78530.0], [115142.5, 160.0], [115132.5, 1460.0], [115125.0, 4700.0], [115120.0, 1420.0], [115117.5, 3000.0], [115107.5, 1430.0], [115095.0, 1430.0], [115082.5, 1430.0], [115077.5, 24200.0], [115070.0, 1450.0], [115057.5, 4800.0], [115055.0, 1410.0], [115045.0, 45750.0]], "asks": [[115192.5, 6500.0], [115202.5, 1800.0], [115205.0, 1800.0], [115207.5, 1800.0], [115210.0, 1420.0], [115212.5, 2800.0], [115215.0, 1800.0], [115217.5, 10160.0], [115225.0, 6160.0], [115250.0, 6150.0], [115295.0, 7850.0], [115297.5, 30.0], [115305.0, 23720.0], [115322.5, 1430.0], [115327.5, 40.0], [115335.0, 1400.0], [115340.0, 10.0], [115347.5, 1450.0], [115360.0, 19020.0], [115372.5, 1390.0]]}}}
{"jsonrpc": "2.0", "method": "subscription", "params": {"channel": "book.BTC-7NOV25.none.20.100ms", "data": {"timestamp": 1761578753311, "change_id": 123893061526, "instrument_name": "BTC-7NOV25", "bids": [[115185.0, 1420.0], [115182.5, 6120.0], [115180.0, 1800.0], [115177.5, 3000.0], [115175.0, 1000.0], [115172.5, 10000.0], [115157.5, 1430.0], [115155.0, 160.0], [115150.0, 74700.0], [115147.5, 3000.0], [115145.0, 28530.0], [115132.5, 1460.0], [115125.0, 4700.0], [115120.0, 1420.0], [115117.5, 3000.0], [115095.0, 1430.0], [115082.5, 1430.0], [115077.5, 24200.0], [115070.0, 1450.0], [115057.5, 4800.0]], "asks": [[115187.5, 4700.0], [115200.0, 4700.0], [115202.5, 11800.0], [115205.0, 2800.0], [115207.5, 1800.0], [115210.0, 1420.0], [115212.5, 1800.0], [115215.0, 1800.0], [115217.5, 160.0], [115225.0, 6160.0], [115250.0, 1450.0], [115295.0, 7850.0], [115297.5, 30.0], [115305.0, 23720.0], [115322.5, 1430.0], [115327.5, 40.0], [115335.0, 1400.0], [115340.0, 10.0], [115347.5, 1450.0], [115360.0, 19020.0]]}}}
{"jsonrpc": "2.0", "method": "subscription", "params": {"channel": "book.BTC-7NOV25.none.20.100ms", "data": {"timestamp": 1761578753754, "change_id": 123893061813, "instrument_name": "BTC-7NOV25", "bids": [[115182.5, 540.0], [115180.0, 2990.0], [115177.5, 3000.0], [115175.0, 3990.0], [115172.5, 10000.0], [115160.0, 470.0], [115157.5, 1430.0], [115155.0, 160.0], [115150.0, 74700.0], [115147.5, 3000.0], [115145.0, 28530.0], [115132.5, 1460.0], [115125.0, 4700.0], [115120.0, 1420.0], [115117.5, 3000.0], [115095.0, 1430.0], [115082.5, 1430.0], [115077.5, 24200.0], [115070.0, 1450.0], [115057.5, 4800.0]], "asks": [[115187.5, 4700.0], [115197.5, 1400.0], [115200.0, 9060.0], [115202.5, 11800.0], [115205.0, 3760.0], [115207.5, 1800.0], [115210.0, 2490.0], [115212.5, 1800.0], [115215.0, 1800.0], [115217.5, 160.0], [115225.0, 6160.0], [115250.0, 1450.0], [115295.0, 7850.0], [115297.5, 30.0], [115305.0, 23720.0], [115322.5, 1430.0], [115327.5, 40.0], [115335.0, 1400.0], [115340.0, 10.0], [115347.5, 1450.0]]}}}
{"jsonrpc": "2.0", "method": "subscription", "params": {"channel": "book.BTC-7NOV25.none.20.100ms", "data": {"timestamp": 1761578753950, "change_id": 123893062515, "instrument_name": "BTC-7NOV25", "bids": [[115182.5, 1800.0], [115180.0, 7690.0], [115177.5, 3000.0], [115175.0, 3990.0], [115172.5, 10000.0], [115160.0, 470.0], [115157.5, 1430.0], [115155.0, 160.0], [115150.0, 74700.0], [115147.5, 3000.0], [115145.0, 28530.0], [115132.5, 1460.0], [115125.0, 4700.0], [115120.0, 1420.0], [115117.5, 3000.0], [115095.0, 1430.0], [115082.5, 1430.0], [115077.5, 24200.0], [115070.0, 1450.0], [115057.5, 4800.0]], "asks": [[115185.0, 1800.0], [115187.5, 6500.0], [115190.0, 1800.0], [115192.5, 2990.0], [115195.0, 10000.0], [115197.5, 2820.0], [115200.0, 5580.0], [115202.5, 1800.0], [115205.0, 2120.0], [115207.5, 1800.0], [115210.0, 1420.0], [115225.0, 6160.0], [115250.0, 1450.0], [115295.0, 7850.0], [115297.5, 30.0], [115305.0, 23720.0], [115322.5, 1430.0], [115327.5, 40.0], [115335.0, 1400.0], [115340.0, 10.0]]}}}
{"jsonrpc": "2.0", "method": "subscription", "params": {"channel": "book.BTC-7NOV25.none.20.100ms", "data": {"timestamp": 1761578754287, "change_id": 123893063154, "instrument_name": "BTC-7NOV25", "bids": [[115182.5, 3220.0], [115180.0, 7690.0], [115177.5, 3000.0], [115175.0, 3990.0], [115172.5, 10000.0], [115160.0, 470.0], [115157.5, 1430.0], [115155.0, 160.0], [115150.0, 74700.0], [115147.5, 3000.0], [115145.0, 28530.0], [115132.5, 1460.0], [115125.0, 4700.0], [115120.0, 1420.0], [115117.5, 3000.0], [115095.0, 1430.0], [115082.5, 1430.0], [115077.5, 24200.0], [115070.0, 1450.0], [115057.5, 4800.0]], "asks": [[115185.0, 1800.0], [115187.5, 6500.0], [115190.0, 1800.0], [115192.5, 2990.0], [115195.0, 10000.0], [115197.5, 2820.0], [115200.0, 5050.0], [115205.0, 2120.0], [115207.5, 1800.0], [115210.0, 1420.0], [115225.0, 6160.0], [115250.0, 1450.0], [115295.0, 7850.0], [115297.5, 30.0], [115305.0, 23720.0], [115322.5, 1430.0], [115327.5, 40.0], [115335.0, 1400.0], [115340.0, 10.0], [115347.5, 1450.0]]}}}
{"jsonrpc": "2.0", "method": "subscription", "params": {"channel": "book.BTC-7NOV25.none.20.100ms", "data": {"timestamp": 1761578754724, "change_id": 123893063384, "instrument_name": "BTC-7NOV25", "bids": [[115182.5, 3220.0], [115180.0, 7690.0], [115177.5, 3000.0], [115175.0, 3990.0], [115172.5, 10000.0], [115160.0, 470.0], [115157.5, 1430.0], [115155.0, 160.0], [115152.5, 22300.0], [115150.0, 74700.0], [115147.5, 3000.0], [115145.0, 28530.0], [115132.5, 1460.0], [115125.0, 4700.0], [115120.0, 2320.0], [115117.5, 3000.0], [115095.0, 1430.0], [115085.0, 430.0], [115082.5, 1430.0], [115077.5, 24200.0]], "asks": [[115185.0, 1800.0], [115187.5, 6500.0], [115190.0, 1800.0], [115192.5, 2990.0], [115195.0, 10000.0], [115197.5, 1400.0], [115200.0, 5050.0], [115205.0, 2120.0], [115207.5, 1800.0], [115210.0, 1420.0], [115222.5, 1840.0], [115225.0, 6160.0], [115250.0, 1450.0], [115295.0, 7850.0], [115297.5, 30.0], [115302.5, 7080.0], [115305.0, 23720.0], [115322.5, 1430.0], [115327.5, 40.0], [115332.5, 420.0]]}}}
{"jsonrpc": "2.0", "method": "subscription", "params": {"channel": "book.BTC-7NOV25.none.20.100ms", "data": {"timestamp": 1761578754902, "change_id": 123893063885, "instrument_name": "BTC-7NOV25", "bids": [[115182.5, 3220.0], [115180.0, 13510.0], [115177.5, 20000.0], [115175.0, 3990.0], [115172.5, 10000.0], [115170.0, 1420.0], [115162.5, 14930.0], [115160.0, 51310.0], [115157.5, 4430.0], [115155.0, 160.0], [115150.0, 4700.0], [115145.0, 28530.0], [115132.5, 1460.0], [115127.5, 3000.0], [115125.0, 4700.0], [115120.0, 1420.0], [115097.5, 3000.0], [115095.0, 1430.0], [115085.0, 430.0], [115082.5, 1430.0]], "asks": [[115185.0, 1800.0], [115187.5, 6500.0], [115190.0, 1800.0], [115192.5, 4790.0], [115195.0, 10000.0], [115197.5, 2820.0], [115200.0, 5050.0], [115205.0, 2120.0], [115207.5, 1800.0], [115210.0, 1420.0], [115222.5, 1840.0], [115225.0, 6160.0], [115250.0, 1450.0], [115295.0, 7850.0], [115297.5, 30.0], [115302.5, 7080.0], [115305.0, 23720.0], [115322.5, 1430.0], [115327.5, 40.0], [115332.5, 420.0]]}}}
{"jsonrpc": "2.0", "method": "subscription", "params": {"channel": "book.BTC-7NOV25.none.20.100ms", "data": {"timestamp": 1761578755384, "change_id": 123893064812, "instrument_name": "BTC-7NOV25", "bids": [[115182.5, 3220.0], [115180.0, 13510.0], [115177.5, 20000.0], [115175.0, 3990.0], [115172.5, 10000.0], [115170.0, 1420.0], [115167.5, 160.0], [115162.5, 14930.0], [115160.0, 51310.0], [115157.5, 4430.0], [115150.0, 4700.0], [115145.0, 28530.0], [115132.5, 1460.0], [115127.5, 3000.0], [115125.0, 4700.0], [115120.0, 1420.0], [115097.5, 3000.0], [115095.0, 1430.0], [115085.0, 430.0], [115082.5, 1430.0]], "asks": [[115185.0, 1800.0], [115187.5, 4700.0], [115192.5, 2990.0], [115195.0, 10000.0], [115197.5, 1400.0], [115200.0, 5050.0], [115205.0, 2120.0], [115207.5, 1800.0], [115210.0, 1420.0], [115222.5, 1840.0], [115225.0, 6160.0], [115250.0, 1450.0], [115295.0, 7850.0], [115297.5, 30.0], [115302.5, 7080.0], [115305.0, 23720.0], [115322.5, 1430.0], [115327.5, 40.0], [115332.5, 420.0], [115335.0, 1400.0]]}}}
{"jsonrpc": "2.0", "method": "subscription", "params": {"channel": "book.BTC-7NOV25.none.20.100ms", "data": {"timestamp": 1761578755638, "change_id": 123893064935, "instrument_name": "BTC-7NOV25", "bids": [[115182.5, 3220.0], [115180.0, 13510.0], [115177.5, 20000.0], [115175.0, 3990.0], [115172.5, 10000.0], [115170.0, 1420.0], [115167.5, 160.0], [115162.5, 14930.0], [115160.0, 51310.0], [115157.5, 4430.0], [115150.0, 4700.0], [115145.0, 28530.0], [115132.5, 1460.0], [115127.5, 3000.0], [115125.0, 4700.0], [115120.0, 1420.0], [115097.5, 3000.0], [115095.0, 1430.0], [115085.0, 430.0], [115082.5, 1430.0]], "asks": [[115185.0, 1800.0], [115187.5, 4700.0], [115192.5, 2990.0], [115195.0, 10000.0], [115197.5, 1400.0], [115200.0, 5050.0], [115205.0, 2120.0], [115207.5, 1800.0], [115210.0, 1420.0], [115222.5, 1840.0], [115225.0, 6160.0], [115250.0, 1450.0], [115295.0, 7850.0], [115297.5, 30.0], [115302.5, 7080.0], [115305.0, 23720.0], [115322.5, 1430.0], [115327.5, 40.0], [115332.5, 420.0], [115335.0, 1400.0]]}}}
{"jsonrpc": "2.0", "method": "subscription", "params": {"channel": "book.BTC-7NOV25.none.20.100ms", "data": {"timestamp": 1761578755932, "change_id": 123893065330, "instrument_name": "BTC-7NOV25", "bids": [[115182.5, 3220.0], [115180.0, 13510.0], [115177.5, 20000.0], [115175.0, 3990.0], [115172.5, 10000.0], [115170.0, 1420.0], [115167.5, 160.0], [115162.5, 14930.0], [115160.0, 51310.0], [115157.5, 4430.0], [115150.0, 4700.0], [115147.5, 8520.0], [115145.0, 28530.0], [115132.5, 1460.0], [115127.5, 3000.0], [115125.0, 4700.0], [115120.0, 1420.0], [115100.0, 1320.0], [115097.5, 3000.0], [115095.0, 1430.0]], "asks": [[115185.0, 1800.0], [115187.5, 4700.0], [115192.5, 4790.0], [115195.0, 10000.0], [115197.5, 1400.0], [115200.0, 5050.0], [115205.0, 2120.0], [115207.5, 1800.0], [115210.0, 1420.0], [115222.5, 1840.0], [115225.0, 6160.0], [115247.5, 430.0], [115250.0, 1450.0], [115292.5, 2340.0], [115295.0, 7850.0], [115297.5, 30.0], [115302.5, 7080.0], [115305.0, 23720.0], [115320.0, 430.0], [115322.5, 1430.0]]}}}
{"jsonrpc": "2.0", "method": "subscription", "params": {"channel": "book.BTC-7NOV25.none.20.100ms", "data": {"timestamp": 1761578756087, "change_id": 123893065767, "instrument_name": "BTC-7NOV25", "bids": [[115182.5, 3220.0], [115180.0, 13510.0], [115177.5, 20000.0], [115175.0, 3990.0], [115172.5, 10000.0], [115170.0, 1420.0], [115167.5, 160.0], [115162.5, 14930.0], [115160.0, 51310.0], [115157.5, 4430.0], [115152.5, 92120.0], [115150.0, 4700.0], [115147.5, 8520.0], [115145.0, 28530.0], [115132.5, 1460.0], [115127.5, 3000.0], [115125.0, 4700.0], [115120.0, 1420.0], [115100.0, 1320.0], [115097.5, 3000.0]], "asks": [[115185.0, 1800.0], [115187.5, 4700.0], [115192.5, 4790.0], [115195.0, 10000.0], [115197.5, 1400.0], [115200.0, 5050.0], [115205.0, 2120.0], [115207.5, 1800.0], [115210.0, 1420.0], [115222.5, 1840.0], [115225.0, 6160.0], [115247.5, 430.0], [115250.0, 1450.0], [115292.5, 2340.0], [115295.0, 7850.0], [115297.5, 30.0], [115302.5, 7080.0], [115305.0, 23720.0], [115320.0, 430.0], [115322.5, 1430.0]]}}}
{"jsonrpc": "2.0", "method": "subscription", "params": {"channel": "book.BTC-7NOV25.none.20.100ms", "data": {"timestamp": 1761578757035, "change_id": 123893066805, "instrument_name": "BTC-7NOV25", "bids": [[115182.5, 1800.0], [115180.0, 8810.0], [115177.5, 20000.0], [115175.0, 3990.0], [115172.5, 10000.0], [115170.0, 1420.0], [115167.5, 160.0], [115162.5, 14930.0], [115160.0, 51310.0], [115157.5, 4430.0], [115155.0, 28900.0], [115152.5, 92120.0], [115150.0, 4700.0], [115147.5, 8520.0], [115145.0, 28530.0], [115132.5, 1460.0], [115127.5, 3000.0], [115125.0, 4700.0], [115122.5, 420.0], [115120.0, 1420.0]], "asks": [[115185.0, 1800.0], [115187.5, 4700.0], [115190.0, 1800.0], [115192.5, 4790.0], [115195.0, 10000.0], [115197.5, 2800.0], [115200.0, 5050.0], [115205.0, 2120.0], [115207.5, 1800.0], [115210.0, 1420.0], [115222.5, 1840.0], [115225.0, 6160.0], [115247.5, 430.0], [115250.0, 1450.0], [115292.5, 2340.0], [115295.0, 7850.0], [115297.5, 30.0], [115302.5, 7080.0], [115305.0, 23720.0], [115320.0, 430.0]]}}}
{"jsonrpc": "2.0", "method": "subscription", "params": {"channel": "book.BTC-7NOV25.none.20.100ms", "data": {"timestamp": 1761578757300, "change_id": 123893067414, "instrument_name": "BTC-7NOV25", "bids": [[115182.5, 1800.0], [115180.0, 8810.0], [115177.5, 20000.0], [115175.0, 1420.0], [115170.0, 1420.0], [115167.5, 160.0], [115162.5, 14930.0], [115160.0, 61310.0], [115157.5, 4430.0], [115155.0, 28900.0], [115152.5, 92120.0], [115150.0, 4700.0], [115147.5, 8520.0], [115145.0, 28530.0], [115132.5, 1460.0], [115127.5, 3000.0], [115125.0, 4700.0], [115122.5, 420.0], [115120.0, 1420.0], [115100.0, 1320.0]], "asks": [[115185.0, 1800.0], [115187.5, 4700.0], [115190.0, 1800.0], [115192.5, 4790.0], [115195.0, 10000.0], [115197.5, 2800.0], [115200.0, 5540.0], [115202.5, 1800.0], [115205.0, 2120.0], [115207.5, 1800.0], [115210.0, 1420.0], [115222.5, 1840.0], [115225.0, 6160.0], [115247.5, 430.0], [115250.0, 1450.0], [115292.5, 2340.0], [115295.0, 7850.0], [115297.5, 30.0], [115302.5, 7080.0], [115305.0, 23720.0]]}}}
{"jsonrpc": "2.0", "method": "subscription", "params": {"channel": "book.BTC-7NOV25.none.20.100ms", "data": {"timestamp": 1761578757725, "change_id": 123893067944, "instrument_name": "BTC-7NOV25", "bids": [[115177.5, 300.0], [115175.0, 1420.0], [115170.0, 1420.0], [115167.5, 5970.0], [115165.0, 20000.0], [115162.5, 14930.0], [115160.0, 61310.0], [115157.5, 4430.0], [115155.0, 28900.0], [115152.5, 92280.0], [115150.0, 4700.0], [115147.5, 8520.0], [115145.0, 28530.0], [115132.5, 1460.0], [115127.5, 3000.0], [115125.0, 4700.0], [115122.5, 420.0], [115120.0, 1420.0], [115100.0, 1320.0], [115097.5, 3000.0]], "asks": [[115182.5, 6500.0], [115185.0, 4540.0], [115187.5, 10000.0], [115190.0, 1010.0], [115192.5, 1800.0], [115195.0, 3920.0], [115197.5, 2400.0], [115200.0, 5050.0], [115202.5, 1800.0], [115205.0, 580.0], [115210.0, 1420.0], [115222.5, 1840.0], [115225.0, 6160.0], [115247.5, 430.0], [115250.0, 1450.0], [115292.5, 2340.0], [115295.0, 7850.0], [115297.5, 30.0], [115302.5, 7080.0], [115305.0, 23720.0]]}}}
{"jsonrpc": "2.0", "method": "subscription", "params": {"channel": "book.BTC-7NOV25.none.20.100ms", "data": {"timestamp": 1761578757973, "change_id": 123893068621, "instrument_name": "BTC-7NOV25", "bids": [[115177.5, 1800.0], [115175.0, 1420.0], [115170.0, 1420.0], [115167.5, 5970.0], [115165.0, 24700.0], [115162.5, 14930.0], [115160.0, 61310.0], [115157.5, 4430.0], [115155.0, 28900.0], [115152.5, 92280.0], [115150.0, 4700.0], [115147.5, 8520.0], [115145.0, 28530.0], [115132.5, 1460.0], [115127.5, 3000.0], [115125.0, 4700.0], [115122.5, 420.0], [115120.0, 1420.0], [115100.0, 1320.0], [115097.5, 3000.0]], "asks": [[115180.0, 1800.0], [115182.5, 6500.0], [115185.0, 4540.0], [115187.5, 10000.0], [115190.0, 1010.0], [115192.5, 1960.0], [115195.0, 3920.0], [115197.5, 2400.0], [115200.0, 5050.0], [115202.5, 1800.0], [115205.0, 420.0], [115210.0, 1420.0], [115222.5, 1840.0], [115225.0, 6160.0], [115247.5, 430.0], [115250.0, 1450.0], [115292.5, 2340.0], [115295.0, 7850.0], [115297.5, 30.0], [115302.5, 7080.0]]}}}
{"jsonrpc": "2.0", "method": "subscription", "params": {"channel": "book.BTC-7NOV25.none.20.100ms", "data": {"timestamp": 1761578758316, "change_id": 123893069263, "instrument_name": "BTC-7NOV25", "bids": [[115177.5, 1800.0], [115175.0, 2770.0], [115170.0, 6120.0], [115167.5, 5970.0], [115165.0, 20000.0], [115162.5, 14930.0], [115160.0, 61310.0], [115157.5, 4430.0], [115155.0, 28900.0], [115152.5, 92280.0], [115150.0, 4700.0], [115147.5, 8520.0], [115145.0, 28530.0], [115132.5, 1460.0], [115130.0, 2300.0], [115127.5, 3000.0], [115125.0, 4700.0], [115122.5, 420.0], [115120.0, 1420.0], [115100.0, 1320.0]], "asks": [[115180.0, 1800.0], [115182.5, 6500.0], [115185.0, 4540.0], [115187.5, 10000.0], [115190.0, 1010.0], [115192.5, 1960.0], [115195.0, 3920.0], [115197.5, 2400.0], [115200.0, 5050.0], [115202.5, 1800.0], [115205.0, 420.0], [115210.0, 1420.0], [115222.5, 1840.0], [115225.0, 6160.0], [115247.5, 430.0], [115250.0, 1450.0], [115292.5, 2340.0], [115295.0, 7850.0], [115297.5, 30.0], [115302.5, 7080.0]]}}}
{"jsonrpc": "2.0", "method": "subscription", "params": {"channel": "book.BTC-7NOV25.none.20.100ms", "data": {"timestamp": 1761578758643, "change_id": 123893069390, "instrument_name": "BTC-7NOV25", "bids": [[115177.5, 1800.0], [115175.0, 1420.0], [115170.0, 1420.0], [115167.5, 5970.0], [115165.0, 20000.0], [115162.5, 14930.0], [115160.0, 61310.0], [115157.5, 4430.0], [115155.0, 28900.0], [115152.5, 92280.0], [115150.0, 4700.0], [115147.5, 8520.0], [115145.0, 28530.0], [115132.5, 1460.0], [115130.0, 2300.0], [115127.5, 3000.0], [115125.0, 4700.0], [115122.5, 420.0], [115120.0, 1420.0], [115100.0, 1320.0]], "asks": [[115180.0, 1800.0], [115182.5, 6500.0], [115185.0, 4540.0], [115187.5, 10000.0], [115190.0, 1010.0], [115192.5, 1960.0], [115195.0, 3920.0], [115197.5, 2400.0], [115200.0, 5050.0], [115202.5, 1800.0], [115205.0, 420.0], [115210.0, 1420.0], [115222.5, 1840.0], [115225.0, 6160.0], [115247.5, 430.0], [115250.0, 1450.0], [115292.5, 2340.0], [115295.0, 7850.0], [115297.5, 30.0], [115302.5, 7080.0]]}}}
{"jsonrpc": "2.0", "method": "subscription", "params": {"channel": "book.BTC-7NOV25.none.20.100ms", "data": {"timestamp": 1761578758892, "change_id": 123893069845, "instrument_name": "BTC-7NOV25", "bids": [[115177.5, 1800.0], [115175.0, 2770.0], [115172.5, 1600.0], [115170.0, 6120.0], [115167.5, 5970.0], [115165.0, 20000.0], [115162.5, 14930.0], [115160.0, 61310.0], [115157.5, 4430.0], [115155.0, 28900.0], [115152.5, 92280.0], [115150.0, 4700.0], [115147.5, 8520.0], [115145.0, 28530.0], [115132.5, 1460.0], [115130.0, 2300.0], [115127.5, 3000.0], [115125.0, 4700.0], [115122.5, 420.0], [115120.0, 1420.0]], "asks": [[115180.0, 1800.0], [115182.5, 6500.0], [115185.0, 4540.0], [115187.5, 10000.0], [115190.0, 1010.0], [115192.5, 1960.0], [115195.0, 3920.0], [115197.5, 4200.0], [115200.0, 5050.0], [115202.5, 1800.0], [115205.0, 420.0], [115210.0, 1420.0], [115222.5, 1840.0], [115225.0, 6160.0], [115247.5, 430.0], [115250.0, 1450.0], [115292.5, 2340.0], [115295.0, 7850.0], [115297.5, 30.0], [115302.5, 7080.0]]}}}
{"jsonrpc": "2.0", "method": "subscription", "params": {"channel": "book.BTC-7NOV25.none.20.100ms", "data": {"timestamp": 1761578759381, "change_id": 123893071093, "instrument_name": "BTC-7NOV25", "bids": [[115165.0, 20000.0], [115162.5, 1000.0], [115157.5, 4430.0], [115152.5, 160.0], [115150.0, 50000.0], [115147.5, 8520.0], [115145.0, 28530.0], [115132.5, 1460.0], [115127.5, 3000.0], [115125.0, 4700.0], [115120.0, 1420.0], [115100.0, 4700.0], [115097.5, 3000.0], [115095.0, 1430.0], [115082.5, 1430.0], [115077.5, 24200.0], [115070.0, 1400.0], [115067.5, 4800.0], [115055.0, 1410.0], [115045.0, 45750.0]], "asks": [[115170.0, 4700.0], [115172.5, 1800.0], [115175.0, 1800.0], [115182.5, 1800.0], [115185.0, 3200.0], [115187.5, 10000.0], [115190.0, 2800.0], [115192.5, 1960.0], [115195.0, 1800.0], [115197.5, 1400.0], [115200.0, 4700.0], [115210.0, 1420.0], [115225.0, 6160.0], [115250.0, 1450.0], [115295.0, 7850.0], [115297.5, 30.0], [115305.0, 23720.0], [115322.5, 1430.0], [115327.5, 40.0], [115335.0, 1400.0]]}}}
{"jsonrpc": "2.0", "method": "subscription", "params": {"channel": "book.BTC-7NOV25.none.20.100ms", "data": {"timestamp": 1761578759585, "change_id": 123893071329, "instrument_name": "BTC-7NOV25", "bids": [[115165.0, 1400.0], [115162.5, 1000.0], [115160.0, 4700.0], [115157.5, 3000.0], [115152.5, 160.0], [115150.0, 20000.0], [115147.5, 60000.0], [115145.0, 28530.0], [115142.5, 92110.0], [115132.5, 1460.0], [115127.5, 3000.0], [115125.0, 4700.0], [115120.0, 1420.0], [115100.0, 4700.0], [115097.5, 3000.0], [115095.0, 1430.0], [115082.5, 1430.0], [115077.5, 24200.0], [115070.0, 1400.0], [115067.5, 4800.0]], "asks": [[115170.0, 4700.0], [115172.5, 1800.0], [115175.0, 1800.0], [115177.5, 10000.0], [115182.5, 1800.0], [115185.0, 3200.0], [115190.0, 2800.0], [115192.5, 1960.0], [115195.0, 1800.0], [115197.5, 1400.0], [115200.0, 4700.0], [115210.0, 1420.0], [115225.0, 6160.0], [115250.0, 1450.0], [115295.0, 7850.0], [115297.5, 30.0], [115305.0, 23720.0], [115322.5, 1430.0], [115327.5, 40.0], [115335.0, 1400.0]]}}}
{"jsonrpc": "2.0", "method": "subscription", "params": {"channel": "book.BTC-7NOV25.none.20.100ms", "data": {"timestamp": 1761578759902, "change_id": 123893072439, "instrument_name": "BTC-7NOV25", "bids": [[115162.5, 1800.0], [115160.0, 900.0], [115157.5, 3000.0], [115155.0, 1000.0], [115152.5, 6130.0], [115150.0, 46430.0], [115147.5, 60000.0], [115145.0, 53490.0], [115142.5, 92110.0], [115132.5, 1460.0], [115130.0, 2300.0], [115127.5, 3000.0], [115125.0, 4700.0], [115122.5, 420.0], [115120.0, 1420.0], [115102.5, 1400.0], [115100.0, 6020.0], [115097.5, 3000.0], [115095.0, 1430.0], [115085.0, 430.0]], "asks": [[115165.0, 4700.0], [115172.5, 1800.0], [115175.0, 6500.0], [115177.5, 10000.0], [115180.0, 2650.0], [115182.5, 1800.0], [115185.0, 3200.0], [115187.5, 540.0], [115190.0, 2390.0], [115192.5, 1800.0], [115195.0, 1820.0], [115197.5, 1400.0], [115200.0, 4700.0], [115207.5, 420.0], [115210.0, 1420.0], [115222.5, 440.0], [115225.0, 1460.0], [115247.5, 430.0], [115250.0, 1450.0], [115292.5, 2340.0]]}}}
{"jsonrpc": "2.0", "method": "subscription", "params": {"channel": "book.BTC-7NOV25.none.20.100ms", "data": {"timestamp": 1761578760332, "change_id": 123893073352, "instrument_name": "BTC-7NOV25", "bids": [[115162.5, 1800.0], [115160.0, 900.0], [115157.5, 3000.0], [115155.0, 1000.0], [115152.5, 10830.0], [115150.0, 46430.0], [115147.5, 60000.0], [115145.0, 53490.0], [115132.5, 1460.0], [115130.0, 2300.0], [115127.5, 3000.0], [115125.0, 4700.0], [115122.5, 420.0], [115120.0, 1420.0], [115102.5, 1400.0], [115100.0, 6020.0], [115097.5, 3000.0], [115095.0, 1430.0], [115085.0, 430.0], [115082.5, 1430.0]], "asks": [[115165.0, 4700.0], [115167.5, 5460.0], [115170.0, 10000.0], [115172.5, 1800.0], [115175.0, 6500.0], [115177.5, 350.0], [115180.0, 2650.0], [115182.5, 1800.0], [115185.0, 3200.0], [115187.5, 540.0], [115190.0, 2390.0], [115192.5, 1800.0], [115195.0, 1820.0], [115197.5, 1400.0], [115200.0, 4700.0], [115207.5, 420.0], [115210.0, 1420.0], [115222.5, 440.0], [115225.0, 1460.0], [115247.5, 430.0]]}}}
{"jsonrpc": "2.0", "method": "subscription", "params": {"channel": "book.BTC-7NOV25.none.20.100ms", "data": {"timestamp": 1761578760383, "change_id": 123893073360, "instrument_name": "BTC-7NOV25", "bids": [[115162.5, 1800.0], [115160.0, 900.0], [115157.5, 3000.0], [115155.0, 1000.0], [115152.5, 10830.0], [115150.0, 46430.0], [115147.5, 60000.0], [115145.0, 28530.0], [115135.0, 440.0], [115132.5, 1460.0], [115130.0, 2300.0], [115127.5, 3000.0], [115125.0, 4700.0], [115122.5, 420.0], [115120.0, 1420.0], [115102.5, 1400.0], [115100.0, 6020.0], [115097.5, 3000.0], [115095.0, 1430.0], [115085.0, 430.0]], "asks": [[115165.0, 4700.0], [115167.5, 5460.0], [115170.0, 10000.0], [115172.5, 1800.0], [115175.0, 6500.0], [115177.5, 350.0], [115180.0, 2650.0], [115182.5, 1800.0], [115185.0, 3200.0], [115187.5, 540.0], [115190.0, 2390.0], [115192.5, 1800.0], [115195.0, 1820.0], [115197.5, 1400.0], [115200.0, 4700.0], [115207.5, 420.0], [115210.0, 1420.0], [115222.5, 440.0], [115225.0, 1460.0], [115247.5, 430.0]]}}}
{"jsonrpc": "2.0", "method": "subscription", "params": {"channel": "book.BTC-7NOV25.none.20.100ms", "data": {"timestamp": 1761578761001, "change_id": 123893075000, "instrument_name": "BTC-7NOV25", "bids": [[115152.5, 5970.0], [115150.0, 46430.0], [115147.5, 53000.0], [115145.0, 27080.0], [115142.5, 4700.0], [115140.0, 1000.0], [115137.5, 2990.0], [115135.0, 10440.0], [115132.5, 1620.0], [115130.0, 1400.0], [115125.0, 4700.0], [115122.5, 420.0], [115120.0, 2320.0], [115117.5, 3000.0], [115110.0, 420.0], [115107.5, 1400.0], [115102.5, 1400.0], [115100.0, 4700.0], [115097.5, 430.0], [115095.0, 1430.0]], "asks": [[115157.5, 3830.0], [115160.0, 3200.0], [115162.5, 1800.0], [115165.0, 1800.0], [115167.5, 4790.0], [115170.0, 12480.0], [115172.5, 3200.0], [115175.0, 6500.0], [115177.5, 350.0], [115180.0, 1580.0], [115185.0, 1400.0], [115195.0, 1820.0], [115197.5, 1400.0], [115200.0, 4700.0], [115207.5, 420.0], [115210.0, 1420.0], [115222.5, 440.0], [115225.0, 1460.0], [115247.5, 430.0], [115250.0, 1450.0]]}}}
{"jsonrpc": "2.0", "method": "subscription", "params": {"channel": "book.BTC-7NOV25.none.20.100ms", "data": {"timestamp": 1761578761330, "change_id": 123893077946, "instrument_name": "BTC-7NOV25", "bids": [[115135.0, 3000.0], [115125.0, 4700.0], [115107.5, 1400.0], [115105.0, 3000.0], [115100.0, 4700.0], [115095.0, 1430.0], [115082.5, 1430.0], [115075.0, 23000.0], [115072.5, 50000.0], [115070.0, 1400.0], [115055.0, 1410.0], [115045.0, 45750.0], [115030.0, 1460.0], [115017.5, 1440.0], [115015.0, 5780.0], [115005.0, 1420.0], [114967.5, 1450.0], [114960.0, 10.0], [114957.5, 2350.0], [114955.0, 18700.0]], "asks": [[115152.5, 1400.0], [115155.0, 4700.0], [115157.5, 1800.0], [115160.0, 1800.0], [115162.5, 2800.0], [115165.0, 1800.0], [115167.5, 1960.0], [115170.0, 10000.0], [115172.5, 1400.0], [115175.0, 4700.0], [115185.0, 1400.0], [115197.5, 1400.0], [115200.0, 4700.0], [115210.0, 1420.0], [115225.0, 1460.0], [115247.5, 24060.0], [115250.0, 1450.0], [115295.0, 7850.0], [115297.5, 30.0], [115322.5, 1430.0]]}}}
{"jsonrpc": "2.0", "method": "subscription", "params": {"channel": "book.BTC-7NOV25.none.20.100ms", "data": {"timestamp": 1761578761698, "change_id": 123893081557, "instrument_name": "BTC-7NOV25", "bids": [[115120.0, 1000.0], [115107.5, 1400.0], [115102.5, 1400.0], [115100.0, 4700.0], [115095.0, 1430.0], [115087.5, 160.0], [115082.5, 1430.0], [115080.0, 20000.0], [115075.0, 15340.0], [115072.5, 50000.0], [115070.0, 1400.0], [115065.0, 3000.0], [115055.0, 1410.0], [115045.0, 45750.0], [115042.5, 1400.0], [115035.0, 6000.0], [115030.0, 26150.0], [115017.5, 1440.0], [115015.0, 5780.0], [115005.0, 1420.0]], "asks": [[115135.0, 1400.0], [115137.5, 420.0], [115140.0, 1400.0], [115145.0, 1000.0], [115152.5, 1400.0], [115155.0, 4860.0], [115157.5, 1800.0], [115160.0, 1800.0], [115162.5, 1800.0], [115165.0, 1800.0], [115167.5, 1800.0], [115170.0, 10000.0], [115172.5, 1400.0], [115175.0, 4700.0], [115185.0, 1400.0], [115197.5, 1400.0], [115200.0, 4700.0], [115210.0, 1420.0], [115225.0, 1460.0], [115247.5, 24060.0]]}}}
{"jsonrpc": "2.0", "method": "subscription", "params": {"channel": "book.BTC-7NOV25.none.20.100ms", "data": {"timestamp": 1761578762032, "change_id": 123893084543, "instrument_name": "BTC-7NOV25", "bids": [[115127.5, 3200.0], [115125.0, 3200.0], [115112.5, 1400.0], [115107.5, 1000.0], [115095.0, 4430.0], [115087.5, 160.0], [115085.0, 20000.0], [115082.5, 1430.0], [115070.0, 1400.0], [115065.0, 3000.0], [115055.0, 1410.0], [115050.0, 50000.0], [115045.0, 45750.0], [115042.5, 1400.0], [115035.0, 3000.0], [115030.0, 26150.0], [115017.5, 1440.0], [115015.0, 5780.0], [115005.0, 1420.0], [114967.5, 1450.0]], "asks": [[115135.0, 10000.0], [115137.5, 1000.0], [115142.5, 160.0], [115152.5, 1400.0], [115155.0, 4700.0], [115157.5, 1800.0], [115160.0, 1800.0], [115172.5, 1400.0], [115175.0, 4700.0], [115185.0, 1400.0], [115197.5, 1400.0], [115210.0, 1420.0], [115225.0, 1460.0], [115247.5, 24060.0], [115250.0, 1450.0], [115295.0, 7850.0], [115297.5, 30.0], [115322.5, 1430.0], [115327.5, 44250.0], [115335.0, 1400.0]]}}}
{"jsonrpc": "2.0", "method": "subscription", "params": {"channel": "book.BTC-7NOV25.none.20.100ms", "data": {"timestamp": 1761578762361, "change_id": 123893087560, "instrument_name": "BTC-7NOV25", "bids": [[115130.0, 1800.0], [115127.5, 6200.0], [115115.0, 1000.0], [115112.5, 1400.0], [115100.0, 160.0], [115097.5, 3000.0], [115095.0, 1430.0], [115085.0, 20000.0], [115082.5, 1430.0], [115070.0, 1400.0], [115067.5, 3000.0], [115055.0, 1410.0], [115050.0, 50000.0], [115045.0, 45750.0], [115042.5, 1400.0], [115030.0, 26150.0], [115017.5, 1440.0], [115015.0, 5780.0], [115005.0, 1420.0], [114967.5, 1450.0]], "asks": [[115135.0, 10000.0], [115142.5, 160.0], [115150.0, 1000.0], [115152.5, 1400.0], [115155.0, 4700.0], [115157.5, 1800.0], [115160.0, 1800.0], [115172.5, 1400.0], [115175.0, 4700.0], [115185.0, 1400.0], [115197.5, 1400.0], [115210.0, 1420.0], [115225.0, 1460.0], [115247.5, 24060.0], [115250.0, 1450.0], [115295.0, 7850.0], [115297.5, 30.0], [115322.5, 1430.0], [115327.5, 44250.0], [115335.0, 1400.0]]}}}
{"jsonrpc": "2.0", "method": "subscription", "params": {"channel": "book.BTC-7NOV25.none.20.100ms", "data": {"timestamp": 1761578762488, "change_id": 123893089010, "instrument_name": "BTC-7NOV25", "bids": [[115130.0, 1800.0], [115127.5, 3000.0], [115115.0, 1000.0], [115112.5, 1400.0], [115107.5, 10000.0], [115100.0, 23780.0], [115097.5, 3000.0], [115082.5, 1430.0], [115070.0, 1400.0], [115067.5, 3000.0], [115055.0, 1410.0], [115050.0, 50000.0], [115045.0, 45750.0], [115042.5, 1400.0], [115030.0, 26150.0], [115017.5, 1440.0], [115015.0, 5780.0], [115005.0, 1420.0], [114967.5, 1450.0], [114960.0, 10.0]], "asks": [[115135.0, 10000.0], [115142.5, 160.0], [115150.0, 1000.0], [115152.5, 1400.0], [115157.5, 1800.0], [115160.0, 1800.0], [115170.0, 420.0], [115185.0, 1400.0], [115197.5, 1400.0], [115210.0, 1420.0], [115225.0, 1460.0], [115247.5, 24060.0], [115250.0, 1450.0], [115295.0, 7850.0], [115297.5, 30.0], [115322.5, 1430.0], [115327.5, 44250.0], [115335.0, 1400.0], [115340.0, 10.0], [115347.5, 1450.0]]}}}
{"jsonrpc": "2.0", "method": "subscription", "params": {"channel": "book.BTC-7NOV25.none.20.100ms", "data": {"timestamp": 1761578762859, "change_id": 123893090188, "instrument_name": "BTC-7NOV25", "bids": [[115130.0, 1800.0], [115127.5, 3000.0], [115117.5, 3280.0], [115115.0, 11420.0], [115112.5, 1400.0], [115102.5, 6440.0], [115100.0, 21560.0], [115097.5, 3000.0], [115085.0, 430.0], [115082.5, 1430.0], [115077.5, 1400.0], [115075.0, 4700.0], [115070.0, 1400.0], [115067.5, 17930.0], [115065.0, 50000.0], [115055.0, 1410.0], [115045.0, 45750.0], [115042.5, 1400.0], [115030.0, 26150.0], [115017.5, 1440.0]], "asks": [[115132.5, 1800.0], [115135.0, 11800.0], [115142.5, 160.0], [115145.0, 1370.0], [115147.5, 1800.0], [115150.0, 3220.0], [115152.5, 1400.0], [115182.5, 420.0], [115185.0, 1400.0], [115195.0, 420.0], [115197.5, 1400.0], [115207.5, 420.0], [115210.0, 1420.0], [115222.5, 440.0], [115225.0, 1460.0], [115247.5, 24060.0], [115250.0, 1450.0], [115295.0, 7850.0], [115297.5, 30.0], [115322.5, 1430.0]]}}}
{"jsonrpc": "2.0", "method": "subscription", "params": {"channel": "book.BTC-7NOV25.none.20.100ms", "data": {"timestamp": 1761578763364, "change_id": 123893091271, "instrument_name": "BTC-7NOV25", "bids": [[115130.0, 1800.0], [115127.5, 3000.0], [115117.5, 3280.0], [115115.0, 11420.0], [115112.5, 1400.0], [115110.0, 20000.0], [115102.5, 16550.0], [115100.0, 56260.0], [115097.5, 3000.0], [115085.0, 430.0], [115082.5, 1430.0], [115077.5, 1400.0], [115075.0, 4700.0], [115072.5, 420.0], [115070.0, 2300.0], [115067.5, 3000.0], [115057.5, 420.0], [115055.0, 1410.0], [115047.5, 13660.0], [115045.0, 46170.0]], "asks": [[115132.5, 6500.0], [115135.0, 10000.0], [115142.5, 160.0], [115145.0, 2600.0], [115147.5, 1800.0], [115150.0, 7920.0], [115152.5, 1400.0], [115172.5, 1400.0], [115175.0, 4700.0], [115182.5, 420.0], [115185.0, 1400.0], [115195.0, 420.0], [115197.5, 1400.0], [115207.5, 420.0], [115210.0, 1420.0], [115222.5, 440.0], [115225.0, 1460.0], [115245.0, 7610.0], [115247.5, 24060.0], [115250.0, 1450.0]]}}}
{"jsonrpc": "2.0", "method": "subscription", "params": {"channel": "book.BTC-7NOV25.none.20.100ms", "data": {"timestamp": 1761578763531, "change_id": 123893091813, "instrument_name": "BTC-7NOV25", "bids": [[115130.0, 1800.0], [115127.5, 3000.0], [115117.5, 3280.0], [115115.0, 16120.0], [115112.5, 1400.0], [115110.0, 20000.0], [115102.5, 16550.0], [115100.0, 56260.0], [115097.5, 3000.0], [115085.0, 430.0], [115082.5, 1430.0], [115077.5, 1400.0], [115075.0, 4700.0], [115072.5, 420.0], [115070.0, 2300.0], [115067.5, 3000.0], [115057.5, 420.0], [115055.0, 1410.0], [115047.5, 13660.0], [115045.0, 46170.0]], "asks": [[115132.5, 6500.0], [115135.0, 10000.0], [115137.5, 300.0], [115140.0, 1000.0], [115142.5, 160.0], [115145.0, 2600.0], [115147.5, 1800.0], [115150.0, 6920.0], [115152.5, 1400.0], [115172.5, 1400.0], [115175.0, 4700.0], [115182.5, 420.0], [115185.0, 1400.0], [115195.0, 420.0], [115197.5, 1400.0], [115207.5, 420.0], [115210.0, 1420.0], [115222.5, 440.0], [115225.0, 1460.0], [115245.0, 7610.0]]}}}
{"jsonrpc": "2.0", "method": "subscription", "params": {"channel": "book.BTC-7NOV25.none.20.100ms", "data": {"timestamp": 1761578763988, "change_id": 123893093289, "instrument_name": "BTC-7NOV25", "bids": [[115127.5, 3000.0], [115122.5, 540.0], [115120.0, 12460.0], [115117.5, 20000.0], [115115.0, 16120.0], [115112.5, 1400.0], [115102.5, 16550.0], [115100.0, 57160.0], [115097.5, 3000.0], [115085.0, 430.0], [115082.5, 1430.0], [115077.5, 1400.0], [115075.0, 4700.0], [115072.5, 420.0], [115070.0, 2300.0], [115067.5, 3000.0], [115057.5, 420.0], [115055.0, 1410.0], [115047.5, 13660.0], [115045.0, 46170.0]], "asks": [[115130.0, 3200.0], [115132.5, 9780.0], [115135.0, 10000.0], [115140.0, 1590.0], [115142.5, 1960.0], [115145.0, 2600.0], [115147.5, 1800.0], [115150.0, 6920.0], [115152.5, 1400.0], [115172.5, 1400.0], [115175.0, 4700.0], [115182.5, 420.0], [115185.0, 1400.0], [115195.0, 420.0], [115197.5, 1400.0], [115207.5, 420.0], [115210.0, 1420.0], [115222.5, 440.0], [115225.0, 1460.0], [115245.0, 7610.0]]}}}
{"jsonrpc": "2.0", "method": "subscription", "params": {"channel": "book.BTC-7NOV25.none.20.100ms", "data": {"timestamp": 1761578764299, "change_id": 123893094820, "instrument_name": "BTC-7NOV25", "bids": [[115122.5, 3200.0], [115120.0, 1800.0], [115117.5, 20000.0], [115115.0, 11000.0], [115110.0, 53000.0], [115100.0, 1560.0], [115082.5, 1430.0], [115080.0, 3000.0], [115070.0, 1400.0], [115055.0, 1410.0], [115050.0, 3000.0], [115045.0, 45750.0], [115042.5, 1400.0], [115030.0, 26150.0], [115017.5, 1440.0], [115015.0, 5780.0], [115005.0, 1420.0], [114967.5, 1450.0], [114942.5, 1410.0], [114892.5, 1460.0]], "asks": [[115125.0, 1800.0], [115130.0, 1800.0], [115135.0, 10000.0], [115140.0, 2400.0], [115142.5, 160.0], [115150.0, 4700.0], [115152.5, 1400.0], [115175.0, 4700.0], [115185.0, 1400.0], [115197.5, 1400.0], [115210.0, 1420.0], [115225.0, 1460.0], [115247.5, 24060.0], [115250.0, 1450.0], [115295.0, 7850.0], [115297.5, 30.0], [115322.5, 1430.0], [115327.5, 44250.0], [115335.0, 1400.0], [115340.0, 10.0]]}}}
{"jsonrpc": "2.0", "method": "subscription", "params": {"channel": "book.BTC-7NOV25.none.20.100ms", "data": {"timestamp": 1761578764622, "change_id": 123893095898, "instrument_name": "BTC-7NOV25", "bids": [[115125.0, 3200.0], [115122.5, 1800.0], [115120.0, 1800.0], [115117.5, 20000.0], [115115.0, 15700.0], [115112.5, 1400.0], [115110.0, 3000.0], [115102.5, 50000.0], [115100.0, 6260.0], [115082.5, 1430.0], [115080.0, 3000.0], [115075.0, 4700.0], [115070.0, 1400.0], [115055.0, 1410.0], [115050.0, 3000.0], [115045.0, 45750.0], [115042.5, 1400.0], [115030.0, 26150.0], [115017.5, 1440.0], [115015.0, 5780.0]], "asks": [[115127.5, 4700.0], [115135.0, 10000.0], [115140.0, 2400.0], [115142.5, 160.0], [115147.5, 1800.0], [115150.0, 4700.0], [115152.5, 1400.0], [115175.0, 4700.0], [115185.0, 1400.0], [115197.5, 1400.0], [115210.0, 1420.0], [115225.0, 1460.0], [115247.5, 24060.0], [115250.0, 1450.0], [115295.0, 7850.0], [115297.5, 30.0], [115322.5, 1430.0], [115327.5, 44250.0], [115335.0, 1400.0], [115340.0, 10.0]]}}}
{"jsonrpc": "2.0", "method": "subscription", "params": {"channel": "book.BTC-7NOV25.none.20.100ms", "data": {"timestamp": 1761578765011, "change_id": 123893097293, "instrument_name": "BTC-7NOV25", "bids": [[115130.0, 1800.0], [115127.5, 6300.0], [115125.0, 22340.0], [115122.5, 1800.0], [115120.0, 19610.0], [115117.5, 54700.0], [115115.0, 12310.0], [115112.5, 1400.0], [115110.0, 3000.0], [115102.5, 1870.0], [115100.0, 6260.0], [115082.5, 1430.0], [115080.0, 3000.0], [115075.0, 4700.0], [115055.0, 1410.0], [115050.0, 3000.0], [115045.0, 45750.0], [115042.5, 1400.0], [115030.0, 26150.0], [115017.5, 1440.0]], "asks": [[115132.5, 4700.0], [115135.0, 10000.0], [115137.5, 300.0], [115140.0, 1000.0], [115142.5, 160.0], [115145.0, 1810.0], [115147.5, 1800.0], [115150.0, 5120.0], [115152.5, 1400.0], [115175.0, 4700.0], [115197.5, 1400.0], [115210.0, 1420.0], [115225.0, 1460.0], [115247.5, 24060.0], [115250.0, 1450.0], [115295.0, 7850.0], [115297.5, 30.0], [115322.5, 1430.0], [115327.5, 44250.0], [115335.0, 1400.0]]}}}
{"jsonrpc": "2.0", "method": "subscription", "params": {"channel": "book.BTC-7NOV25.none.20.100ms", "data": {"timestamp": 1761578765307, "change_id": 123893097977, "instrument_name": "BTC-7NOV25", "bids": [[115130.0, 3200.0], [115127.5, 6300.0], [115125.0, 22340.0], [115122.5, 1800.0], [115120.0, 19610.0], [115117.5, 54700.0], [115115.0, 12310.0], [115112.5, 1400.0], [115110.0, 3000.0], [115100.0, 6260.0], [115082.5, 1430.0], [115080.0, 3000.0], [115075.0, 4700.0], [115055.0, 1410.0], [115050.0, 3000.0], [115045.0, 45750.0], [115042.5, 1400.0], [115030.0, 26150.0], [115017.5, 1440.0], [115015.0, 5780.0]], "asks": [[115132.5, 4700.0], [115135.0, 10000.0], [115137.5, 300.0], [115140.0, 1000.0], [115142.5, 160.0], [115145.0, 1810.0], [115147.5, 1800.0], [115150.0, 5120.0], [115152.5, 1400.0], [115175.0, 4700.0], [115197.5, 1400.0], [115210.0, 1420.0], [115225.0, 1460.0], [115247.5, 24060.0], [115250.0, 1450.0], [115295.0, 7850.0], [115297.5, 30.0], [115322.5, 1430.0], [115327.5, 44250.0], [115335.0, 1400.0]]}}}
{"jsonrpc": "2.0", "method": "subscription", "params": {"channel": "book.BTC-7NOV25.none.20.100ms", "data": {"timestamp": 1761578765680, "change_id": 123893098515, "instrument_name": "BTC-7NOV25", "bids": [[115130.0, 3200.0], [115127.5, 6300.0], [115125.0, 22340.0], [115122.5, 1800.0], [115120.0, 19610.0], [115117.5, 50000.0], [115115.0, 12310.0], [115112.5, 1400.0], [115110.0, 3000.0], [115102.5, 1870.0], [115100.0, 6260.0], [115082.5, 1430.0], [115080.0, 3000.0], [115075.0, 4700.0], [115057.5, 420.0], [115055.0, 1410.0], [115050.0, 3000.0], [115045.0, 45750.0], [115042.5, 1400.0], [115030.0, 26150.0]], "asks": [[115132.5, 4700.0], [115135.0, 10000.0], [115137.5, 300.0], [115140.0, 1000.0], [115142.5, 160.0], [115145.0, 1810.0], [115147.5, 1800.0], [115150.0, 5120.0], [115152.5, 1400.0], [115172.5, 1400.0], [115175.0, 4700.0], [115197.5, 1400.0], [115207.5, 420.0], [115210.0, 1420.0], [115225.0, 1460.0], [115245.0, 7610.0], [115247.5, 24060.0], [115250.0, 1450.0], [115292.5, 2340.0], [115295.0, 7850.0]]}}}
{"jsonrpc": "2.0", "method": "subscription", "params": {"channel": "book.BTC-7NOV25.none.20.100ms", "data": {"timestamp": 1761578765943, "change_id": 123893099336, "instrument_name": "BTC-7NOV25", "bids": [[115132.5, 3200.0], [115130.0, 1800.0], [115127.5, 6300.0], [115125.0, 25250.0], [115122.5, 10000.0], [115120.0, 19610.0], [115117.5, 50000.0], [115115.0, 3600.0], [115112.5, 1400.0], [115110.0, 7860.0], [115100.0, 1560.0], [115087.5, 4860.0], [115082.5, 1430.0], [115080.0, 3000.0], [115057.5, 420.0], [115055.0, 1410.0], [115050.0, 3000.0], [115045.0, 45750.0], [115042.5, 1400.0], [115030.0, 26150.0]], "asks": [[115135.0, 14860.0], [115142.5, 160.0], [115145.0, 1010.0], [115147.5, 1800.0], [115150.0, 2460.0], [115152.5, 2400.0], [115160.0, 1450.0], [115162.5, 4860.0], [115197.5, 1400.0], [115207.5, 420.0], [115210.0, 1420.0], [115225.0, 1460.0], [115245.0, 7610.0], [115247.5, 24060.0], [115250.0, 1450.0], [115292.5, 2340.0], [115295.0, 7850.0], [115297.5, 30.0], [115322.5, 1430.0], [115325.0, 13210.0]]}}}
{"jsonrpc": "2.0", "method": "subscription", "params": {"channel": "book.BTC-7NOV25.none.20.100ms", "data": {"timestamp": 1761578766388, "change_id": 123893101581, "instrument_name": "BTC-7NOV25", "bids": [[115140.0, 1800.0], [115130.0, 1800.0], [115127.5, 1800.0], [115125.0, 23200.0], [115122.5, 11000.0], [115120.0, 4860.0], [115112.5, 1560.0], [115110.0, 3000.0], [115102.5, 50000.0], [115100.0, 1400.0], [115087.5, 4860.0], [115082.5, 1430.0], [115080.0, 3000.0], [115055.0, 1410.0], [115050.0, 3000.0], [115045.0, 45750.0], [115042.5, 1400.0], [115030.0, 26150.0], [115017.5, 1440.0], [115015.0, 5780.0]], "asks": [[115145.0, 6660.0], [115150.0, 11800.0], [115152.5, 1000.0], [115155.0, 1800.0], [115157.5, 1560.0], [115162.5, 4860.0], [115197.5, 1400.0], [115210.0, 1420.0], [115225.0, 1460.0], [115247.5, 24060.0], [115250.0, 1450.0], [115295.0, 7850.0], [115297.5, 30.0], [115322.5, 1430.0], [115327.5, 44250.0], [115335.0, 1400.0], [115340.0, 10.0], [115347.5, 1450.0], [115372.5, 1390.0], [115382.5, 10.0]]}}}
{"jsonrpc": "2.0", "method": "subscription", "params": {"channel": "book.BTC-7NOV25.none.20.100ms", "data": {"timestamp": 1761578766813, "change_id": 123893102442, "instrument_name": "BTC-7NOV25", "bids": [[115140.0, 1800.0], [115127.5, 8730.0], [115125.0, 27930.0], [115122.5, 11000.0], [115120.0, 4860.0], [115112.5, 1560.0], [115110.0, 3000.0], [115105.0, 15340.0], [115102.5, 50000.0], [115100.0, 1400.0], [115087.5, 4860.0], [115082.5, 1430.0], [115080.0, 3000.0], [115055.0, 1410.0], [115050.0, 3000.0], [115047.5, 13660.0], [115045.0, 45750.0], [115042.5, 1400.0], [115030.0, 26150.0], [115017.5, 3170.0]], "asks": [[115142.5, 1800.0], [115145.0, 4860.0], [115147.5, 3520.0], [115150.0, 12640.0], [115152.5, 1000.0], [115155.0, 2800.0], [115157.5, 1560.0], [115160.0, 3250.0], [115162.5, 4860.0], [115195.0, 420.0], [115197.5, 1400.0], [115210.0, 1420.0], [115225.0, 1460.0], [115245.0, 7610.0], [115247.5, 24060.0], [115250.0, 1450.0], [115292.5, 2340.0], [115295.0, 7850.0], [115297.5, 30.0], [115322.5, 1430.0]]}}}
{"jsonrpc": "2.0", "method": "subscription", "params": {"channel": "book.BTC-7NOV25.none.20.100ms", "data": {"timestamp": 1761578767092, "change_id": 123893103295, "instrument_name": "BTC-7NOV25", "bids": [[115140.0, 1800.0], [115127.5, 8730.0], [115125.0, 27930.0], [115122.5, 11000.0], [115120.0, 4860.0], [115112.5, 1560.0], [115110.0, 3000.0], [115105.0, 15340.0], [115102.5, 50000.0], [115100.0, 1400.0], [115087.5, 4860.0], [115082.5, 1430.0], [115080.0, 3000.0], [115055.0, 1410.0], [115050.0, 3000.0], [115047.5, 13660.0], [115045.0, 45750.0], [115042.5, 1400.0], [115030.0, 26150.0], [115017.5, 3170.0]], "asks": [[115142.5, 11800.0], [115145.0, 4860.0], [115147.5, 540.0], [115150.0, 2640.0], [115152.5, 1000.0], [115155.0, 2800.0], [115157.5, 1560.0], [115160.0, 3250.0], [115162.5, 4860.0], [115210.0, 1420.0], [115225.0, 1460.0], [115245.0, 7610.0], [115247.5, 24060.0], [115250.0, 1450.0], [115292.5, 2340.0], [115295.0, 7850.0], [115297.5, 30.0], [115322.5, 1430.0], [115325.0, 13210.0], [115327.5, 44250.0]]}}}
{"jsonrpc": "2.0", "method": "subscription", "params": {"channel": "book.BTC-7NOV25.none.20.100ms", "data": {"timestamp": 1761578767590, "change_id": 123893104852, "instrument_name": "BTC-7NOV25", "bids": [[115127.5, 8730.0], [115125.0, 25080.0], [115122.5, 11000.0], [115115.0, 2810.0], [115112.5, 6420.0], [115110.0, 3000.0], [115105.0, 15340.0], [115102.5, 50000.0], [115100.0, 1400.0], [115087.5, 4860.0], [115082.5, 1430.0], [115080.0, 3000.0], [115055.0, 1410.0], [115050.0, 3000.0], [115047.5, 13660.0], [115045.0, 45750.0], [115042.5, 1400.0], [115030.0, 26150.0], [115017.5, 3170.0], [115015.0, 5780.0]], "asks": [[115135.0, 6370.0], [115137.5, 1800.0], [115140.0, 6770.0], [115142.5, 10000.0], [115147.5, 540.0], [115150.0, 2640.0], [115152.5, 1000.0], [115155.0, 3210.0], [115157.5, 3360.0], [115160.0, 3250.0], [115162.5, 4860.0], [115210.0, 1420.0], [115225.0, 1460.0], [115245.0, 7610.0], [115247.5, 24060.0], [115250.0, 1450.0], [115292.5, 2340.0], [115295.0, 7850.0], [115297.5, 30.0], [115322.5, 1430.0]]}}}
{"jsonrpc": "2.0", "method": "subscription", "params": {"channel": "book.BTC-7NOV25.none.20.100ms", "data": {"timestamp": 1761578768399, "change_id": 123893106218, "instrument_name": "BTC-7NOV25", "bids": [[115127.5, 8730.0], [115125.0, 25080.0], [115122.5, 11000.0], [115115.0, 1920.0], [115112.5, 6420.0], [115105.0, 15340.0], [115102.5, 50000.0], [115100.0, 1400.0], [115090.0, 1450.0], [115087.5, 4860.0], [115082.5, 1430.0], [115055.0, 1410.0], [115047.5, 13660.0], [115045.0, 45750.0], [115042.5, 1400.0], [115030.0, 26150.0], [115017.5, 3170.0], [115015.0, 5780.0], [115007.5, 420.0], [115005.0, 1420.0]], "asks": [[115135.0, 6370.0], [115137.5, 1800.0], [115140.0, 6770.0], [115142.5, 10000.0], [115147.5, 540.0], [115150.0, 2640.0], [115152.5, 1000.0], [115155.0, 3210.0], [115157.5, 3360.0], [115160.0, 3250.0], [115162.5, 4860.0], [115207.5, 420.0], [115210.0, 1420.0], [115225.0, 1460.0], [115245.0, 7610.0], [115247.5, 24060.0], [115250.0, 1450.0], [115292.5, 2340.0], [115295.0, 7850.0], [115297.5, 30.0]]}}}
{"jsonrpc": "2.0", "method": "subscription", "params": {"channel": "book.BTC-7NOV25.none.20.100ms", "data": {"timestamp": 1761578768811, "change_id": 123893107446, "instrument_name": "BTC-7NOV25", "bids": [[115125.0, 2100.0], [115122.5, 1000.0], [115115.0, 1860.0], [115112.5, 6420.0], [115110.0, 2990.0], [115107.5, 10000.0], [115105.0, 6330.0], [115102.5, 20000.0], [115100.0, 1400.0], [115087.5, 4860.0], [115085.0, 50000.0], [115082.5, 1430.0], [115055.0, 1410.0], [115047.5, 13660.0], [115045.0, 45750.0], [115042.5, 1400.0], [115030.0, 26150.0], [115017.5, 1440.0], [115015.0, 5780.0], [115005.0, 1420.0]], "asks": [[115130.0, 1800.0], [115132.5, 1800.0], [115135.0, 4860.0], [115137.5, 540.0], [115140.0, 5220.0], [115142.5, 10000.0], [115145.0, 1450.0], [115147.5, 540.0], [115150.0, 3070.0], [115152.5, 2800.0], [115155.0, 2270.0], [115157.5, 1560.0], [115160.0, 1450.0], [115162.5, 4860.0], [115207.5, 420.0], [115210.0, 1420.0], [115225.0, 1460.0], [115245.0, 7610.0], [115247.5, 24060.0], [115250.0, 1450.0]]}}}
{"jsonrpc": "2.0", "method": "subscription", "params": {"channel": "book.BTC-7NOV25.none.20.100ms", "data": {"timestamp": 1761578769136, "change_id": 123893108393, "instrument_name": "BTC-7NOV25", "bids": [[115127.5, 4800.0], [115125.0, 2600.0], [115122.5, 1000.0], [115120.0, 10760.0], [115117.5, 20000.0], [115115.0, 11920.0], [115112.5, 6420.0], [115107.5, 14930.0], [115105.0, 50000.0], [115102.5, 1260.0], [115100.0, 4400.0], [115087.5, 4860.0], [115082.5, 1430.0], [115070.0, 3000.0], [115055.0, 1410.0], [115047.5, 13660.0], [115045.0, 45750.0], [115042.5, 1400.0], [115030.0, 26150.0], [115017.5, 1440.0]], "asks": [[115130.0, 1800.0], [115132.5, 3790.0], [115135.0, 4860.0], [115140.0, 5220.0], [115142.5, 10000.0], [115145.0, 1450.0], [115147.5, 540.0], [115150.0, 3070.0], [115152.5, 2800.0], [115155.0, 2270.0], [115157.5, 1560.0], [115160.0, 1450.0], [115162.5, 4860.0], [115207.5, 420.0], [115210.0, 1420.0], [115225.0, 1460.0], [115245.0, 7610.0], [115247.5, 24060.0], [115250.0, 1450.0], [115292.5, 2340.0]]}}}
{"jsonrpc": "2.0", "method": "subscription", "params": {"channel": "book.BTC-7NOV25.none.20.100ms", "data": {"timestamp": 1761578769406, "change_id": 123893108648, "instrument_name": "BTC-7NOV25", "bids": [[115127.5, 4800.0], [115125.0, 2600.0], [115122.5, 1000.0], [115120.0, 10760.0], [115117.5, 20000.0], [115115.0, 11920.0], [115112.5, 6420.0], [115107.5, 14930.0], [115105.0, 50000.0], [115102.5, 1260.0], [115100.0, 4400.0], [115090.0, 1450.0], [115087.5, 4860.0], [115082.5, 1430.0], [115070.0, 3000.0], [115057.5, 420.0], [115055.0, 1410.0], [115047.5, 13660.0], [115045.0, 45750.0], [115042.5, 1400.0]], "asks": [[115130.0, 1800.0], [115132.5, 3790.0], [115135.0, 4860.0], [115140.0, 5220.0], [115142.5, 10000.0], [115145.0, 1450.0], [115147.5, 540.0], [115150.0, 3070.0], [115152.5, 2800.0], [115155.0, 2270.0], [115157.5, 1560.0], [115160.0, 1450.0], [115162.5, 4860.0], [115222.5, 440.0], [115225.0, 1460.0], [115245.0, 7610.0], [115247.5, 24060.0], [115250.0, 1450.0], [115292.5, 2340.0], [115295.0, 7850.0]]}}}
{"jsonrpc": "2.0", "method": "subscription", "params": {"channel": "book.BTC-7NOV25.none.20.100ms", "data": {"timestamp": 1761578769923, "change_id": 123893110130, "instrument_name": "BTC-7NOV25", "bids": [[115132.5, 3250.0], [115130.0, 3230.0], [115127.5, 4800.0], [115125.0, 6230.0], [115122.5, 31000.0], [115120.0, 13780.0], [115117.5, 50000.0], [115115.0, 1920.0], [115112.5, 6420.0], [115102.5, 1260.0], [115100.0, 4400.0], [115090.0, 1450.0], [115087.5, 4860.0], [115082.5, 1430.0], [115070.0, 3000.0], [115057.5, 420.0], [115055.0, 1410.0], [115047.5, 13660.0], [115045.0, 45750.0], [115042.5, 1400.0]], "asks": [[115135.0, 4860.0], [115145.0, 2990.0], [115147.5, 10000.0], [115150.0, 300.0], [115152.5, 1000.0], [115155.0, 470.0], [115157.5, 1560.0], [115160.0, 1450.0], [115162.5, 4860.0], [115222.5, 440.0], [115225.0, 1460.0], [115245.0, 7610.0], [115247.5, 24060.0], [115250.0, 1450.0], [115292.5, 2340.0], [115295.0, 7850.0], [115297.5, 30.0], [115320.0, 430.0], [115322.5, 1430.0], [115325.0, 13210.0]]}}}
{"jsonrpc": "2.0", "method": "subscription", "params": {"channel": "book.BTC-7NOV25.none.20.100ms", "data": {"timestamp": 1761578770407, "change_id": 123893110629, "instrument_name": "BTC-7NOV25", "bids": [[115137.5, 1800.0], [115135.0, 2770.0], [115132.5, 3250.0], [115130.0, 900.0], [115127.5, 3000.0], [115125.0, 6230.0], [115122.5, 31000.0], [115120.0, 13780.0], [115117.5, 50000.0], [115115.0, 1920.0], [115112.5, 6420.0], [115102.5, 1260.0], [115100.0, 4400.0], [115090.0, 1450.0], [115087.5, 4860.0], [115082.5, 1430.0], [115072.5, 900.0], [115070.0, 3000.0], [115057.5, 420.0], [115055.0, 1410.0]], "asks": [[115140.0, 4860.0], [115145.0, 2990.0], [115147.5, 10000.0], [115150.0, 300.0], [115152.5, 1000.0], [115155.0, 940.0], [115157.5, 1560.0], [115160.0, 3250.0], [115162.5, 4860.0], [115222.5, 440.0], [115225.0, 1460.0], [115245.0, 7610.0], [115247.5, 24060.0], [115250.0, 1450.0], [115292.5, 2340.0], [115295.0, 7850.0], [115297.5, 30.0], [115320.0, 430.0], [115322.5, 1430.0], [115325.0, 13210.0]]}}}
{"jsonrpc": "2.0", "method": "subscription", "params": {"channel": "book.BTC-7NOV25.none.20.100ms", "data": {"timestamp": 1761578770762, "change_id": 123893111094, "instrument_name": "BTC-7NOV25", "bids": [[115140.0, 1800.0], [115137.5, 2340.0], [115135.0, 2230.0], [115132.5, 1450.0], [115130.0, 6750.0], [115127.5, 23000.0], [115125.0, 23380.0], [115122.5, 11000.0], [115120.0, 50000.0], [115115.0, 1920.0], [115112.5, 6420.0], [115102.5, 1260.0], [115100.0, 4400.0], [115090.0, 1450.0], [115087.5, 4860.0], [115082.5, 1430.0], [115072.5, 900.0], [115070.0, 3000.0], [115057.5, 420.0], [115055.0, 1410.0]], "asks": [[115142.5, 6660.0], [115145.0, 4790.0], [115147.5, 10000.0], [115150.0, 940.0], [115152.5, 1000.0], [115155.0, 3220.0], [115157.5, 3360.0], [115160.0, 3250.0], [115162.5, 4860.0], [115222.5, 440.0], [115225.0, 1460.0], [115245.0, 7610.0], [115247.5, 24060.0], [115250.0, 1450.0], [115292.5, 2340.0], [115295.0, 7850.0], [115297.5, 30.0], [115320.0, 430.0], [115322.5, 1430.0], [115325.0, 13210.0]]}}}
{"jsonrpc": "2.0", "method": "subscription", "params": {"channel": "book.BTC-7NOV25.none.20.100ms", "data": {"timestamp": 1761578771059, "change_id": 123893112281, "instrument_name": "BTC-7NOV25", "bids": [[115140.0, 3250.0], [115137.5, 1800.0], [115135.0, 300.0], [115132.5, 1000.0], [115130.0, 6750.0], [115127.5, 24450.0], [115125.0, 23380.0], [115122.5, 10000.0], [115120.0, 50000.0], [115115.0, 470.0], [115112.5, 1560.0], [115102.5, 1260.0], [115100.0, 4400.0], [115090.0, 1450.0], [115087.5, 4860.0], [115082.5, 1430.0], [115072.5, 900.0], [115070.0, 3000.0], [115057.5, 420.0], [115055.0, 1410.0]], "asks": [[115142.5, 4860.0], [115155.0, 470.0], [115157.5, 1560.0], [115160.0, 1450.0], [115162.5, 4860.0], [115165.0, 1000.0], [115222.5, 440.0], [115225.0, 1460.0], [115245.0, 7610.0], [115247.5, 24060.0], [115250.0, 1450.0], [115292.5, 2340.0], [115295.0, 7850.0], [115297.5, 30.0], [115320.0, 430.0], [115322.5, 1430.0], [115325.0, 13210.0], [115327.5, 44250.0], [115332.5, 420.0], [115335.0, 1400.0]]}}}
{"jsonrpc": "2.0", "method": "subscription", "params": {"channel": "book.BTC-7NOV25.none.20.100ms", "data": {"timestamp": 1761578771420, "change_id": 123893112938, "instrument_name": "BTC-7NOV25", "bids": [[115142.5, 2310.0], [115140.0, 2340.0], [115137.5, 1800.0], [115135.0, 14890.0], [115132.5, 1000.0], [115130.0, 77850.0], [115127.5, 1450.0], [115125.0, 8740.0], [115122.5, 10000.0], [115120.0, 3000.0], [115112.5, 1560.0], [115102.5, 420.0], [115100.0, 1400.0], [115092.5, 900.0], [115090.0, 4450.0], [115087.5, 4860.0], [115082.5, 1430.0], [115062.5, 900.0], [115060.0, 3000.0], [115057.5, 420.0]], "asks": [[115147.5, 4860.0], [115150.0, 3420.0], [115152.5, 10000.0], [115155.0, 1450.0], [115157.5, 160.0], [115160.0, 300.0], [115165.0, 1000.0], [115167.5, 430.0], [115170.0, 1450.0], [115197.5, 1450.0], [115200.0, 4860.0], [115222.5, 440.0], [115225.0, 1460.0], [115245.0, 7610.0], [115247.5, 24060.0], [115250.0, 1450.0], [115292.5, 2340.0], [115295.0, 7850.0], [115297.5, 30.0], [115320.0, 430.0]]}}}
{"jsonrpc": "2.0", "method": "subscription", "params": {"channel": "book.BTC-7NOV25.none.20.100ms", "data": {"timestamp": 1761578771756, "change_id": 123893113174, "instrument_name": "BTC-7NOV25", "bids": [[115142.5, 1800.0], [115140.0, 540.0], [115137.5, 1800.0], [115135.0, 6270.0], [115132.5, 1000.0], [115130.0, 35800.0], [115127.5, 51450.0], [115125.0, 8740.0], [115122.5, 10000.0], [115120.0, 3000.0], [115112.5, 1560.0], [115102.5, 420.0], [115100.0, 1400.0], [115092.5, 900.0], [115090.0, 4450.0], [115087.5, 4860.0], [115082.5, 1430.0], [115062.5, 900.0], [115060.0, 3000.0], [115057.5, 420.0]], "asks": [[115147.5, 6660.0], [115150.0, 3420.0], [115152.5, 10000.0], [115155.0, 1450.0], [115157.5, 160.0], [115160.0, 300.0], [115165.0, 1000.0], [115167.5, 430.0], [115170.0, 1450.0], [115197.5, 1450.0], [115200.0, 4860.0], [115222.5, 440.0], [115225.0, 1460.0], [115245.0, 7610.0], [115247.5, 24060.0], [115250.0, 1450.0], [115292.5, 2340.0], [115295.0, 7850.0], [115297.5, 30.0], [115320.0, 430.0]]}}}
{"jsonrpc": "2.0", "method": "subscription", "params": {"channel": "book.BTC-7NOV25.none.20.100ms", "data": {"timestamp": 1761578772111, "change_id": 123893114250, "instrument_name": "BTC-7NOV25", "bids": [[115142.5, 1800.0], [115140.0, 540.0], [115137.5, 1800.0], [115135.0, 6270.0], [115132.5, 1000.0], [115130.0, 35800.0], [115127.5, 51450.0], [115125.0, 3880.0], [115122.5, 10000.0], [115120.0, 3000.0], [115112.5, 1560.0], [115102.5, 420.0], [115100.0, 1400.0], [115092.5, 900.0], [115090.0, 4450.0], [115087.5, 4860.0], [115082.5, 1430.0], [115062.5, 900.0], [115060.0, 3000.0], [115057.5, 420.0]], "asks": [[115145.0, 11800.0], [115147.5, 6660.0], [115150.0, 430.0], [115155.0, 1450.0], [115157.5, 160.0], [115160.0, 300.0], [115165.0, 1970.0], [115167.5, 1800.0], [115170.0, 1450.0], [115197.5, 1450.0], [115200.0, 4860.0], [115222.5, 440.0], [115225.0, 1460.0], [115245.0, 7610.0], [115247.5, 24060.0], [115250.0, 1450.0], [115292.5, 2340.0], [115295.0, 7850.0], [115297.5, 30.0], [115320.0, 430.0]]}}}
{"jsonrpc": "2.0", "method": "subscription", "params": {"channel": "book.BTC-7NOV25.none.20.100ms", "data": {"timestamp": 1761578772427, "change_id": 123893115202, "instrument_name": "BTC-7NOV25", "bids": [[115125.0, 20000.0], [115122.5, 10000.0], [115120.0, 1000.0], [115112.5, 1560.0], [115110.0, 3000.0], [115100.0, 51400.0], [115087.5, 4860.0], [115082.5, 1430.0], [115080.0, 3000.0], [115055.0, 1410.0], [115050.0, 3000.0], [115045.0, 45750.0], [115042.5, 1400.0], [115030.0, 26150.0], [115017.5, 1440.0], [115015.0, 5780.0], [114892.5, 1460.0], [114880.0, 1460.0], [114870.0, 11750.0], [114867.5, 1460.0]], "asks": [[115135.0, 4860.0], [115137.5, 1450.0], [115140.0, 1800.0], [115142.5, 1800.0], [115145.0, 10000.0], [115155.0, 1450.0], [115157.5, 1160.0], [115162.5, 4860.0], [115167.5, 1800.0], [115170.0, 1450.0], [115225.0, 1460.0], [115247.5, 24060.0], [115250.0, 1450.0], [115295.0, 7850.0], [115297.5, 30.0], [115322.5, 1430.0], [115327.5, 44250.0], [115335.0, 1400.0], [115340.0, 10.0], [115347.5, 1450.0]]}}}
{"jsonrpc": "2.0", "method": "subscription", "params": {"channel": "book.BTC-7NOV25.none.20.100ms", "data": {"timestamp": 1761578772735, "change_id": 123893115429, "instrument_name": "BTC-7NOV25", "bids": [[115130.0, 1800.0], [115127.5, 8670.0], [115125.0, 26280.0], [115122.5, 10000.0], [115120.0, 1000.0], [115115.0, 2810.0], [115112.5, 6420.0], [115110.0, 3000.0], [115102.5, 420.0], [115100.0, 1400.0], [115087.5, 4860.0], [115082.5, 51430.0], [115080.0, 3000.0], [115055.0, 1410.0], [115045.0, 45750.0], [115042.5, 1400.0], [115030.0, 26150.0], [115017.5, 1440.0], [115015.0, 5780.0], [114892.5, 1460.0]], "asks": [[115135.0, 8380.0], [115137.5, 10000.0], [115140.0, 2390.0], [115142.5, 1800.0], [115145.0, 160.0], [115152.5, 430.0], [115155.0, 1750.0], [115157.5, 1000.0], [115160.0, 1450.0], [115162.5, 4860.0], [115170.0, 1450.0], [115225.0, 1460.0], [115247.5, 24060.0], [115250.0, 1450.0], [115295.0, 7850.0], [115297.5, 30.0], [115322.5, 1430.0], [115327.5, 44250.0], [115335.0, 1400.0], [115340.0, 10.0]]}}}
{"jsonrpc": "2.0", "method": "subscription", "params": {"channel": "book.BTC-7NOV25.none.20.100ms", "data": {"timestamp": 1761578772971, "change_id": 123893115996, "instrument_name": "BTC-7NOV25", "bids": [[115130.0, 1800.0], [115127.5, 8670.0], [115125.0, 26280.0], [115122.5, 10000.0], [115120.0, 1000.0], [115115.0, 2810.0], [115112.5, 6420.0], [115110.0, 3000.0], [115102.5, 420.0], [115100.0, 1400.0], [115097.5, 50000.0], [115087.5, 4860.0], [115082.5, 1430.0], [115080.0, 3000.0], [115055.0, 1410.0], [115045.0, 45750.0], [115042.5, 1400.0], [115030.0, 26150.0], [115017.5, 1440.0], [115015.0, 5780.0]], "asks": [[115135.0, 8380.0], [115137.5, 10000.0], [115140.0, 2390.0], [115142.5, 1800.0], [115145.0, 160.0], [115152.5, 430.0], [115155.0, 1750.0], [115157.5, 1000.0], [115160.0, 1450.0], [115162.5, 4860.0], [115170.0, 1450.0], [115225.0, 1460.0], [115247.5, 24060.0], [115250.0, 1450.0], [115295.0, 7850.0], [115297.5, 30.0], [115322.5, 1430.0], [115327.5, 44250.0], [115335.0, 1400.0], [115340.0, 10.0]]}}}
{"jsonrpc": "2.0", "method": "subscription", "params": {"channel": "book.BTC-7NOV25.none.20.100ms", "data": {"timestamp": 1761578773274, "change_id": 123893116708, "instrument_name": "BTC-7NOV25", "bids": [[115130.0, 1800.0], [115127.5, 8670.0], [115125.0, 26280.0], [115122.5, 10000.0], [115120.0, 15930.0], [115117.5, 50000.0], [115115.0, 2810.0], [115112.5, 6420.0], [115110.0, 3000.0], [115102.5, 420.0], [115100.0, 1400.0], [115087.5, 4860.0], [115082.5, 1430.0], [115080.0, 3000.0], [115055.0, 1410.0], [115045.0, 45750.0], [115042.5, 1400.0], [115030.0, 26150.0], [115017.5, 1440.0], [115015.0, 5780.0]], "asks": [[115135.0, 8380.0], [115137.5, 10000.0], [115140.0, 2390.0], [115142.5, 1800.0], [115145.0, 160.0], [115152.5, 430.0], [115155.0, 1750.0], [115157.5, 1000.0], [115160.0, 1450.0], [115162.5, 4860.0], [115170.0, 1450.0], [115225.0, 1460.0], [115247.5, 24060.0], [115250.0, 1450.0], [115295.0, 7850.0], [115297.5, 30.0], [115322.5, 1430.0], [115327.5, 44250.0], [115335.0, 1400.0], [115340.0, 10.0]]}}}
{"jsonrpc": "2.0", "method": "subscription", "params": {"channel": "book.BTC-7NOV25.none.20.100ms", "data": {"timestamp": 1761578773731, "change_id": 123893117078, "instrument_name": "BTC-7NOV25", "bids": [[115130.0, 1800.0], [115127.5, 6870.0], [115125.0, 26280.0], [115122.5, 10000.0], [115120.0, 15930.0], [115117.5, 50000.0], [115115.0, 2810.0], [115112.5, 6420.0], [115110.0, 3000.0], [115102.5, 420.0], [115100.0, 1400.0], [115090.0, 1450.0], [115087.5, 4860.0], [115082.5, 1430.0], [115080.0, 3000.0], [115057.5, 420.0], [115055.0, 1410.0], [115045.0, 45750.0], [115042.5, 1400.0], [115030.0, 26150.0]], "asks": [[115132.5, 1800.0], [115135.0, 10180.0], [115137.5, 10000.0], [115140.0, 590.0], [115142.5, 1800.0], [115145.0, 160.0], [115152.5, 920.0], [115155.0, 4050.0], [115157.5, 2800.0], [115160.0, 1450.0], [115162.5, 4860.0], [115167.5, 430.0], [115170.0, 1450.0], [115222.5, 440.0], [115225.0, 1460.0], [115247.5, 24060.0], [115250.0, 1450.0], [115292.5, 2340.0], [115295.0, 7850.0], [115297.5, 30.0]]}}}
{"jsonrpc": "2.0", "method": "subscription", "params": {"channel": "book.BTC-7NOV25.none.20.100ms", "data": {"timestamp": 1761578774104, "change_id": 123893117961, "instrument_name": "BTC-7NOV25", "bids": [[115130.0, 3250.0], [115127.5, 6870.0], [115125.0, 26280.0], [115122.5, 10000.0], [115120.0, 15930.0], [115117.5, 50000.0], [115115.0, 2810.0], [115112.5, 6420.0], [115110.0, 3000.0], [115102.5, 420.0], [115100.0, 1400.0], [115090.0, 1450.0], [115087.5, 4860.0], [115082.5, 1430.0], [115080.0, 3000.0], [115057.5, 420.0], [115055.0, 1410.0], [115045.0, 45750.0], [115042.5, 1400.0], [115030.0, 26150.0]], "asks": [[115132.5, 1800.0], [115135.0, 3520.0], [115137.5, 10000.0], [115145.0, 160.0], [115152.5, 920.0], [115155.0, 4050.0], [115157.5, 2800.0], [115160.0, 1450.0], [115162.5, 4860.0], [115167.5, 430.0], [115170.0, 1450.0], [115222.5, 440.0], [115225.0, 1460.0], [115247.5, 24060.0], [115250.0, 1450.0], [115292.5, 2340.0], [115295.0, 7850.0], [115297.5, 30.0], [115322.5, 1430.0], [115325.0, 13210.0]]}}}
{"jsonrpc": "2.0", "method": "subscription", "params": {"channel": "book.BTC-7NOV25.none.20.100ms", "data": {"timestamp": 1761578774290, "change_id": 123893118212, "instrument_name": "BTC-7NOV25", "bids": [[115130.0, 1800.0], [115127.5, 6870.0], [115125.0, 26280.0], [115122.5, 10000.0], [115120.0, 15930.0], [115117.5, 50000.0], [115115.0, 2810.0], [115112.5, 6420.0], [115110.0, 3000.0], [115102.5, 420.0], [115100.0, 1400.0], [115090.0, 1450.0], [115087.5, 4860.0], [115082.5, 1430.0], [115080.0, 3000.0], [115057.5, 420.0], [115055.0, 1410.0], [115045.0, 45750.0], [115042.5, 1400.0], [115030.0, 26150.0]], "asks": [[115132.5, 1800.0], [115135.0, 3520.0], [115137.5, 14860.0], [115145.0, 160.0], [115152.5, 920.0], [115155.0, 4050.0], [115157.5, 2800.0], [115160.0, 1450.0], [115162.5, 4860.0], [115167.5, 430.0], [115170.0, 1450.0], [115222.5, 440.0], [115225.0, 1460.0], [115247.5, 24060.0], [115250.0, 1450.0], [115292.5, 2340.0], [115295.0, 7850.0], [115297.5, 30.0], [115322.5, 1430.0], [115325.0, 13210.0]]}}}
{"jsonrpc": "2.0", "method": "subscription", "params": {"channel": "book.BTC-7NOV25.none.20.100ms", "data": {"timestamp": 1761578774750, "change_id": 123893118621, "instrument_name": "BTC-7NOV25", "bids": [[115130.0, 3250.0], [115127.5, 6870.0], [115125.0, 26280.0], [115122.5, 10000.0], [115120.0, 15930.0], [115117.5, 50000.0], [115115.0, 2810.0], [115112.5, 6420.0], [115110.0, 3000.0], [115102.5, 420.0], [115100.0, 1400.0], [115090.0, 1450.0], [115087.5, 4860.0], [115085.0, 1320.0], [115082.5, 1430.0], [115080.0, 3000.0], [115057.5, 420.0], [115055.0, 1410.0], [115047.5, 13660.0], [115045.0, 45750.0]], "asks": [[115135.0, 3520.0], [115137.5, 14860.0], [115145.0, 160.0], [115150.0, 1510.0], [115152.5, 1800.0], [115155.0, 4050.0], [115157.5, 2800.0], [115160.0, 1450.0], [115162.5, 4860.0], [115167.5, 430.0], [115170.0, 1450.0], [115222.5, 440.0], [115225.0, 1460.0], [115245.0, 7610.0], [115247.5, 24060.0], [115250.0, 1450.0], [115292.5, 2340.0], [115295.0, 7850.0], [115297.5, 30.0], [115320.0, 430.0]]}}}
{"jsonrpc": "2.0", "method": "subscription", "params": {"channel": "book.BTC-7NOV25.none.20.100ms", "data": {"timestamp": 1761578775093, "change_id": 123893119549, "instrument_name": "BTC-7NOV25", "bids": [[115135.0, 3250.0], [115132.5, 2340.0], [115130.0, 1800.0], [115127.5, 6870.0], [115125.0, 26280.0], [115122.5, 10000.0], [115120.0, 20790.0], [115117.5, 50000.0], [115115.0, 1360.0], [115112.5, 1560.0], [115110.0, 3000.0], [115102.5, 420.0], [115100.0, 1400.0], [115090.0, 1450.0], [115087.5, 4860.0], [115085.0, 1320.0], [115082.5, 1430.0], [115080.0, 3000.0], [115057.5, 420.0], [115055.0, 1410.0]], "asks": [[115137.5, 4860.0], [115145.0, 3150.0], [115147.5, 10000.0], [115150.0, 1510.0], [115152.5, 1800.0], [115155.0, 4050.0], [115157.5, 2800.0], [115160.0, 1450.0], [115162.5, 4860.0], [115167.5, 430.0], [115170.0, 1450.0], [115222.5, 440.0], [115225.0, 1460.0], [115245.0, 7610.0], [115247.5, 24060.0], [115250.0, 1450.0], [115292.5, 2340.0], [115295.0, 7850.0], [115297.5, 30.0], [115320.0, 430.0]]}}}
{"jsonrpc": "2.0", "method": "subscription", "params": {"channel": "book.BTC-7NOV25.none.20.100ms", "data": {"timestamp": 1761578775704, "change_id": 123893120008, "instrument_name": "BTC-7NOV25", "bids": [[115135.0, 3250.0], [115132.5, 540.0], [115130.0, 1800.0], [115127.5, 6870.0], [115125.0, 26280.0], [115122.5, 10000.0], [115120.0, 20790.0], [115117.5, 50000.0], [115115.0, 1360.0], [115112.5, 1560.0], [115110.0, 3000.0], [115102.5, 420.0], [115100.0, 1400.0], [115090.0, 1450.0], [115087.5, 4860.0], [115085.0, 1320.0], [115082.5, 1430.0], [115080.0, 3000.0], [115057.5, 420.0], [115055.0, 1410.0]], "asks": [[115137.5, 4860.0], [115145.0, 3150.0], [115147.5, 10000.0], [115150.0, 1510.0], [115152.5, 1800.0], [115155.0, 4520.0], [115157.5, 2800.0], [115160.0, 3250.0], [115162.5, 4860.0], [115167.5, 430.0], [115170.0, 1450.0], [115222.5, 440.0], [115225.0, 1460.0], [115245.0, 7610.0], [115247.5, 24060.0], [115250.0, 1450.0], [115292.5, 2340.0], [115295.0, 7850.0], [115297.5, 30.0], [115320.0, 430.0]]}}}
{"jsonrpc": "2.0", "method": "subscription", "params": {"channel": "book.BTC-7NOV25.none.20.100ms", "data": {"timestamp": 1761578775893, "change_id": 123893120369, "instrument_name": "BTC-7NOV25", "bids": [[115135.0, 1800.0], [115132.5, 540.0], [115130.0, 1800.0], [115127.5, 6870.0], [115125.0, 26280.0], [115122.5, 10000.0], [115120.0, 20790.0], [115117.5, 50000.0], [115115.0, 1360.0], [115112.5, 1560.0], [115110.0, 3000.0], [115102.5, 420.0], [115100.0, 1400.0], [115090.0, 1450.0], [115087.5, 4860.0], [115085.0, 1320.0], [115082.5, 1430.0], [115080.0, 3000.0], [115057.5, 420.0], [115055.0, 1410.0]], "asks": [[115137.5, 4860.0], [115145.0, 3150.0], [115147.5, 10000.0], [115150.0, 1510.0], [115152.5, 1800.0], [115155.0, 4520.0], [115157.5, 2800.0], [115160.0, 3250.0], [115162.5, 4860.0], [115167.5, 430.0], [115170.0, 1450.0], [115222.5, 440.0], [115225.0, 1460.0], [115245.0, 7610.0], [115247.5, 24060.0], [115250.0, 1450.0], [115292.5, 2340.0], [115295.0, 7850.0], [115297.5, 30.0], [115320.0, 430.0]]}}}
{"jsonrpc": "2.0", "method": "subscription", "params": {"channel": "book.BTC-7NOV25.none.20.100ms", "data": {"timestamp": 1761578776329, "change_id": 123893121601, "instrument_name": "BTC-7NOV25", "bids": [[115140.0, 4320.0], [115137.5, 1800.0], [115135.0, 1800.0], [115132.5, 6440.0], [115130.0, 31800.0], [115127.5, 28220.0], [115125.0, 53000.0], [115115.0, 1360.0], [115112.5, 1560.0], [115110.0, 3000.0], [115102.5, 420.0], [115100.0, 1400.0], [115090.0, 1450.0], [115087.5, 4860.0], [115085.0, 1320.0], [115082.5, 1430.0], [115080.0, 3000.0], [115057.5, 420.0], [115055.0, 1410.0], [115047.5, 13660.0]], "asks": [[115145.0, 4860.0], [115147.5, 10000.0], [115150.0, 430.0], [115155.0, 1750.0], [115157.5, 1000.0], [115160.0, 160.0], [115167.5, 430.0], [115170.0, 1450.0], [115197.5, 1450.0], [115200.0, 4860.0], [115222.5, 440.0], [115225.0, 1460.0], [115245.0, 7610.0], [115247.5, 24060.0], [115250.0, 1450.0], [115292.5, 2340.0], [115295.0, 7850.0], [115297.5, 30.0], [115320.0, 430.0], [115322.5, 1430.0]]}}}
{"jsonrpc": "2.0", "method": "subscription", "params": {"channel": "book.BTC-7NOV25.none.20.100ms", "data": {"timestamp": 1761578776691, "change_id": 123893121938, "instrument_name": "BTC-7NOV25", "bids": [[115142.5, 1800.0], [115140.0, 3790.0], [115135.0, 1800.0], [115132.5, 6440.0], [115130.0, 31800.0], [115127.5, 28220.0], [115125.0, 53000.0], [115115.0, 1360.0], [115112.5, 1560.0], [115110.0, 3000.0], [115102.5, 420.0], [115100.0, 1400.0], [115090.0, 1450.0], [115087.5, 4860.0], [115085.0, 1320.0], [115082.5, 1430.0], [115080.0, 3000.0], [115057.5, 420.0], [115055.0, 1410.0], [115047.5, 13660.0]], "asks": [[115145.0, 4860.0], [115147.5, 10000.0], [115155.0, 740.0], [115157.5, 2450.0], [115160.0, 160.0], [115165.0, 970.0], [115167.5, 1800.0], [115170.0, 1450.0], [115197.5, 1450.0], [115200.0, 4860.0], [115222.5, 440.0], [115225.0, 1460.0], [115245.0, 7610.0], [115247.5, 24060.0], [115250.0, 1450.0], [115292.5, 2340.0], [115295.0, 7850.0], [115297.5, 30.0], [115315.0, 5680.0], [115317.5, 19020.0]]}}}
{"jsonrpc": "2.0", "method": "subscription", "params": {"channel": "book.BTC-7NOV25.none.20.100ms", "data": {"timestamp": 1761578777293, "change_id": 123893123033, "instrument_name": "BTC-7NOV25", "bids": [[115142.5, 1800.0], [115140.0, 3790.0], [115135.0, 1800.0], [115132.5, 6440.0], [115130.0, 31800.0], [115127.5, 28220.0], [115125.0, 53000.0], [115115.0, 1360.0], [115112.5, 1560.0], [115110.0, 3000.0], [115102.5, 420.0], [115100.0, 1400.0], [115090.0, 1450.0], [115087.5, 4860.0], [115085.0, 1320.0], [115082.5, 1430.0], [115080.0, 3000.0], [115057.5, 420.0], [115055.0, 1410.0], [115047.5, 13660.0]], "asks": [[115145.0, 4860.0], [115147.5, 10000.0], [115155.0, 740.0], [115157.5, 2450.0], [115160.0, 160.0], [115165.0, 970.0], [115167.5, 1800.0], [115170.0, 1450.0], [115197.5, 1450.0], [115200.0, 4860.0], [115222.5, 440.0], [115225.0, 1460.0], [115245.0, 7610.0], [115247.5, 24060.0], [115250.0, 1450.0], [115292.5, 2340.0], [115295.0, 7850.0], [115297.5, 30.0], [115315.0, 5680.0], [115317.5, 19020.0]]}}}
{"jsonrpc": "2.0", "method": "subscription", "params": {"channel": "book.BTC-7NOV25.none.20.100ms", "data": {"timestamp": 1761578777682, "change_id": 123893123211, "instrument_name": "BTC-7NOV25", "bids": [[115142.5, 1800.0], [115140.0, 1990.0], [115135.0, 1800.0], [115132.5, 6440.0], [115130.0, 31800.0], [115127.5, 28220.0], [115125.0, 53000.0], [115115.0, 1360.0], [115112.5, 1560.0], [115110.0, 3000.0], [115102.5, 420.0], [115100.0, 1400.0], [115090.0, 1450.0], [115087.5, 4860.0], [115085.0, 1320.0], [115082.5, 1430.0], [115080.0, 3000.0], [115057.5, 420.0], [115055.0, 1410.0], [115047.5, 13660.0]], "asks": [[115145.0, 4860.0], [115147.5, 10000.0], [115155.0, 740.0], [115157.5, 2450.0], [115160.0, 700.0], [115162.5, 1800.0], [115165.0, 970.0], [115167.5, 1800.0], [115170.0, 1450.0], [115197.5, 1450.0], [115200.0, 4860.0], [115222.5, 440.0], [115225.0, 1460.0], [115245.0, 7610.0], [115247.5, 24060.0], [115250.0, 1450.0], [115292.5, 2340.0], [115295.0, 7850.0], [115297.5, 30.0], [115315.0, 5680.0]]}}}
