{"jsonrpc": "2.0", "id": 1, "result": ["book.BTC-21NOV25.none.20.100ms"], "usIn": 1763670529147830, "usOut": 1763670529148048, "usDiff": 218, "testnet": false}
{"jsonrpc": "2.0", "method": "subscription", "params": {"channel": "book.BTC-21NOV25.none.20.100ms", "data": {"timestamp": 1763670528925, "change_id": 128138772005, "instrument_name": "BTC-21NOV25", "bids": [[86820.0, 5810.0], [86817.5, 8790.0], [86815.0, 9280.0], [86812.5, 2000.0], [86810.0, 2010.0], [86807.5, 2000.0], [86805.0, 6330.0], [86802.5, 2000.0], [86800.0, 2180.0], [86765.0, 14930.0], [86762.5, 50000.0], [86745.0, 4800.0], [86742.5, 16080.0], [86722.5, 520.0], [86720.0, 1730.0], [86687.5, 29850.0], [86685.0, 112300.0], [86682.5, 41170.0], [86660.0, 4190.0], [86635.0, 25510.0]], "asks": [[86825.0, 5000.0], [86830.0, 300.0], [86835.0, 990.0], [86837.5, 300.0], [86840.0, 990.0], [86845.0, 2620.0], [86847.5, 8790.0], [86855.0, 19420.0], [86857.5, 50000.0], [86860.0, 33010.0], [86882.5, 1260.0], [86885.0, 4460.0], [86890.0, 3220.0], [86892.5, 16150.0], [86895.0, 3000.0], [86925.0, 3000.0], [86955.0, 3000.0], [86982.5, 45110.0], [86992.5, 24700.0], [87040.0, 90.0]]}}}
{"jsonrpc": "2.0", "method": "subscription", "params": {"channel": "book.BTC-21NOV25.none.20.100ms", "data": {"timestamp": 1763670529390, "change_id": 128138773772, "instrument_name": "BTC-21NOV25", "bids": [[86817.5, 11380.0], [86815.0, 9280.0], [86812.5, 2000.0], [86810.0, 2010.0], [86807.5, 2000.0], [86805.0, 6330.0], [86802.5, 2000.0], [86800.0, 2180.0], [86765.0, 14930.0], [86762.5, 50000.0], [86745.0, 4800.0], [86742.5, 16080.0], [86722.5, 520.0], [86720.0, 1730.0], [86687.5, 29850.0], [86685.0, 112300.0], [86682.5, 41170.0], [86660.0, 4190.0], [86635.0, 25510.0], [86585.0, 500.0]], "asks": [[86822.5, 1490.0], [86825.0, 5000.0], [86830.0, 300.0], [86835.0, 990.0], [86837.5, 300.0], [86840.0, 990.0], [86845.0, 2620.0], [86847.5, 8790.0], [86855.0, 19420.0], [86857.5, 50000.0], [86860.0, 33010.0], [86882.5, 1260.0], [86885.0, 4460.0], [86890.0, 3220.0], [86892.5, 16150.0], [86895.0, 3000.0], [86925.0, 3000.0], [86955.0, 3000.0], [86982.5, 45110.0], [86992.5, 24700.0]]}}}
{"jsonrpc": "2.0", "method": "subscription", "params": {"channel": "book.BTC-21NOV25.none.20.100ms", "data": {"timestamp": 1763670530165, "change_id": 128138775339, "instrument_name": "BTC-21NOV25", "bids": [[86820.0, 5220.0], [86817.5, 8790.0], [86815.0, 9280.0], [86812.5, 2000.0], [86810.0, 2010.0], [86807.5, 2000.0], [86805.0, 6330.0], [86802.5, 2000.0], [86800.0, 2180.0], [86765.0, 14930.0], [86762.5, 50000.0], [86745.0, 4800.0], [86742.5, 16080.0], [86722.5, 520.0], [86720.0, 1730.0], [86687.5, 29850.0], [86685.0, 112300.0], [86682.5, 41170.0], [86660.0, 4190.0], [86635.0, 25510.0]], "asks": [[86835.0, 1790.0], [86837.5, 5000.0], [86852.5, 2620.0], [86855.0, 28210.0], [86857.5, 50000.0], [86860.0, 33010.0], [86882.5, 1260.0], [86885.0, 4460.0], [86890.0, 3220.0], [86892.5, 16150.0], [86895.0, 3000.0], [86925.0, 3000.0], [86955.0, 3000.0], [86982.5, 45110.0], [86992.5, 24700.0], [87040.0, 90.0], [87060.0, 90.0], [87072.5, 50000.0], [87080.0, 90.0], [87092.5, 25050.0]]}}}
{"jsonrpc": "2.0", "method": "subscription", "params": {"channel": "book.BTC-21NOV25.none.20.100ms", "data": {"timestamp": 1763670530781, "change_id": 128138776952, "instrument_name": "BTC-21NOV25", "bids": [[86820.0, 5220.0], [86817.5, 8790.0], [86815.0, 9280.0], [86812.5, 2000.0], [86810.0, 2010.0], [86807.5, 2000.0], [86805.0, 6330.0], [86802.5, 2000.0], [86800.0, 2180.0], [86765.0, 14930.0], [86762.5, 50000.0], [86745.0, 4800.0], [86742.5, 16080.0], [86722.5, 520.0], [86720.0, 1730.0], [86687.5, 29850.0], [86685.0, 112300.0], [86682.5, 41170.0], [86660.0, 4190.0], [86635.0, 25510.0]], "asks": [[86827.5, 1490.0], [86830.0, 5000.0], [86837.5, 300.0], [86840.0, 990.0], [86842.5, 300.0], [86845.0, 990.0], [86852.5, 2620.0], [86855.0, 28210.0], [86857.5, 50000.0], [86860.0, 33010.0], [86882.5, 1260.0], [86885.0, 4460.0], [86890.0, 3220.0], [86892.5, 16150.0], [86895.0, 3000.0], [86925.0, 3000.0], [86955.0, 3000.0], [86982.5, 45110.0], [86992.5, 24700.0], [87040.0, 90.0]]}}}
{"jsonrpc": "2.0", "method": "subscription", "params": {"channel": "book.BTC-21NOV25.none.20.100ms", "data": {"timestamp": 1763670531207, "change_id": 128138777840, "instrument_name": "BTC-21NOV25", "bids": [[86820.0, 2590.0], [86815.0, 10690.0], [86812.5, 7000.0], [86810.0, 600.0], [86807.5, 2000.0], [86805.0, 1330.0], [86802.5, 2000.0], [86800.0, 2180.0], [86765.0, 14930.0], [86762.5, 50000.0], [86745.0, 4800.0], [86742.5, 16080.0], [86722.5, 520.0], [86720.0, 1730.0], [86687.5, 29850.0], [86685.0, 100010.0], [86660.0, 4190.0], [86635.0, 25510.0], [86585.0, 500.0], [86582.5, 50000.0]], "asks": [[86827.5, 1490.0], [86830.0, 5000.0], [86837.5, 300.0], [86840.0, 990.0], [86842.5, 300.0], [86845.0, 990.0], [86852.5, 2620.0], [86855.0, 28210.0], [86857.5, 50000.0], [86860.0, 33010.0], [86890.0, 3220.0], [86892.5, 16150.0], [86895.0, 3000.0], [86925.0, 3000.0], [86955.0, 3000.0], [86962.5, 4510.0], [86992.5, 24700.0], [87040.0, 90.0], [87060.0, 90.0], [87072.5, 50000.0]]}}}
{"jsonrpc": "2.0", "method": "subscription", "params": {"channel": "book.BTC-21NOV25.none.20.100ms", "data": {"timestamp": 1763670531213, "change_id": 128138777858, "instrument_name": "BTC-21NOV25", "bids": [[86825.0, 8790.0], [86820.0, 2590.0], [86815.0, 10690.0], [86812.5, 7000.0], [86810.0, 600.0], [86807.5, 2000.0], [86805.0, 1330.0], [86802.5, 2000.0], [86800.0, 2180.0], [86765.0, 14930.0], [86762.5, 50000.0], [86745.0, 4800.0], [86742.5, 16080.0], [86722.5, 520.0], [86720.0, 1730.0], [86687.5, 29850.0], [86685.0, 100010.0], [86675.0, 41170.0], [86660.0, 4190.0], [86635.0, 25510.0]], "asks": [[86830.0, 5000.0], [86837.5, 300.0], [86840.0, 990.0], [86842.5, 300.0], [86845.0, 990.0], [86852.5, 2620.0], [86855.0, 28210.0], [86857.5, 50000.0], [86860.0, 33010.0], [86890.0, 3220.0], [86892.5, 16150.0], [86895.0, 3000.0], [86925.0, 3000.0], [86955.0, 3000.0], [86962.5, 4510.0], [86992.5, 24700.0], [87040.0, 90.0], [87060.0, 90.0], [87072.5, 50000.0], [87080.0, 90.0]]}}}
{"jsonrpc": "2.0", "method": "subscription", "params": {"channel": "book.BTC-21NOV25.none.20.100ms", "data": {"timestamp": 1763670531804, "change_id": 128138779036, "instrument_name": "BTC-21NOV25", "bids": [[86825.0, 8790.0], [86820.0, 2590.0], [86815.0, 10770.0], [86812.5, 7000.0], [86810.0, 600.0], [86807.5, 2000.0], [86805.0, 1250.0], [86802.5, 2000.0], [86800.0, 2180.0], [86765.0, 14930.0], [86762.5, 50000.0], [86745.0, 4800.0], [86742.5, 16080.0], [86722.5, 520.0], [86720.0, 1730.0], [86687.5, 29850.0], [86685.0, 100010.0], [86675.0, 41170.0], [86660.0, 4190.0], [86635.0, 25510.0]], "asks": [[86830.0, 5000.0], [86837.5, 300.0], [86840.0, 990.0], [86842.5, 300.0], [86845.0, 990.0], [86852.5, 2620.0], [86855.0, 28210.0], [86857.5, 50000.0], [86860.0, 33010.0], [86890.0, 3220.0], [86892.5, 16150.0], [86895.0, 3000.0], [86925.0, 3000.0], [86955.0, 3000.0], [86962.5, 4510.0], [86992.5, 24700.0], [87040.0, 90.0], [87060.0, 90.0], [87072.5, 50000.0], [87080.0, 90.0]]}}}
{"jsonrpc": "2.0", "method": "subscription", "params": {"channel": "book.BTC-21NOV25.none.20.100ms", "data": {"timestamp": 1763670532144, "change_id": 128138779731, "instrument_name": "BTC-21NOV25", "bids": [[86825.0, 8790.0], [86820.0, 2590.0], [86815.0, 10770.0], [86812.5, 7000.0], [86810.0, 600.0], [86807.5, 2000.0], [86805.0, 1250.0], [86802.5, 2000.0], [86800.0, 2180.0], [86765.0, 14930.0], [86762.5, 50000.0], [86745.0, 4800.0], [86742.5, 16080.0], [86722.5, 520.0], [86720.0, 1730.0], [86687.5, 29850.0], [86685.0, 100010.0], [86675.0, 41170.0], [86660.0, 4190.0], [86637.5, 25510.0]], "asks": [[86830.0, 5000.0], [86837.5, 300.0], [86840.0, 990.0], [86842.5, 300.0], [86845.0, 990.0], [86855.0, 19420.0], [86857.5, 50000.0], [86860.0, 35630.0], [86862.5, 8790.0], [86890.0, 3510.0], [86892.5, 16150.0], [86895.0, 3000.0], [86925.0, 3000.0], [86955.0, 3000.0], [86962.5, 4510.0], [86992.5, 24700.0], [87040.0, 90.0], [87060.0, 90.0], [87072.5, 50000.0], [87080.0, 90.0]]}}}
{"jsonrpc": "2.0", "method": "subscription", "params": {"channel": "book.BTC-21NOV25.none.20.100ms", "data": {"timestamp": 1763670532358, "change_id": 128138780098, "instrument_name": "BTC-21NOV25", "bids": [[86827.5, 2630.0], [86825.0, 8790.0], [86820.0, 2590.0], [86815.0, 10770.0], [86812.5, 7000.0], [86810.0, 600.0], [86807.5, 2000.0], [86805.0, 1250.0], [86802.5, 2000.0], [86800.0, 2180.0], [86765.0, 14930.0], [86762.5, 50000.0], [86745.0, 4800.0], [86742.5, 16080.0], [86722.5, 520.0], [86720.0, 1730.0], [86687.5, 29850.0], [86685.0, 100010.0], [86675.0, 41170.0], [86660.0, 4190.0]], "asks": [[86837.5, 1750.0], [86840.0, 5990.0], [86842.5, 300.0], [86845.0, 990.0], [86855.0, 19420.0], [86857.5, 50000.0], [86860.0, 35630.0], [86862.5, 8790.0], [86890.0, 3510.0], [86892.5, 16150.0], [86895.0, 3000.0], [86925.0, 3000.0], [86955.0, 3000.0], [86962.5, 4510.0], [86992.5, 24700.0], [87040.0, 90.0], [87060.0, 90.0], [87072.5, 50000.0], [87080.0, 90.0], [87092.5, 25050.0]]}}}
{"jsonrpc": "2.0", "method": "subscription", "params": {"channel": "book.BTC-21NOV25.none.20.100ms", "data": {"timestamp": 1763670533059, "change_id": 128138781809, "instrument_name": "BTC-21NOV25", "bids": [[86827.5, 2630.0], [86825.0, 8790.0], [86820.0, 2590.0], [86815.0, 10770.0], [86812.5, 7000.0], [86810.0, 600.0], [86807.5, 2000.0], [86805.0, 1250.0], [86802.5, 2000.0], [86800.0, 2180.0], [86765.0, 14930.0], [86762.5, 50000.0], [86745.0, 4800.0], [86742.5, 16080.0], [86722.5, 520.0], [86720.0, 1730.0], [86687.5, 29850.0], [86685.0, 100010.0], [86675.0, 41170.0], [86660.0, 4190.0]], "asks": [[86847.5, 1490.0], [86850.0, 6000.0], [86852.5, 300.0], [86855.0, 20420.0], [86857.5, 50000.0], [86860.0, 35630.0], [86862.5, 8790.0], [86890.0, 3510.0], [86892.5, 16150.0], [86895.0, 3000.0], [86925.0, 3000.0], [86955.0, 3000.0], [86962.5, 4510.0], [86992.5, 24700.0], [87040.0, 90.0], [87060.0, 90.0], [87072.5, 50000.0], [87080.0, 90.0], [87092.5, 25050.0], [87100.0, 90.0]]}}}
{"jsonrpc": "2.0", "method": "subscription", "params": {"channel": "book.BTC-21NOV25.none.20.100ms", "data": {"timestamp": 1763670533518, "change_id": 128138783884, "instrument_name": "BTC-21NOV25", "bids": [[86827.5, 2630.0], [86825.0, 8790.0], [86820.0, 2590.0], [86815.0, 10770.0], [86812.5, 7000.0], [86810.0, 600.0], [86807.5, 2000.0], [86805.0, 1250.0], [86802.5, 2000.0], [86800.0, 2180.0], [86765.0, 14930.0], [86762.5, 50000.0], [86745.0, 4800.0], [86742.5, 16080.0], [86722.5, 520.0], [86720.0, 1730.0], [86687.5, 29850.0], [86685.0, 100010.0], [86675.0, 41170.0], [86660.0, 4190.0]], "asks": [[86840.0, 1490.0], [86842.5, 5000.0], [86847.5, 300.0], [86850.0, 990.0], [86852.5, 300.0], [86855.0, 20410.0], [86857.5, 50000.0], [86860.0, 35630.0], [86862.5, 8790.0], [86890.0, 3510.0], [86892.5, 16150.0], [86895.0, 3000.0], [86925.0, 3000.0], [86955.0, 3000.0], [86962.5, 4510.0], [86992.5, 24700.0], [87040.0, 90.0], [87060.0, 90.0], [87072.5, 50000.0], [87080.0, 90.0]]}}}
{"jsonrpc": "2.0", "method": "subscription", "params": {"channel": "book.BTC-21NOV25.none.20.100ms", "data": {"timestamp": 1763670533673, "change_id": 128138784081, "instrument_name": "BTC-21NOV25", "bids": [[86825.0, 8790.0], [86822.5, 1490.0], [86820.0, 7590.0], [86815.0, 9360.0], [86812.5, 2000.0], [86810.0, 600.0], [86807.5, 2000.0], [86805.0, 1250.0], [86802.5, 2000.0], [86800.0, 2180.0], [86765.0, 14930.0], [86762.5, 50000.0], [86745.0, 4800.0], [86742.5, 16080.0], [86722.5, 520.0], [86720.0, 1730.0], [86687.5, 29850.0], [86685.0, 100010.0], [86675.0, 41170.0], [86660.0, 4190.0]], "asks": [[86830.0, 410.0], [86840.0, 1490.0], [86842.5, 5000.0], [86847.5, 300.0], [86850.0, 990.0], [86852.5, 300.0], [86855.0, 20410.0], [86857.5, 50000.0], [86860.0, 2620.0], [86862.5, 8790.0], [86890.0, 3510.0], [86892.5, 16150.0], [86895.0, 3000.0], [86925.0, 3000.0], [86955.0, 3000.0], [86962.5, 4510.0], [86992.5, 24700.0], [87040.0, 90.0], [87060.0, 90.0], [87072.5, 50000.0]]}}}
{"jsonrpc": "2.0", "method": "subscription", "params": {"channel": "book.BTC-21NOV25.none.20.100ms", "data": {"timestamp": 1763670534076, "change_id": 128138784804, "instrument_name": "BTC-21NOV25", "bids": [[86827.5, 50000.0], [86825.0, 8790.0], [86822.5, 1490.0], [86820.0, 7590.0], [86815.0, 9360.0], [86812.5, 2000.0], [86810.0, 600.0], [86807.5, 2000.0], [86805.0, 1250.0], [86802.5, 2000.0], [86800.0, 2180.0], [86745.0, 4800.0], [86742.5, 16080.0], [86722.5, 520.0], [86720.0, 1730.0], [86687.5, 29850.0], [86685.0, 100010.0], [86675.0, 41170.0], [86660.0, 4190.0], [86645.0, 25510.0]], "asks": [[86830.0, 410.0], [86840.0, 1490.0], [86842.5, 5000.0], [86847.5, 300.0], [86850.0, 990.0], [86852.5, 300.0], [86855.0, 990.0], [86860.0, 17210.0], [86862.5, 8790.0], [86865.0, 50000.0], [86890.0, 4230.0], [86892.5, 16150.0], [86895.0, 3000.0], [86925.0, 3000.0], [86955.0, 3000.0], [86962.5, 4510.0], [86992.5, 24700.0], [87040.0, 90.0], [87060.0, 90.0], [87072.5, 50000.0]]}}}
{"jsonrpc": "2.0", "method": "subscription", "params": {"channel": "book.BTC-21NOV25.none.20.100ms", "data": {"timestamp": 1763670534367, "change_id": 128138785412, "instrument_name": "BTC-21NOV25", "bids": [[86827.5, 50000.0], [86825.0, 8790.0], [86822.5, 1490.0], [86820.0, 7590.0], [86815.0, 9360.0], [86812.5, 2000.0], [86810.0, 600.0], [86807.5, 2000.0], [86805.0, 11450.0], [86802.5, 2000.0], [86800.0, 36900.0], [86745.0, 4800.0], [86742.5, 16080.0], [86722.5, 520.0], [86720.0, 1730.0], [86687.5, 29850.0], [86685.0, 100010.0], [86675.0, 41170.0], [86660.0, 4190.0], [86645.0, 25510.0]], "asks": [[86830.0, 410.0], [86840.0, 1490.0], [86842.5, 5000.0], [86847.5, 300.0], [86850.0, 990.0], [86852.5, 300.0], [86855.0, 990.0], [86860.0, 17210.0], [86862.5, 8790.0], [86865.0, 50000.0], [86890.0, 4230.0], [86892.5, 16150.0], [86895.0, 3000.0], [86925.0, 3000.0], [86955.0, 3000.0], [86962.5, 4510.0], [86992.5, 24700.0], [87040.0, 90.0], [87060.0, 90.0], [87072.5, 50000.0]]}}}
{"jsonrpc": "2.0", "method": "subscription", "params": {"channel": "book.BTC-21NOV25.none.20.100ms", "data": {"timestamp": 1763670535172, "change_id": 128138787380, "instrument_name": "BTC-21NOV25", "bids": [[86830.0, 17550.0], [86827.5, 50000.0], [86825.0, 8870.0], [86822.5, 1490.0], [86820.0, 7590.0], [86815.0, 9280.0], [86812.5, 2000.0], [86810.0, 600.0], [86807.5, 2000.0], [86805.0, 11450.0], [86802.5, 2000.0], [86800.0, 36900.0], [86745.0, 4800.0], [86742.5, 16080.0], [86722.5, 520.0], [86720.0, 1730.0], [86687.5, 29850.0], [86685.0, 100010.0], [86675.0, 41170.0], [86660.0, 4190.0]], "asks": [[86847.5, 300.0], [86852.5, 300.0], [86855.0, 990.0], [86860.0, 990.0], [86875.0, 8790.0], [86890.0, 900.0], [86895.0, 3000.0], [86905.0, 16310.0], [86907.5, 50000.0], [86922.5, 900.0], [86925.0, 3000.0], [86952.5, 900.0], [86955.0, 3000.0], [86962.5, 9510.0], [86990.0, 7370.0], [86992.5, 24700.0], [87040.0, 90.0], [87060.0, 90.0], [87072.5, 50000.0], [87080.0, 90.0]]}}}
{"jsonrpc": "2.0", "method": "subscription", "params": {"channel": "book.BTC-21NOV25.none.20.100ms", "data": {"timestamp": 1763670535422, "change_id": 128138788485, "instrument_name": "BTC-21NOV25", "bids": [[86842.5, 2630.0], [86840.0, 8790.0], [86830.0, 16440.0], [86827.5, 55000.0], [86825.0, 80.0], [86817.5, 2590.0], [86815.0, 9280.0], [86812.5, 2000.0], [86810.0, 600.0], [86807.5, 2000.0], [86805.0, 11450.0], [86800.0, 36900.0], [86745.0, 4800.0], [86742.5, 16080.0], [86722.5, 520.0], [86720.0, 1730.0], [86702.5, 7610.0], [86700.0, 25510.0], [86687.5, 29850.0], [86685.0, 100010.0]], "asks": [[86857.5, 300.0], [86860.0, 990.0], [86862.5, 300.0], [86865.0, 990.0], [86872.5, 2620.0], [86875.0, 8790.0], [86892.5, 900.0], [86895.0, 3000.0], [86922.5, 900.0], [86925.0, 3000.0], [86935.0, 4830.0], [86937.5, 16170.0], [86947.5, 1490.0], [86950.0, 13270.0], [86952.5, 24700.0], [86955.0, 11750.0], [86957.5, 50000.0], [86962.5, 4510.0], [87040.0, 90.0], [87060.0, 90.0]]}}}
{"jsonrpc": "2.0", "method": "subscription", "params": {"channel": "book.BTC-21NOV25.none.20.100ms", "data": {"timestamp": 1763670535825, "change_id": 128138790489, "instrument_name": "BTC-21NOV25", "bids": [[86847.5, 8790.0], [86835.0, 80.0], [86830.0, 16440.0], [86827.5, 55000.0], [86815.0, 8680.0], [86812.5, 2000.0], [86807.5, 2000.0], [86805.0, 650.0], [86800.0, 2180.0], [86742.5, 16080.0], [86720.0, 1730.0], [86687.5, 29850.0], [86685.0, 100010.0], [86677.5, 12290.0], [86675.0, 41170.0], [86660.0, 4190.0], [86647.5, 25510.0], [86642.5, 24630.0], [86585.0, 500.0], [86582.5, 50000.0]], "asks": [[86870.0, 300.0], [86872.5, 990.0], [86875.0, 300.0], [86877.5, 990.0], [86882.5, 2620.0], [86885.0, 8790.0], [86892.5, 900.0], [86895.0, 3000.0], [86922.5, 900.0], [86925.0, 3000.0], [86935.0, 4830.0], [86937.5, 16170.0], [86940.0, 1490.0], [86942.5, 5000.0], [86950.0, 900.0], [86955.0, 15780.0], [86957.5, 50000.0], [86960.0, 1350.0], [86962.5, 4510.0], [87007.5, 1270.0]]}}}
{"jsonrpc": "2.0", "method": "subscription", "params": {"channel": "book.BTC-21NOV25.none.20.100ms", "data": {"timestamp": 1763670536067, "change_id": 128138791187, "instrument_name": "BTC-21NOV25", "bids": [[86850.0, 2620.0], [86847.5, 8790.0], [86837.5, 1520.0], [86835.0, 5080.0], [86830.0, 16440.0], [86827.5, 50000.0], [86817.5, 2590.0], [86815.0, 9280.0], [86812.5, 2000.0], [86810.0, 600.0], [86807.5, 2000.0], [86805.0, 650.0], [86800.0, 2180.0], [86745.0, 4800.0], [86742.5, 16080.0], [86722.5, 520.0], [86720.0, 1730.0], [86687.5, 29850.0], [86685.0, 100010.0], [86677.5, 12290.0]], "asks": [[86870.0, 300.0], [86872.5, 990.0], [86875.0, 300.0], [86877.5, 990.0], [86882.5, 2620.0], [86885.0, 8790.0], [86892.5, 900.0], [86895.0, 3000.0], [86922.5, 900.0], [86925.0, 3000.0], [86932.5, 1490.0], [86935.0, 9830.0], [86937.5, 16170.0], [86950.0, 900.0], [86955.0, 15780.0], [86957.5, 50000.0], [86960.0, 1350.0], [86962.5, 4510.0], [87007.5, 1270.0], [87010.0, 24700.0]]}}}
{"jsonrpc": "2.0", "method": "subscription", "params": {"channel": "book.BTC-21NOV25.none.20.100ms", "data": {"timestamp": 1763670536429, "change_id": 128138792883, "instrument_name": "BTC-21NOV25", "bids": [[86850.0, 2620.0], [86847.5, 8790.0], [86837.5, 1520.0], [86835.0, 5080.0], [86830.0, 16440.0], [86827.5, 50000.0], [86817.5, 2590.0], [86815.0, 8680.0], [86805.0, 650.0], [86800.0, 2180.0], [86745.0, 4800.0], [86742.5, 16080.0], [86722.5, 520.0], [86720.0, 1730.0], [86687.5, 29850.0], [86685.0, 100010.0], [86677.5, 12290.0], [86675.0, 41170.0], [86660.0, 4190.0], [86647.5, 25510.0]], "asks": [[86882.5, 2620.0], [86885.0, 8790.0], [86892.5, 900.0], [86895.0, 3000.0], [86922.5, 900.0], [86925.0, 4490.0], [86927.5, 5000.0], [86935.0, 4830.0], [86937.5, 16170.0], [86950.0, 900.0], [86955.0, 15780.0], [86957.5, 50000.0], [86960.0, 1350.0], [86962.5, 4510.0], [87007.5, 1270.0], [87010.0, 24700.0], [87040.0, 90.0], [87060.0, 90.0], [87072.5, 50000.0], [87080.0, 90.0]]}}}
{"jsonrpc": "2.0", "method": "subscription", "params": {"channel": "book.BTC-21NOV25.none.20.100ms", "data": {"timestamp": 1763670536743, "change_id": 128138793434, "instrument_name": "BTC-21NOV25", "bids": [[86857.5, 1790.0], [86855.0, 5990.0], [86837.5, 1520.0], [86835.0, 5080.0], [86830.0, 16440.0], [86827.5, 50000.0], [86817.5, 2590.0], [86815.0, 8680.0], [86805.0, 650.0], [86800.0, 2180.0], [86745.0, 4800.0], [86742.5, 16080.0], [86722.5, 520.0], [86720.0, 1730.0], [86687.5, 29850.0], [86685.0, 100010.0], [86677.5, 12290.0], [86675.0, 41170.0], [86660.0, 4190.0], [86647.5, 25510.0]], "asks": [[86877.5, 2310.0], [86880.0, 7970.0], [86887.5, 14930.0], [86890.0, 61270.0], [86892.5, 34750.0], [86895.0, 37750.0], [86920.0, 5000.0], [86922.5, 900.0], [86925.0, 3000.0], [86937.5, 16170.0], [86955.0, 3000.0], [86962.5, 4510.0], [87010.0, 24700.0], [87040.0, 90.0], [87060.0, 90.0], [87072.5, 50000.0], [87080.0, 90.0], [87092.5, 25050.0], [87100.0, 90.0], [87102.5, 500.0]]}}}
{"jsonrpc": "2.0", "method": "subscription", "params": {"channel": "book.BTC-21NOV25.none.20.100ms", "data": {"timestamp": 1763670537135, "change_id": 128138795157, "instrument_name": "BTC-21NOV25", "bids": [[86855.0, 5990.0], [86845.0, 1570.0], [86842.5, 5000.0], [86830.0, 16440.0], [86827.5, 50000.0], [86817.5, 2590.0], [86815.0, 8680.0], [86805.0, 650.0], [86800.0, 2180.0], [86745.0, 4800.0], [86742.5, 16080.0], [86722.5, 520.0], [86720.0, 1730.0], [86687.5, 29850.0], [86685.0, 100010.0], [86677.5, 12290.0], [86675.0, 41170.0], [86660.0, 4190.0], [86630.0, 25510.0], [86585.0, 500.0]], "asks": [[86877.5, 2310.0], [86880.0, 7970.0], [86887.5, 14930.0], [86890.0, 61270.0], [86892.5, 34750.0], [86895.0, 34750.0], [86905.0, 3000.0], [86920.0, 5000.0], [86935.0, 3000.0], [86937.5, 16170.0], [86962.5, 4510.0], [86965.0, 3000.0], [87010.0, 24700.0], [87040.0, 90.0], [87060.0, 90.0], [87072.5, 50000.0], [87080.0, 90.0], [87092.5, 25050.0], [87100.0, 90.0], [87102.5, 500.0]]}}}
{"jsonrpc": "2.0", "method": "subscription", "params": {"channel": "book.BTC-21NOV25.none.20.100ms", "data": {"timestamp": 1763670537413, "change_id": 128138795969, "instrument_name": "BTC-21NOV25", "bids": [[86857.5, 1790.0], [86855.0, 5990.0], [86845.0, 1570.0], [86842.5, 5000.0], [86830.0, 16440.0], [86827.5, 50000.0], [86817.5, 2590.0], [86815.0, 8680.0], [86805.0, 650.0], [86800.0, 2180.0], [86745.0, 4800.0], [86742.5, 16080.0], [86722.5, 520.0], [86720.0, 1730.0], [86687.5, 29850.0], [86685.0, 100010.0], [86677.5, 12290.0], [86675.0, 41170.0], [86660.0, 4190.0], [86630.0, 25510.0]], "asks": [[86877.5, 2310.0], [86880.0, 7970.0], [86887.5, 14930.0], [86890.0, 61270.0], [86892.5, 34750.0], [86895.0, 34750.0], [86905.0, 3000.0], [86912.5, 5000.0], [86935.0, 3000.0], [86937.5, 16170.0], [86962.5, 4510.0], [86965.0, 3000.0], [87010.0, 24700.0], [87040.0, 90.0], [87060.0, 90.0], [87072.5, 50000.0], [87080.0, 90.0], [87092.5, 25050.0], [87100.0, 90.0], [87102.5, 500.0]]}}}
{"jsonrpc": "2.0", "method": "subscription", "params": {"channel": "book.BTC-21NOV25.none.20.100ms", "data": {"timestamp": 1763670537676, "change_id": 128138796530, "instrument_name": "BTC-21NOV25", "bids": [[86865.0, 1180.0], [86862.5, 5990.0], [86845.0, 1570.0], [86842.5, 5000.0], [86830.0, 16440.0], [86827.5, 50000.0], [86817.5, 2590.0], [86815.0, 8680.0], [86805.0, 650.0], [86800.0, 2180.0], [86745.0, 4800.0], [86742.5, 16080.0], [86722.5, 520.0], [86720.0, 1730.0], [86687.5, 29850.0], [86685.0, 100010.0], [86660.0, 4190.0], [86630.0, 25510.0], [86585.0, 500.0], [86582.5, 50000.0]], "asks": [[86877.5, 590.0], [86880.0, 1980.0], [86887.5, 20920.0], [86890.0, 61270.0], [86892.5, 34750.0], [86895.0, 34750.0], [86905.0, 3000.0], [86912.5, 5000.0], [86935.0, 3000.0], [86937.5, 16170.0], [86962.5, 4510.0], [86965.0, 3000.0], [87010.0, 24700.0], [87040.0, 90.0], [87060.0, 90.0], [87080.0, 90.0], [87092.5, 25050.0], [87100.0, 90.0], [87102.5, 500.0], [87117.5, 51150.0]]}}}
{"jsonrpc": "2.0", "method": "subscription", "params": {"channel": "book.BTC-21NOV25.none.20.100ms", "data": {"timestamp": 1763670537998, "change_id": 128138797173, "instrument_name": "BTC-21NOV25", "bids": [[86865.0, 10320.0], [86862.5, 5990.0], [86845.0, 1570.0], [86842.5, 5000.0], [86830.0, 16440.0], [86827.5, 50000.0], [86805.0, 650.0], [86800.0, 2180.0], [86745.0, 4800.0], [86742.5, 16080.0], [86722.5, 520.0], [86720.0, 1730.0], [86687.5, 29850.0], [86685.0, 100010.0], [86660.0, 4190.0], [86630.0, 25510.0], [86585.0, 500.0], [86582.5, 50000.0], [86575.0, 2430.0], [86560.0, 24630.0]], "asks": [[86877.5, 590.0], [86880.0, 1980.0], [86885.0, 1790.0], [86887.5, 5990.0], [86890.0, 21150.0], [86892.5, 50000.0], [86895.0, 34750.0], [86905.0, 3000.0], [86912.5, 5000.0], [86935.0, 3000.0], [86937.5, 16170.0], [86962.5, 4510.0], [86965.0, 3000.0], [87010.0, 24700.0], [87040.0, 90.0], [87060.0, 90.0], [87080.0, 90.0], [87092.5, 25050.0], [87100.0, 90.0], [87102.5, 500.0]]}}}
{"jsonrpc": "2.0", "method": "subscription", "params": {"channel": "book.BTC-21NOV25.none.20.100ms", "data": {"timestamp": 1763670538151, "change_id": 128138797623, "instrument_name": "BTC-21NOV25", "bids": [[86865.0, 10320.0], [86862.5, 5990.0], [86845.0, 1570.0], [86842.5, 5000.0], [86830.0, 16440.0], [86827.5, 50000.0], [86805.0, 650.0], [86800.0, 2180.0], [86745.0, 4800.0], [86742.5, 16080.0], [86722.5, 520.0], [86720.0, 1730.0], [86687.5, 29850.0], [86685.0, 100010.0], [86660.0, 4190.0], [86630.0, 25510.0], [86585.0, 500.0], [86582.5, 50000.0], [86575.0, 2430.0], [86560.0, 24630.0]], "asks": [[86877.5, 590.0], [86880.0, 1980.0], [86885.0, 1790.0], [86887.5, 5990.0], [86890.0, 21150.0], [86892.5, 50000.0], [86895.0, 34750.0], [86905.0, 8000.0], [86935.0, 3000.0], [86937.5, 16170.0], [86962.5, 4510.0], [86965.0, 3000.0], [87010.0, 24700.0], [87040.0, 90.0], [87060.0, 90.0], [87080.0, 90.0], [87092.5, 25050.0], [87100.0, 90.0], [87102.5, 500.0], [87117.5, 51150.0]]}}}
{"jsonrpc": "2.0", "method": "subscription", "params": {"channel": "book.BTC-21NOV25.none.20.100ms", "data": {"timestamp": 1763670538739, "change_id": 128138798697, "instrument_name": "BTC-21NOV25", "bids": [[86865.0, 8680.0], [86862.5, 5990.0], [86845.0, 1570.0], [86842.5, 5000.0], [86830.0, 16440.0], [86827.5, 50000.0], [86805.0, 650.0], [86800.0, 2180.0], [86745.0, 4800.0], [86742.5, 16080.0], [86722.5, 520.0], [86720.0, 1730.0], [86687.5, 29850.0], [86685.0, 100010.0], [86660.0, 4190.0], [86630.0, 25510.0], [86585.0, 500.0], [86582.5, 50000.0], [86575.0, 2430.0], [86560.0, 24630.0]], "asks": [[86877.5, 590.0], [86880.0, 1980.0], [86885.0, 1790.0], [86887.5, 5990.0], [86890.0, 21150.0], [86892.5, 50000.0], [86895.0, 34750.0], [86897.5, 5000.0], [86905.0, 3000.0], [86935.0, 3000.0], [86937.5, 16170.0], [86962.5, 4510.0], [86965.0, 3000.0], [87010.0, 24700.0], [87040.0, 90.0], [87060.0, 90.0], [87080.0, 90.0], [87092.5, 25050.0], [87100.0, 90.0], [87102.5, 500.0]]}}}
{"jsonrpc": "2.0", "method": "subscription", "params": {"channel": "book.BTC-21NOV25.none.20.100ms", "data": {"timestamp": 1763670538999, "change_id": 128138799252, "instrument_name": "BTC-21NOV25", "bids": [[86865.0, 10470.0], [86862.5, 5990.0], [86845.0, 1570.0], [86842.5, 5000.0], [86830.0, 16440.0], [86827.5, 50000.0], [86805.0, 650.0], [86800.0, 2180.0], [86745.0, 4800.0], [86742.5, 16080.0], [86722.5, 520.0], [86720.0, 1730.0], [86687.5, 29850.0], [86685.0, 100010.0], [86660.0, 4190.0], [86630.0, 25510.0], [86585.0, 500.0], [86582.5, 50000.0], [86575.0, 2430.0], [86560.0, 24630.0]], "asks": [[86877.5, 590.0], [86880.0, 1980.0], [86885.0, 1790.0], [86887.5, 5990.0], [86890.0, 21150.0], [86892.5, 50000.0], [86895.0, 34750.0], [86897.5, 5000.0], [86905.0, 3000.0], [86935.0, 3000.0], [86937.5, 16170.0], [86962.5, 4510.0], [86965.0, 3000.0], [87010.0, 24700.0], [87040.0, 90.0], [87060.0, 90.0], [87080.0, 90.0], [87092.5, 25050.0], [87100.0, 90.0], [87102.5, 500.0]]}}}
{"jsonrpc": "2.0", "method": "subscription", "params": {"channel": "book.BTC-21NOV25.none.20.100ms", "data": {"timestamp": 1763670539404, "change_id": 128138800410, "instrument_name": "BTC-21NOV25", "bids": [[86867.5, 2410.0], [86865.0, 10470.0], [86862.5, 5990.0], [86852.5, 1490.0], [86850.0, 5000.0], [86845.0, 80.0], [86830.0, 16440.0], [86827.5, 50000.0], [86805.0, 650.0], [86800.0, 2180.0], [86787.5, 4790.0], [86785.0, 16040.0], [86722.5, 520.0], [86720.0, 1730.0], [86717.5, 41280.0], [86687.5, 29850.0], [86685.0, 100010.0], [86660.0, 4190.0], [86630.0, 25510.0], [86585.0, 500.0]], "asks": [[86877.5, 590.0], [86880.0, 1980.0], [86885.0, 1790.0], [86887.5, 5990.0], [86890.0, 21150.0], [86892.5, 50000.0], [86895.0, 34750.0], [86897.5, 5000.0], [86905.0, 3000.0], [86935.0, 3000.0], [86937.5, 16170.0], [86962.5, 4510.0], [86965.0, 3000.0], [87000.0, 45450.0], [87010.0, 24700.0], [87040.0, 90.0], [87060.0, 90.0], [87080.0, 90.0], [87092.5, 25050.0], [87100.0, 90.0]]}}}
{"jsonrpc": "2.0", "method": "subscription", "params": {"channel": "book.BTC-21NOV25.none.20.100ms", "data": {"timestamp": 1763670539742, "change_id": 128138800988, "instrument_name": "BTC-21NOV25", "bids": [[86865.0, 8680.0], [86862.5, 1790.0], [86860.0, 5990.0], [86845.0, 80.0], [86837.5, 1490.0], [86835.0, 5000.0], [86830.0, 16440.0], [86827.5, 50000.0], [86805.0, 650.0], [86800.0, 2180.0], [86787.5, 4790.0], [86785.0, 16040.0], [86722.5, 520.0], [86720.0, 14050.0], [86717.5, 41280.0], [86687.5, 29850.0], [86685.0, 100010.0], [86660.0, 4190.0], [86630.0, 25510.0], [86585.0, 500.0]], "asks": [[86877.5, 590.0], [86880.0, 1980.0], [86885.0, 3050.0], [86887.5, 5990.0], [86890.0, 5000.0], [86902.5, 900.0], [86905.0, 3000.0], [86935.0, 7830.0], [86937.5, 16170.0], [86962.5, 4510.0], [86965.0, 53000.0], [86997.5, 2890.0], [87000.0, 45450.0], [87010.0, 24700.0], [87040.0, 90.0], [87060.0, 90.0], [87080.0, 90.0], [87092.5, 25050.0], [87100.0, 90.0], [87102.5, 500.0]]}}}
{"jsonrpc": "2.0", "method": "subscription", "params": {"channel": "book.BTC-21NOV25.none.20.100ms", "data": {"timestamp": 1763670540114, "change_id": 128138801731, "instrument_name": "BTC-21NOV25", "bids": [[86865.0, 8680.0], [86860.0, 1790.0], [86857.5, 5990.0], [86845.0, 1570.0], [86842.5, 5000.0], [86830.0, 16440.0], [86827.5, 50000.0], [86805.0, 650.0], [86800.0, 2180.0], [86787.5, 4790.0], [86785.0, 16040.0], [86722.5, 520.0], [86720.0, 14050.0], [86717.5, 41280.0], [86687.5, 29850.0], [86685.0, 100010.0], [86660.0, 4190.0], [86630.0, 25510.0], [86585.0, 500.0], [86582.5, 50000.0]], "asks": [[86877.5, 590.0], [86880.0, 3470.0], [86882.5, 5000.0], [86885.0, 1790.0], [86887.5, 5990.0], [86897.5, 14930.0], [86900.0, 50000.0], [86902.5, 35660.0], [86905.0, 3000.0], [86935.0, 7830.0], [86937.5, 16170.0], [86962.5, 4510.0], [86965.0, 3000.0], [86997.5, 2890.0], [87000.0, 45450.0], [87010.0, 24700.0], [87040.0, 90.0], [87060.0, 90.0], [87080.0, 90.0], [87092.5, 25050.0]]}}}
{"jsonrpc": "2.0", "method": "subscription", "params": {"channel": "book.BTC-21NOV25.none.20.100ms", "data": {"timestamp": 1763670540441, "change_id": 128138802693, "instrument_name": "BTC-21NOV25", "bids": [[86865.0, 8680.0], [86832.5, 80.0], [86830.0, 16440.0], [86827.5, 50000.0], [86822.5, 5000.0], [86805.0, 650.0], [86800.0, 2180.0], [86787.5, 4790.0], [86785.0, 16040.0], [86722.5, 520.0], [86720.0, 14050.0], [86717.5, 41280.0], [86687.5, 29850.0], [86685.0, 100010.0], [86660.0, 4190.0], [86630.0, 25510.0], [86585.0, 500.0], [86582.5, 50000.0], [86575.0, 2430.0], [86560.0, 24630.0]], "asks": [[86870.0, 1790.0], [86872.5, 5990.0], [86877.5, 590.0], [86880.0, 3470.0], [86882.5, 5000.0], [86897.5, 14930.0], [86900.0, 50000.0], [86902.5, 35660.0], [86905.0, 3000.0], [86935.0, 7830.0], [86937.5, 16170.0], [86962.5, 4510.0], [86965.0, 3000.0], [86997.5, 2890.0], [87000.0, 45450.0], [87010.0, 24700.0], [87040.0, 90.0], [87060.0, 90.0], [87080.0, 90.0], [87092.5, 25050.0]]}}}
{"jsonrpc": "2.0", "method": "subscription", "params": {"channel": "book.BTC-21NOV25.none.20.100ms", "data": {"timestamp": 1763670540672, "change_id": 128138803226, "instrument_name": "BTC-21NOV25", "bids": [[86865.0, 8680.0], [86842.5, 1790.0], [86840.0, 5990.0], [86832.5, 1570.0], [86830.0, 21440.0], [86827.5, 50000.0], [86805.0, 650.0], [86800.0, 2180.0], [86787.5, 4790.0], [86785.0, 16040.0], [86722.5, 520.0], [86720.0, 14050.0], [86717.5, 41280.0], [86687.5, 29850.0], [86685.0, 100010.0], [86660.0, 4190.0], [86630.0, 25510.0], [86585.0, 500.0], [86582.5, 50000.0], [86575.0, 2430.0]], "asks": [[86870.0, 5990.0], [86872.5, 1490.0], [86875.0, 5000.0], [86877.5, 590.0], [86880.0, 1980.0], [86897.5, 14930.0], [86900.0, 50000.0], [86902.5, 35660.0], [86905.0, 3000.0], [86935.0, 7830.0], [86937.5, 16170.0], [86962.5, 4510.0], [86965.0, 3000.0], [86997.5, 2890.0], [87000.0, 45450.0], [87010.0, 24700.0], [87040.0, 90.0], [87060.0, 90.0], [87080.0, 90.0], [87092.5, 25050.0]]}}}
{"jsonrpc": "2.0", "method": "subscription", "params": {"channel": "book.BTC-21NOV25.none.20.100ms", "data": {"timestamp": 1763670541060, "change_id": 128138803942, "instrument_name": "BTC-21NOV25", "bids": [[86865.0, 26050.0], [86840.0, 1490.0], [86837.5, 5000.0], [86832.5, 80.0], [86830.0, 16440.0], [86827.5, 50000.0], [86805.0, 650.0], [86800.0, 2180.0], [86787.5, 4790.0], [86785.0, 16040.0], [86722.5, 520.0], [86720.0, 14050.0], [86717.5, 41280.0], [86687.5, 29850.0], [86685.0, 100010.0], [86660.0, 4190.0], [86630.0, 25510.0], [86585.0, 500.0], [86582.5, 50000.0], [86575.0, 2430.0]], "asks": [[86870.0, 5990.0], [86872.5, 1490.0], [86875.0, 5000.0], [86877.5, 590.0], [86880.0, 1980.0], [86902.5, 900.0], [86905.0, 3000.0], [86932.5, 900.0], [86935.0, 7830.0], [86937.5, 16170.0], [86940.0, 50000.0], [86960.0, 2240.0], [86962.5, 4510.0], [86965.0, 3000.0], [86997.5, 12580.0], [87000.0, 45450.0], [87010.0, 24700.0], [87040.0, 90.0], [87060.0, 90.0], [87080.0, 90.0]]}}}
{"jsonrpc": "2.0", "method": "subscription", "params": {"channel": "book.BTC-21NOV25.none.20.100ms", "data": {"timestamp": 1763670541317, "change_id": 128138804515, "instrument_name": "BTC-21NOV25", "bids": [[86865.0, 26050.0], [86852.5, 5990.0], [86832.5, 80.0], [86830.0, 16440.0], [86827.5, 55000.0], [86805.0, 650.0], [86800.0, 2180.0], [86787.5, 4790.0], [86785.0, 16040.0], [86722.5, 520.0], [86720.0, 14050.0], [86717.5, 41280.0], [86687.5, 29850.0], [86685.0, 100010.0], [86660.0, 4190.0], [86622.5, 25510.0], [86585.0, 500.0], [86582.5, 50000.0], [86575.0, 2430.0], [86560.0, 24630.0]], "asks": [[86872.5, 1490.0], [86875.0, 5000.0], [86877.5, 590.0], [86880.0, 1980.0], [86902.5, 900.0], [86905.0, 3000.0], [86932.5, 900.0], [86935.0, 7830.0], [86937.5, 16170.0], [86940.0, 50000.0], [86960.0, 2240.0], [86962.5, 4510.0], [86965.0, 3000.0], [86997.5, 12580.0], [87000.0, 45450.0], [87010.0, 24700.0], [87040.0, 90.0], [87060.0, 90.0], [87080.0, 90.0], [87092.5, 25050.0]]}}}
{"jsonrpc": "2.0", "method": "subscription", "params": {"channel": "book.BTC-21NOV25.none.20.100ms", "data": {"timestamp": 1763670541747, "change_id": 128138805522, "instrument_name": "BTC-21NOV25", "bids": [[86865.0, 26050.0], [86862.5, 1790.0], [86860.0, 5990.0], [86842.5, 5080.0], [86830.0, 16440.0], [86827.5, 50000.0], [86805.0, 650.0], [86800.0, 2180.0], [86787.5, 4790.0], [86785.0, 16040.0], [86722.5, 520.0], [86720.0, 14050.0], [86717.5, 41280.0], [86687.5, 29850.0], [86685.0, 100010.0], [86660.0, 4190.0], [86622.5, 25510.0], [86585.0, 500.0], [86582.5, 50000.0], [86575.0, 2430.0]], "asks": [[86877.5, 590.0], [86880.0, 1980.0], [86882.5, 3050.0], [86885.0, 10990.0], [86890.0, 10370.0], [86895.0, 34750.0], [86902.5, 900.0], [86905.0, 3000.0], [86932.5, 50000.0], [86935.0, 3000.0], [86937.5, 16170.0], [86962.5, 4510.0], [86965.0, 3000.0], [87000.0, 45450.0], [87010.0, 24700.0], [87040.0, 90.0], [87060.0, 90.0], [87080.0, 90.0], [87092.5, 25050.0], [87100.0, 90.0]]}}}
{"jsonrpc": "2.0", "method": "subscription", "params": {"channel": "book.BTC-21NOV25.none.20.100ms", "data": {"timestamp": 1763670542111, "change_id": 128138806488, "instrument_name": "BTC-21NOV25", "bids": [[86867.5, 7180.0], [86865.0, 26050.0], [86842.5, 5080.0], [86830.0, 16440.0], [86827.5, 50000.0], [86805.0, 650.0], [86800.0, 2180.0], [86787.5, 4790.0], [86785.0, 16040.0], [86722.5, 520.0], [86720.0, 14050.0], [86717.5, 41280.0], [86687.5, 29850.0], [86685.0, 100010.0], [86660.0, 4190.0], [86622.5, 25510.0], [86585.0, 500.0], [86582.5, 50000.0], [86575.0, 2430.0], [86560.0, 24630.0]], "asks": [[86877.5, 590.0], [86880.0, 1980.0], [86882.5, 1790.0], [86885.0, 5000.0], [86890.0, 19890.0], [86892.5, 50000.0], [86895.0, 34750.0], [86902.5, 900.0], [86905.0, 3000.0], [86935.0, 3000.0], [86937.5, 16170.0], [86960.0, 360.0], [86962.5, 4510.0], [86965.0, 3000.0], [87000.0, 45450.0], [87010.0, 24700.0], [87040.0, 90.0], [87060.0, 90.0], [87080.0, 90.0], [87092.5, 25050.0]]}}}
{"jsonrpc": "2.0", "method": "subscription", "params": {"channel": "book.BTC-21NOV25.none.20.100ms", "data": {"timestamp": 1763670542381, "change_id": 128138807831, "instrument_name": "BTC-21NOV25", "bids": [[86867.5, 7180.0], [86865.0, 32040.0], [86842.5, 5080.0], [86830.0, 16440.0], [86827.5, 50000.0], [86805.0, 650.0], [86800.0, 2180.0], [86787.5, 4790.0], [86785.0, 16040.0], [86727.5, 7610.0], [86725.0, 25510.0], [86722.5, 520.0], [86720.0, 14050.0], [86717.5, 65910.0], [86687.5, 29850.0], [86685.0, 100010.0], [86660.0, 4190.0], [86652.5, 50420.0], [86585.0, 500.0], [86582.5, 50000.0]], "asks": [[86877.5, 590.0], [86880.0, 1980.0], [86882.5, 1790.0], [86885.0, 5000.0], [86890.0, 19890.0], [86892.5, 55990.0], [86895.0, 34750.0], [86902.5, 900.0], [86905.0, 3000.0], [86935.0, 3000.0], [86937.5, 16170.0], [86957.5, 24700.0], [86960.0, 360.0], [86962.5, 4510.0], [86965.0, 3000.0], [87000.0, 45450.0], [87027.5, 25050.0], [87040.0, 90.0], [87060.0, 90.0], [87080.0, 90.0]]}}}
{"jsonrpc": "2.0", "method": "subscription", "params": {"channel": "book.BTC-21NOV25.none.20.100ms", "data": {"timestamp": 1763670542775, "change_id": 128138808416, "instrument_name": "BTC-21NOV25", "bids": [[86865.0, 26050.0], [86852.5, 1570.0], [86850.0, 5000.0], [86830.0, 16440.0], [86827.5, 50000.0], [86805.0, 650.0], [86800.0, 2180.0], [86787.5, 4790.0], [86785.0, 16040.0], [86730.0, 25510.0], [86722.5, 520.0], [86720.0, 14050.0], [86717.5, 65910.0], [86687.5, 29850.0], [86685.0, 100010.0], [86660.0, 4190.0], [86652.5, 50420.0], [86585.0, 500.0], [86582.5, 50000.0], [86575.0, 2430.0]], "asks": [[86877.5, 590.0], [86880.0, 1980.0], [86882.5, 3050.0], [86885.0, 10990.0], [86902.5, 900.0], [86905.0, 3000.0], [86935.0, 3000.0], [86937.5, 16170.0], [86940.0, 50000.0], [86957.5, 24700.0], [86960.0, 360.0], [86962.5, 4510.0], [86965.0, 3000.0], [86997.5, 13570.0], [87000.0, 45450.0], [87025.0, 4530.0], [87027.5, 25050.0], [87040.0, 90.0], [87060.0, 90.0], [87080.0, 90.0]]}}}
{"jsonrpc": "2.0", "method": "subscription", "params": {"channel": "book.BTC-21NOV25.none.20.100ms", "data": {"timestamp": 1763670543031, "change_id": 128138808998, "instrument_name": "BTC-21NOV25", "bids": [[86865.0, 26050.0], [86862.5, 5990.0], [86852.5, 1570.0], [86850.0, 5000.0], [86830.0, 16440.0], [86827.5, 50000.0], [86805.0, 650.0], [86800.0, 2180.0], [86787.5, 4790.0], [86785.0, 16040.0], [86730.0, 25510.0], [86722.5, 520.0], [86720.0, 14050.0], [86717.5, 65910.0], [86687.5, 29850.0], [86685.0, 100010.0], [86660.0, 4190.0], [86652.5, 50420.0], [86585.0, 500.0], [86582.5, 50000.0]], "asks": [[86875.0, 2090.0], [86877.5, 5000.0], [86880.0, 1980.0], [86882.5, 1790.0], [86885.0, 5990.0], [86902.5, 900.0], [86905.0, 3000.0], [86935.0, 7830.0], [86937.5, 16170.0], [86955.0, 50000.0], [86957.5, 24700.0], [86960.0, 360.0], [86962.5, 4510.0], [86965.0, 3000.0], [86997.5, 13570.0], [87000.0, 45450.0], [87025.0, 4530.0], [87027.5, 25050.0], [87040.0, 90.0], [87060.0, 90.0]]}}}
{"jsonrpc": "2.0", "method": "subscription", "params": {"channel": "book.BTC-21NOV25.none.20.100ms", "data": {"timestamp": 1763670543379, "change_id": 128138810085, "instrument_name": "BTC-21NOV25", "bids": [[86867.5, 7780.0], [86865.0, 27840.0], [86862.5, 5990.0], [86842.5, 1490.0], [86840.0, 5080.0], [86830.0, 16440.0], [86827.5, 50000.0], [86805.0, 650.0], [86800.0, 2180.0], [86787.5, 4790.0], [86785.0, 16040.0], [86730.0, 25510.0], [86722.5, 520.0], [86720.0, 14050.0], [86717.5, 65910.0], [86687.5, 29850.0], [86685.0, 100010.0], [86660.0, 4190.0], [86652.5, 50420.0], [86585.0, 500.0]], "asks": [[86875.0, 2090.0], [86877.5, 5000.0], [86880.0, 1980.0], [86885.0, 1790.0], [86887.5, 5990.0], [86897.5, 14930.0], [86900.0, 61270.0], [86902.5, 34760.0], [86905.0, 3000.0], [86935.0, 3000.0], [86937.5, 16170.0], [86957.5, 24700.0], [86960.0, 360.0], [86962.5, 4510.0], [86965.0, 3000.0], [87000.0, 45450.0], [87027.5, 25050.0], [87040.0, 90.0], [87060.0, 90.0], [87080.0, 90.0]]}}}
{"jsonrpc": "2.0", "method": "subscription", "params": {"channel": "book.BTC-21NOV25.none.20.100ms", "data": {"timestamp": 1763670543592, "change_id": 128138810440, "instrument_name": "BTC-21NOV25", "bids": [[86865.0, 27840.0], [86862.5, 5990.0], [86850.0, 1570.0], [86847.5, 5000.0], [86830.0, 16440.0], [86827.5, 50000.0], [86805.0, 650.0], [86800.0, 2180.0], [86787.5, 4790.0], [86785.0, 16040.0], [86730.0, 25510.0], [86722.5, 520.0], [86720.0, 14050.0], [86717.5, 65910.0], [86687.5, 29850.0], [86685.0, 100010.0], [86660.0, 4190.0], [86652.5, 50420.0], [86585.0, 500.0], [86582.5, 50000.0]], "asks": [[86875.0, 2090.0], [86877.5, 5000.0], [86880.0, 1980.0], [86885.0, 1790.0], [86887.5, 5990.0], [86897.5, 14930.0], [86900.0, 61270.0], [86902.5, 34760.0], [86905.0, 3000.0], [86935.0, 3000.0], [86937.5, 16170.0], [86957.5, 24700.0], [86960.0, 360.0], [86962.5, 4510.0], [86965.0, 3000.0], [87000.0, 45450.0], [87027.5, 25050.0], [87040.0, 90.0], [87060.0, 90.0], [87080.0, 90.0]]}}}
{"jsonrpc": "2.0", "method": "subscription", "params": {"channel": "book.BTC-21NOV25.none.20.100ms", "data": {"timestamp": 1763670544040, "change_id": 128138810978, "instrument_name": "BTC-21NOV25", "bids": [[86867.5, 7780.0], [86865.0, 27840.0], [86862.5, 5990.0], [86850.0, 1570.0], [86847.5, 5000.0], [86830.0, 16440.0], [86827.5, 50000.0], [86805.0, 650.0], [86800.0, 2180.0], [86787.5, 4790.0], [86785.0, 16040.0], [86732.5, 7610.0], [86730.0, 25510.0], [86722.5, 520.0], [86720.0, 14050.0], [86717.5, 65910.0], [86687.5, 29850.0], [86685.0, 100010.0], [86660.0, 4190.0], [86652.5, 50420.0]], "asks": [[86875.0, 2090.0], [86877.5, 5000.0], [86880.0, 1980.0], [86885.0, 1790.0], [86887.5, 5990.0], [86897.5, 14930.0], [86900.0, 61270.0], [86902.5, 34760.0], [86905.0, 3000.0], [86935.0, 3000.0], [86937.5, 16170.0], [86957.5, 24700.0], [86960.0, 360.0], [86962.5, 4510.0], [86965.0, 3000.0], [87000.0, 45450.0], [87027.5, 25050.0], [87040.0, 90.0], [87060.0, 90.0], [87080.0, 90.0]]}}}
{"jsonrpc": "2.0", "method": "subscription", "params": {"channel": "book.BTC-21NOV25.none.20.100ms", "data": {"timestamp": 1763670544412, "change_id": 128138811868, "instrument_name": "BTC-21NOV25", "bids": [[86865.0, 26050.0], [86862.5, 5990.0], [86850.0, 1570.0], [86847.5, 5000.0], [86830.0, 16440.0], [86827.5, 50000.0], [86805.0, 650.0], [86800.0, 2180.0], [86787.5, 4790.0], [86785.0, 16040.0], [86732.5, 7610.0], [86730.0, 25510.0], [86722.5, 520.0], [86720.0, 14050.0], [86717.5, 65910.0], [86687.5, 29850.0], [86685.0, 100010.0], [86660.0, 4190.0], [86652.5, 50420.0], [86585.0, 500.0]], "asks": [[86875.0, 2090.0], [86877.5, 5000.0], [86880.0, 1980.0], [86885.0, 1790.0], [86887.5, 5990.0], [86897.5, 14930.0], [86900.0, 61270.0], [86902.5, 34760.0], [86905.0, 3000.0], [86935.0, 3000.0], [86937.5, 16170.0], [86957.5, 24700.0], [86960.0, 360.0], [86962.5, 4510.0], [86965.0, 3000.0], [87000.0, 45450.0], [87027.5, 25050.0], [87040.0, 90.0], [87060.0, 90.0], [87080.0, 90.0]]}}}
{"jsonrpc": "2.0", "method": "subscription", "params": {"channel": "book.BTC-21NOV25.none.20.100ms", "data": {"timestamp": 1763670544758, "change_id": 128138812981, "instrument_name": "BTC-21NOV25", "bids": [[86865.0, 26050.0], [86847.5, 1790.0], [86845.0, 5990.0], [86840.0, 1520.0], [86837.5, 5000.0], [86835.0, 80.0], [86830.0, 14930.0], [86827.5, 50000.0], [86805.0, 650.0], [86800.0, 2180.0], [86787.5, 4790.0], [86785.0, 16040.0], [86732.5, 7610.0], [86730.0, 25510.0], [86722.5, 520.0], [86720.0, 14050.0], [86717.5, 65910.0], [86687.5, 29850.0], [86685.0, 100010.0], [86660.0, 4190.0]], "asks": [[86870.0, 6790.0], [86872.5, 5990.0], [86875.0, 590.0], [86880.0, 1980.0], [86902.5, 34760.0], [86905.0, 3000.0], [86935.0, 53000.0], [86937.5, 16170.0], [86957.5, 24700.0], [86960.0, 1840.0], [86962.5, 4510.0], [86965.0, 3000.0], [86997.5, 3430.0], [87000.0, 45450.0], [87025.0, 1490.0], [87027.5, 25050.0], [87040.0, 90.0], [87060.0, 90.0], [87080.0, 90.0], [87100.0, 90.0]]}}}
{"jsonrpc": "2.0", "method": "subscription", "params": {"channel": "book.BTC-21NOV25.none.20.100ms", "data": {"timestamp": 1763670545092, "change_id": 128138813958, "instrument_name": "BTC-21NOV25", "bids": [[86867.5, 7200.0], [86865.0, 26050.0], [86855.0, 1790.0], [86852.5, 5990.0], [86840.0, 1520.0], [86837.5, 5000.0], [86835.0, 80.0], [86830.0, 14930.0], [86827.5, 50000.0], [86805.0, 650.0], [86800.0, 2180.0], [86787.5, 4790.0], [86785.0, 16040.0], [86722.5, 520.0], [86720.0, 14050.0], [86717.5, 65910.0], [86687.5, 29850.0], [86685.0, 100010.0], [86660.0, 4190.0], [86652.5, 50420.0]], "asks": [[86875.0, 590.0], [86880.0, 1980.0], [86890.0, 1490.0], [86892.5, 5000.0], [86905.0, 3000.0], [86935.0, 53000.0], [86957.5, 24700.0], [86960.0, 1840.0], [86962.5, 4510.0], [86965.0, 3000.0], [86997.5, 3430.0], [87000.0, 45450.0], [87025.0, 1490.0], [87027.5, 25050.0], [87040.0, 90.0], [87060.0, 90.0], [87080.0, 90.0], [87100.0, 90.0], [87102.5, 500.0], [87117.5, 51150.0]]}}}
{"jsonrpc": "2.0", "method": "subscription", "params": {"channel": "book.BTC-21NOV25.none.20.100ms", "data": {"timestamp": 1763670545421, "change_id": 128138818044, "instrument_name": "BTC-21NOV25", "bids": [[86877.5, 1790.0], [86875.0, 5990.0], [86867.5, 7780.0], [86865.0, 26050.0], [86855.0, 80.0], [86847.5, 1520.0], [86845.0, 5000.0], [86830.0, 14930.0], [86827.5, 50000.0], [86817.5, 13460.0], [86815.0, 45080.0], [86802.5, 650.0], [86800.0, 2180.0], [86787.5, 4790.0], [86785.0, 16040.0], [86720.0, 1730.0], [86717.5, 24630.0], [86685.0, 100010.0], [86660.0, 4190.0], [86652.5, 50420.0]], "asks": [[86895.0, 300.0], [86897.5, 990.0], [86902.5, 2780.0], [86905.0, 5990.0], [86927.5, 900.0], [86930.0, 3000.0], [86947.5, 15870.0], [86957.5, 24700.0], [86960.0, 3000.0], [86962.5, 4510.0], [86990.0, 3000.0], [86997.5, 50000.0], [87027.5, 25050.0], [87040.0, 90.0], [87060.0, 90.0], [87080.0, 90.0], [87100.0, 90.0], [87117.5, 92170.0], [87120.0, 90.0], [87125.0, 50000.0]]}}}
{"jsonrpc": "2.0", "method": "subscription", "params": {"channel": "book.BTC-21NOV25.none.20.100ms", "data": {"timestamp": 1763670545738, "change_id": 128138821471, "instrument_name": "BTC-21NOV25", "bids": [[86877.5, 1790.0], [86875.0, 5990.0], [86867.5, 7780.0], [86865.0, 27620.0], [86862.5, 5000.0], [86830.0, 14930.0], [86827.5, 50000.0], [86817.5, 13460.0], [86815.0, 45080.0], [86802.5, 650.0], [86800.0, 2180.0], [86787.5, 4790.0], [86785.0, 16040.0], [86722.5, 520.0], [86720.0, 1730.0], [86717.5, 24630.0], [86685.0, 100010.0], [86660.0, 4190.0], [86652.5, 50420.0], [86585.0, 500.0]], "asks": [[86887.5, 1490.0], [86890.0, 5000.0], [86895.0, 300.0], [86897.5, 990.0], [86902.5, 2780.0], [86905.0, 5990.0], [86917.5, 5730.0], [86920.0, 19200.0], [86927.5, 900.0], [86930.0, 3000.0], [86932.5, 14930.0], [86935.0, 50000.0], [86957.5, 24700.0], [86960.0, 3000.0], [86962.5, 20740.0], [86990.0, 3000.0], [87027.5, 25050.0], [87040.0, 90.0], [87060.0, 90.0], [87080.0, 90.0]]}}}
{"jsonrpc": "2.0", "method": "subscription", "params": {"channel": "book.BTC-21NOV25.none.20.100ms", "data": {"timestamp": 1763670546073, "change_id": 128138823245, "instrument_name": "BTC-21NOV25", "bids": [[86877.5, 1790.0], [86875.0, 5990.0], [86867.5, 7780.0], [86865.0, 27620.0], [86862.5, 5000.0], [86830.0, 14930.0], [86827.5, 50000.0], [86817.5, 13460.0], [86815.0, 45080.0], [86802.5, 650.0], [86800.0, 2180.0], [86787.5, 4790.0], [86785.0, 16040.0], [86722.5, 520.0], [86720.0, 1730.0], [86717.5, 24630.0], [86685.0, 100010.0], [86660.0, 4190.0], [86652.5, 50420.0], [86585.0, 500.0]], "asks": [[86887.5, 1490.0], [86890.0, 5000.0], [86895.0, 300.0], [86897.5, 990.0], [86902.5, 2780.0], [86905.0, 5990.0], [86927.5, 900.0], [86930.0, 17930.0], [86932.5, 50000.0], [86955.0, 4830.0], [86957.5, 24700.0], [86960.0, 3000.0], [86962.5, 20740.0], [86990.0, 3000.0], [87027.5, 25050.0], [87040.0, 90.0], [87060.0, 90.0], [87080.0, 90.0], [87100.0, 90.0], [87117.5, 92170.0]]}}}
{"jsonrpc": "2.0", "method": "subscription", "params": {"channel": "book.BTC-21NOV25.none.20.100ms", "data": {"timestamp": 1763670546382, "change_id": 128138824539, "instrument_name": "BTC-21NOV25", "bids": [[86882.5, 5990.0], [86867.5, 7780.0], [86865.0, 27620.0], [86862.5, 5000.0], [86852.5, 10370.0], [86850.0, 34740.0], [86830.0, 14930.0], [86827.5, 50000.0], [86817.5, 13460.0], [86815.0, 45080.0], [86802.5, 650.0], [86800.0, 2180.0], [86787.5, 4790.0], [86785.0, 16040.0], [86722.5, 520.0], [86720.0, 1730.0], [86717.5, 24630.0], [86685.0, 100010.0], [86660.0, 4190.0], [86652.5, 50420.0]], "asks": [[86887.5, 1490.0], [86890.0, 5000.0], [86895.0, 300.0], [86897.5, 990.0], [86900.0, 300.0], [86902.5, 990.0], [86927.5, 900.0], [86930.0, 3000.0], [86955.0, 19050.0], [86957.5, 74700.0], [86960.0, 4490.0], [86962.5, 20740.0], [86990.0, 3000.0], [87027.5, 25050.0], [87040.0, 90.0], [87060.0, 90.0], [87080.0, 90.0], [87100.0, 90.0], [87117.5, 92170.0], [87120.0, 90.0]]}}}
{"jsonrpc": "2.0", "method": "subscription", "params": {"channel": "book.BTC-21NOV25.none.20.100ms", "data": {"timestamp": 1763670546691, "change_id": 128138825328, "instrument_name": "BTC-21NOV25", "bids": [[86882.5, 5990.0], [86867.5, 7780.0], [86865.0, 27620.0], [86862.5, 5000.0], [86852.5, 10370.0], [86850.0, 34740.0], [86830.0, 14930.0], [86827.5, 50000.0], [86817.5, 13460.0], [86815.0, 45080.0], [86802.5, 650.0], [86800.0, 2180.0], [86787.5, 4790.0], [86785.0, 16040.0], [86727.5, 7610.0], [86725.0, 25510.0], [86722.5, 520.0], [86720.0, 1730.0], [86717.5, 24630.0], [86685.0, 100010.0]], "asks": [[86887.5, 1490.0], [86890.0, 5000.0], [86895.0, 300.0], [86897.5, 990.0], [86900.0, 2050.0], [86902.5, 990.0], [86905.0, 5990.0], [86927.5, 900.0], [86930.0, 3000.0], [86955.0, 19050.0], [86957.5, 74700.0], [86960.0, 4490.0], [86962.5, 20740.0], [86990.0, 3000.0], [87027.5, 25050.0], [87040.0, 90.0], [87060.0, 90.0], [87080.0, 90.0], [87100.0, 90.0], [87117.5, 92170.0]]}}}
{"jsonrpc": "2.0", "method": "subscription", "params": {"channel": "book.BTC-21NOV25.none.20.100ms", "data": {"timestamp": 1763670546948, "change_id": 128138825803, "instrument_name": "BTC-21NOV25", "bids": [[86882.5, 5990.0], [86872.5, 1490.0], [86870.0, 5000.0], [86867.5, 7780.0], [86865.0, 26130.0], [86852.5, 10370.0], [86850.0, 45110.0], [86847.5, 34730.0], [86830.0, 14930.0], [86827.5, 50000.0], [86817.5, 13460.0], [86815.0, 45080.0], [86802.5, 650.0], [86800.0, 2180.0], [86787.5, 4790.0], [86785.0, 16040.0], [86727.5, 7610.0], [86725.0, 25510.0], [86722.5, 520.0], [86720.0, 1730.0]], "asks": [[86887.5, 1490.0], [86890.0, 5000.0], [86895.0, 300.0], [86897.5, 990.0], [86900.0, 2050.0], [86902.5, 990.0], [86905.0, 5990.0], [86927.5, 900.0], [86930.0, 3000.0], [86955.0, 19050.0], [86957.5, 74700.0], [86960.0, 4490.0], [86962.5, 20740.0], [86990.0, 3000.0], [87027.5, 25050.0], [87040.0, 90.0], [87060.0, 90.0], [87080.0, 90.0], [87100.0, 90.0], [87117.5, 92170.0]]}}}
{"jsonrpc": "2.0", "method": "subscription", "params": {"channel": "book.BTC-21NOV25.none.20.100ms", "data": {"timestamp": 1763670547300, "change_id": 128138826684, "instrument_name": "BTC-21NOV25", "bids": [[86882.5, 5990.0], [86872.5, 1490.0], [86870.0, 5000.0], [86867.5, 7780.0], [86865.0, 26130.0], [86830.0, 14930.0], [86827.5, 50000.0], [86817.5, 13460.0], [86815.0, 45080.0], [86802.5, 650.0], [86800.0, 2180.0], [86787.5, 4790.0], [86785.0, 16040.0], [86727.5, 7610.0], [86725.0, 25510.0], [86722.5, 520.0], [86720.0, 1730.0], [86717.5, 24630.0], [86685.0, 100010.0], [86660.0, 4190.0]], "asks": [[86887.5, 1490.0], [86890.0, 5000.0], [86895.0, 300.0], [86897.5, 990.0], [86900.0, 2050.0], [86902.5, 990.0], [86905.0, 5990.0], [86927.5, 900.0], [86930.0, 3000.0], [86955.0, 19050.0], [86957.5, 74700.0], [86960.0, 4490.0], [86962.5, 20740.0], [86990.0, 3000.0], [87027.5, 25050.0], [87040.0, 90.0], [87060.0, 90.0], [87080.0, 90.0], [87100.0, 90.0], [87117.5, 92170.0]]}}}
{"jsonrpc": "2.0", "method": "subscription", "params": {"channel": "book.BTC-21NOV25.none.20.100ms", "data": {"timestamp": 1763670548664, "change_id": 128138830004, "instrument_name": "BTC-21NOV25", "bids": [[86882.5, 5990.0], [86867.5, 7780.0], [86865.0, 26130.0], [86855.0, 1490.0], [86852.5, 5000.0], [86830.0, 14930.0], [86827.5, 50000.0], [86817.5, 13460.0], [86815.0, 45080.0], [86802.5, 650.0], [86800.0, 2180.0], [86787.5, 4790.0], [86785.0, 16040.0], [86727.5, 7610.0], [86725.0, 25510.0], [86722.5, 520.0], [86720.0, 1730.0], [86717.5, 24630.0], [86685.0, 100010.0], [86660.0, 4190.0]], "asks": [[86887.5, 1490.0], [86890.0, 5000.0], [86895.0, 300.0], [86897.5, 990.0], [86900.0, 2050.0], [86902.5, 990.0], [86905.0, 5990.0], [86927.5, 900.0], [86930.0, 3000.0], [86955.0, 19050.0], [86957.5, 74700.0], [86960.0, 4490.0], [86962.5, 20740.0], [86990.0, 3000.0], [87027.5, 25050.0], [87040.0, 90.0], [87060.0, 90.0], [87080.0, 90.0], [87100.0, 90.0], [87117.5, 92170.0]]}}}
{"jsonrpc": "2.0", "method": "subscription", "params": {"channel": "book.BTC-21NOV25.none.20.100ms", "data": {"timestamp": 1763670548875, "change_id": 128138830505, "instrument_name": "BTC-21NOV25", "bids": [[86882.5, 5990.0], [86867.5, 7780.0], [86865.0, 26130.0], [86862.5, 1490.0], [86860.0, 5000.0], [86830.0, 14930.0], [86827.5, 50000.0], [86817.5, 13460.0], [86815.0, 45080.0], [86802.5, 650.0], [86800.0, 2180.0], [86787.5, 4790.0], [86785.0, 16040.0], [86727.5, 7610.0], [86725.0, 25510.0], [86722.5, 520.0], [86720.0, 1730.0], [86717.5, 24630.0], [86685.0, 100010.0], [86660.0, 4190.0]], "asks": [[86887.5, 1490.0], [86890.0, 5000.0], [86895.0, 300.0], [86897.5, 990.0], [86900.0, 2050.0], [86902.5, 990.0], [86905.0, 5990.0], [86927.5, 900.0], [86930.0, 3000.0], [86955.0, 19050.0], [86957.5, 74700.0], [86960.0, 4490.0], [86962.5, 20740.0], [86990.0, 3000.0], [87027.5, 25050.0], [87040.0, 90.0], [87060.0, 90.0], [87080.0, 90.0], [87100.0, 90.0], [87117.5, 92170.0]]}}}
{"jsonrpc": "2.0", "method": "subscription", "params": {"channel": "book.BTC-21NOV25.none.20.100ms", "data": {"timestamp": 1763670549379, "change_id": 128138831506, "instrument_name": "BTC-21NOV25", "bids": [[86882.5, 5990.0], [86867.5, 12780.0], [86865.0, 26130.0], [86830.0, 14930.0], [86827.5, 50000.0], [86817.5, 13460.0], [86815.0, 45080.0], [86802.5, 650.0], [86800.0, 2180.0], [86787.5, 4790.0], [86785.0, 16040.0], [86727.5, 7610.0], [86725.0, 25510.0], [86722.5, 520.0], [86720.0, 1730.0], [86717.5, 24630.0], [86685.0, 100010.0], [86660.0, 4190.0], [86652.5, 50420.0], [86585.0, 500.0]], "asks": [[86887.5, 1490.0], [86890.0, 5000.0], [86895.0, 300.0], [86897.5, 990.0], [86900.0, 2050.0], [86902.5, 6980.0], [86927.5, 900.0], [86930.0, 3000.0], [86955.0, 19050.0], [86957.5, 74700.0], [86960.0, 4490.0], [86962.5, 20740.0], [86990.0, 3000.0], [87027.5, 25050.0], [87040.0, 90.0], [87060.0, 90.0], [87080.0, 90.0], [87100.0, 90.0], [87117.5, 92170.0], [87120.0, 90.0]]}}}
{"jsonrpc": "2.0", "method": "subscription", "params": {"channel": "book.BTC-21NOV25.none.20.100ms", "data": {"timestamp": 1763670550708, "change_id": 128138834895, "instrument_name": "BTC-21NOV25", "bids": [[86865.0, 26050.0], [86862.5, 1790.0], [86860.0, 5990.0], [86845.0, 80.0], [86842.5, 1490.0], [86840.0, 5000.0], [86830.0, 14930.0], [86827.5, 50000.0], [86817.5, 13460.0], [86815.0, 45080.0], [86802.5, 650.0], [86800.0, 2180.0], [86787.5, 4790.0], [86785.0, 16040.0], [86735.0, 25510.0], [86722.5, 520.0], [86720.0, 1730.0], [86717.5, 24630.0], [86685.0, 100010.0], [86660.0, 4190.0]], "asks": [[86875.0, 3280.0], [86877.5, 5000.0], [86880.0, 5990.0], [86895.0, 300.0], [86897.5, 990.0], [86900.0, 300.0], [86902.5, 990.0], [86927.5, 900.0], [86930.0, 3000.0], [86955.0, 19050.0], [86957.5, 74700.0], [86960.0, 4490.0], [86962.5, 20740.0], [86990.0, 3000.0], [87027.5, 25050.0], [87040.0, 90.0], [87060.0, 90.0], [87080.0, 90.0], [87100.0, 90.0], [87117.5, 92170.0]]}}}
{"jsonrpc": "2.0", "method": "subscription", "params": {"channel": "book.BTC-21NOV25.none.20.100ms", "data": {"timestamp": 1763670551009, "change_id": 128138835664, "instrument_name": "BTC-21NOV25", "bids": [[86865.0, 26050.0], [86860.0, 5990.0], [86845.0, 80.0], [86842.5, 1490.0], [86840.0, 5000.0], [86830.0, 14930.0], [86827.5, 50000.0], [86817.5, 13460.0], [86815.0, 45080.0], [86802.5, 650.0], [86800.0, 2180.0], [86787.5, 4790.0], [86785.0, 16040.0], [86735.0, 25510.0], [86722.5, 520.0], [86720.0, 1730.0], [86717.5, 24630.0], [86685.0, 100010.0], [86660.0, 4190.0], [86652.5, 50420.0]], "asks": [[86870.0, 5000.0], [86875.0, 1790.0], [86880.0, 5990.0], [86895.0, 300.0], [86897.5, 990.0], [86900.0, 300.0], [86902.5, 990.0], [86927.5, 900.0], [86930.0, 3000.0], [86955.0, 19050.0], [86957.5, 74700.0], [86960.0, 4490.0], [86962.5, 20740.0], [86990.0, 3000.0], [87027.5, 25050.0], [87040.0, 90.0], [87060.0, 90.0], [87080.0, 90.0], [87100.0, 90.0], [87117.5, 92170.0]]}}}
{"jsonrpc": "2.0", "method": "subscription", "params": {"channel": "book.BTC-21NOV25.none.20.100ms", "data": {"timestamp": 1763670551313, "change_id": 128138837374, "instrument_name": "BTC-21NOV25", "bids": [[86865.0, 26050.0], [86855.0, 1790.0], [86852.5, 5990.0], [86845.0, 80.0], [86842.5, 1490.0], [86840.0, 5000.0], [86830.0, 14930.0], [86827.5, 50000.0], [86817.5, 13460.0], [86815.0, 45080.0], [86802.5, 650.0], [86800.0, 2180.0], [86787.5, 4790.0], [86785.0, 16040.0], [86735.0, 25510.0], [86722.5, 520.0], [86720.0, 1730.0], [86717.5, 24630.0], [86685.0, 100010.0], [86660.0, 4190.0]], "asks": [[86870.0, 5000.0], [86875.0, 1790.0], [86880.0, 5990.0], [86895.0, 300.0], [86897.5, 990.0], [86900.0, 300.0], [86902.5, 990.0], [86927.5, 900.0], [86930.0, 3000.0], [86955.0, 19050.0], [86957.5, 74700.0], [86960.0, 4490.0], [86962.5, 20740.0], [86990.0, 3000.0], [87027.5, 25050.0], [87040.0, 90.0], [87060.0, 90.0], [87080.0, 90.0], [87100.0, 90.0], [87117.5, 92170.0]]}}}
{"jsonrpc": "2.0", "method": "subscription", "params": {"channel": "book.BTC-21NOV25.none.20.100ms", "data": {"timestamp": 1763670551431, "change_id": 128138838062, "instrument_name": "BTC-21NOV25", "bids": [[86865.0, 26050.0], [86855.0, 1790.0], [86852.5, 5990.0], [86842.5, 1490.0], [86840.0, 5000.0], [86832.5, 80.0], [86830.0, 14930.0], [86827.5, 50000.0], [86817.5, 13460.0], [86815.0, 45080.0], [86802.5, 650.0], [86800.0, 2180.0], [86787.5, 4790.0], [86785.0, 16040.0], [86735.0, 25510.0], [86722.5, 520.0], [86720.0, 1730.0], [86717.5, 24630.0], [86685.0, 100010.0], [86660.0, 4190.0]], "asks": [[86870.0, 5000.0], [86875.0, 1790.0], [86880.0, 5990.0], [86895.0, 300.0], [86897.5, 990.0], [86900.0, 300.0], [86902.5, 990.0], [86927.5, 900.0], [86930.0, 3000.0], [86955.0, 19050.0], [86957.5, 74700.0], [86960.0, 4490.0], [86962.5, 20740.0], [86990.0, 3000.0], [87027.5, 25050.0], [87040.0, 90.0], [87060.0, 90.0], [87080.0, 90.0], [87100.0, 90.0], [87117.5, 92170.0]]}}}
{"jsonrpc": "2.0", "method": "subscription", "params": {"channel": "book.BTC-21NOV25.none.20.100ms", "data": {"timestamp": 1763670552043, "change_id": 128138839573, "instrument_name": "BTC-21NOV25", "bids": [[86865.0, 26050.0], [86852.5, 5990.0], [86832.5, 80.0], [86830.0, 14930.0], [86827.5, 50000.0], [86817.5, 13460.0], [86815.0, 45080.0], [86802.5, 650.0], [86800.0, 2180.0], [86787.5, 4790.0], [86785.0, 16040.0], [86725.0, 25510.0], [86722.5, 520.0], [86720.0, 1730.0], [86717.5, 24630.0], [86685.0, 100010.0], [86660.0, 4190.0], [86652.5, 50420.0], [86585.0, 500.0], [86582.5, 50000.0]], "asks": [[86870.0, 6790.0], [86872.5, 5990.0], [86895.0, 300.0], [86897.5, 990.0], [86900.0, 300.0], [86902.5, 990.0], [86927.5, 900.0], [86930.0, 3000.0], [86955.0, 19050.0], [86957.5, 74700.0], [86960.0, 5980.0], [86962.5, 20740.0], [86990.0, 3000.0], [87027.5, 25050.0], [87040.0, 90.0], [87060.0, 90.0], [87080.0, 90.0], [87100.0, 90.0], [87117.5, 92170.0], [87120.0, 90.0]]}}}
{"jsonrpc": "2.0", "method": "subscription", "params": {"channel": "book.BTC-21NOV25.none.20.100ms", "data": {"timestamp": 1763670552339, "change_id": 128138841252, "instrument_name": "BTC-21NOV25", "bids": [[86865.0, 26050.0], [86845.0, 1790.0], [86842.5, 5990.0], [86832.5, 80.0], [86830.0, 14930.0], [86827.5, 50000.0], [86825.0, 1490.0], [86822.5, 5000.0], [86817.5, 13460.0], [86815.0, 45080.0], [86802.5, 650.0], [86800.0, 2180.0], [86787.5, 4790.0], [86785.0, 16040.0], [86727.5, 7610.0], [86725.0, 25510.0], [86722.5, 520.0], [86720.0, 1730.0], [86717.5, 24630.0], [86685.0, 100010.0]], "asks": [[86870.0, 6790.0], [86872.5, 5990.0], [86895.0, 300.0], [86897.5, 990.0], [86900.0, 300.0], [86902.5, 990.0], [86915.0, 4780.0], [86917.5, 16020.0], [86927.5, 900.0], [86930.0, 3000.0], [86955.0, 19050.0], [86957.5, 74700.0], [86960.0, 4490.0], [86962.5, 4510.0], [86990.0, 3000.0], [87027.5, 25050.0], [87040.0, 90.0], [87060.0, 90.0], [87080.0, 90.0], [87100.0, 90.0]]}}}
{"jsonrpc": "2.0", "method": "subscription", "params": {"channel": "book.BTC-21NOV25.none.20.100ms", "data": {"timestamp": 1763670552539, "change_id": 128138841937, "instrument_name": "BTC-21NOV25", "bids": [[86865.0, 26050.0], [86845.0, 1790.0], [86842.5, 5990.0], [86832.5, 1570.0], [86830.0, 19930.0], [86827.5, 50000.0], [86817.5, 13460.0], [86815.0, 45080.0], [86802.5, 650.0], [86800.0, 2180.0], [86787.5, 4790.0], [86785.0, 16040.0], [86727.5, 7610.0], [86725.0, 25510.0], [86722.5, 520.0], [86720.0, 1730.0], [86717.5, 24630.0], [86685.0, 100010.0], [86660.0, 4190.0], [86652.5, 50420.0]], "asks": [[86870.0, 6790.0], [86872.5, 5990.0], [86887.5, 14930.0], [86890.0, 60370.0], [86892.5, 34750.0], [86895.0, 35050.0], [86897.5, 990.0], [86900.0, 300.0], [86902.5, 990.0], [86917.5, 16020.0], [86927.5, 900.0], [86930.0, 3000.0], [86957.5, 24700.0], [86960.0, 4490.0], [86962.5, 4510.0], [86990.0, 3000.0], [87027.5, 25050.0], [87040.0, 90.0], [87060.0, 90.0], [87080.0, 90.0]]}}}
{"jsonrpc": "2.0", "method": "subscription", "params": {"channel": "book.BTC-21NOV25.none.20.100ms", "data": {"timestamp": 1763670552934, "change_id": 128138842513, "instrument_name": "BTC-21NOV25", "bids": [[86865.0, 26050.0], [86845.0, 1790.0], [86842.5, 5990.0], [86832.5, 1570.0], [86830.0, 19930.0], [86827.5, 50000.0], [86817.5, 13460.0], [86815.0, 45080.0], [86802.5, 650.0], [86800.0, 2180.0], [86787.5, 4790.0], [86785.0, 16040.0], [86727.5, 7610.0], [86725.0, 25510.0], [86722.5, 520.0], [86720.0, 1730.0], [86717.5, 24630.0], [86685.0, 100010.0], [86660.0, 4190.0], [86652.5, 50420.0]], "asks": [[86870.0, 5000.0], [86887.5, 14930.0], [86890.0, 60370.0], [86892.5, 34750.0], [86895.0, 35050.0], [86897.5, 990.0], [86900.0, 300.0], [86902.5, 990.0], [86917.5, 16020.0], [86927.5, 900.0], [86930.0, 3000.0], [86957.5, 24700.0], [86960.0, 4490.0], [86962.5, 4510.0], [86990.0, 3000.0], [87027.5, 25050.0], [87040.0, 90.0], [87060.0, 90.0], [87080.0, 90.0], [87100.0, 90.0]]}}}
{"jsonrpc": "2.0", "method": "subscription", "params": {"channel": "book.BTC-21NOV25.none.20.100ms", "data": {"timestamp": 1763670553179, "change_id": 128138842950, "instrument_name": "BTC-21NOV25", "bids": [[86865.0, 26050.0], [86845.0, 1790.0], [86842.5, 5990.0], [86832.5, 1570.0], [86830.0, 19930.0], [86827.5, 50000.0], [86817.5, 13460.0], [86815.0, 45080.0], [86802.5, 650.0], [86800.0, 2180.0], [86787.5, 4790.0], [86785.0, 16040.0], [86727.5, 7610.0], [86725.0, 25510.0], [86722.5, 520.0], [86720.0, 1730.0], [86717.5, 24630.0], [86685.0, 100010.0], [86660.0, 4190.0], [86652.5, 50420.0]], "asks": [[86870.0, 10990.0], [86887.5, 14930.0], [86890.0, 60370.0], [86892.5, 34750.0], [86895.0, 35050.0], [86897.5, 990.0], [86900.0, 300.0], [86902.5, 990.0], [86917.5, 16020.0], [86927.5, 900.0], [86930.0, 3000.0], [86957.5, 24700.0], [86960.0, 4490.0], [86962.5, 4510.0], [86990.0, 3000.0], [87027.5, 25050.0], [87040.0, 90.0], [87060.0, 90.0], [87080.0, 90.0], [87100.0, 90.0]]}}}
{"jsonrpc": "2.0", "method": "subscription", "params": {"channel": "book.BTC-21NOV25.none.20.100ms", "data": {"timestamp": 1763670553563, "change_id": 128138843764, "instrument_name": "BTC-21NOV25", "bids": [[86865.0, 26050.0], [86845.0, 1790.0], [86842.5, 5990.0], [86832.5, 1570.0], [86830.0, 19930.0], [86827.5, 50000.0], [86817.5, 13460.0], [86815.0, 45080.0], [86802.5, 650.0], [86800.0, 2180.0], [86787.5, 4790.0], [86785.0, 16040.0], [86727.5, 7610.0], [86725.0, 25510.0], [86722.5, 520.0], [86720.0, 1730.0], [86717.5, 24630.0], [86685.0, 100010.0], [86660.0, 4190.0], [86652.5, 50420.0]], "asks": [[86870.0, 60990.0], [86887.5, 14930.0], [86890.0, 60370.0], [86892.5, 34750.0], [86895.0, 35050.0], [86897.5, 990.0], [86900.0, 3300.0], [86902.5, 990.0], [86917.5, 16020.0], [86927.5, 900.0], [86930.0, 3000.0], [86957.5, 24700.0], [86960.0, 4490.0], [86962.5, 4510.0], [87027.5, 25050.0], [87040.0, 90.0], [87060.0, 90.0], [87080.0, 90.0], [87100.0, 90.0], [87117.5, 92170.0]]}}}
{"jsonrpc": "2.0", "method": "subscription", "params": {"channel": "book.BTC-21NOV25.none.20.100ms", "data": {"timestamp": 1763670554296, "change_id": 128138844733, "instrument_name": "BTC-21NOV25", "bids": [[86865.0, 26050.0], [86832.5, 1570.0], [86830.0, 19930.0], [86827.5, 50000.0], [86817.5, 13460.0], [86815.0, 45080.0], [86802.5, 650.0], [86800.0, 2180.0], [86787.5, 4790.0], [86785.0, 16040.0], [86727.5, 7610.0], [86725.0, 25510.0], [86722.5, 520.0], [86720.0, 1730.0], [86717.5, 24630.0], [86685.0, 100010.0], [86660.0, 4190.0], [86652.5, 50420.0], [86585.0, 500.0], [86582.5, 50000.0]], "asks": [[86870.0, 60990.0], [86887.5, 14930.0], [86890.0, 60370.0], [86892.5, 34750.0], [86895.0, 35050.0], [86897.5, 990.0], [86900.0, 3300.0], [86902.5, 990.0], [86917.5, 16020.0], [86927.5, 900.0], [86930.0, 3000.0], [86957.5, 24700.0], [86960.0, 4490.0], [86962.5, 4510.0], [87027.5, 25050.0], [87040.0, 90.0], [87060.0, 90.0], [87080.0, 90.0], [87100.0, 90.0], [87117.5, 92170.0]]}}}
{"jsonrpc": "2.0", "method": "subscription", "params": {"channel": "book.BTC-21NOV25.none.20.100ms", "data": {"timestamp": 1763670554640, "change_id": 128138845852, "instrument_name": "BTC-21NOV25", "bids": [[86865.0, 26050.0], [86840.0, 1790.0], [86837.5, 5990.0], [86830.0, 14930.0], [86827.5, 50000.0], [86822.5, 1490.0], [86820.0, 5000.0], [86817.5, 13540.0], [86815.0, 45080.0], [86802.5, 650.0], [86800.0, 2180.0], [86787.5, 4790.0], [86785.0, 16040.0], [86722.5, 520.0], [86720.0, 1730.0], [86717.5, 50140.0], [86685.0, 100010.0], [86660.0, 4190.0], [86652.5, 50420.0], [86585.0, 500.0]], "asks": [[86870.0, 60990.0], [86887.5, 14930.0], [86890.0, 60370.0], [86892.5, 34750.0], [86895.0, 35050.0], [86897.5, 990.0], [86900.0, 3300.0], [86902.5, 990.0], [86917.5, 16020.0], [86927.5, 900.0], [86930.0, 3000.0], [86957.5, 24700.0], [86960.0, 4490.0], [86962.5, 4510.0], [87027.5, 25050.0], [87040.0, 90.0], [87060.0, 90.0], [87080.0, 90.0], [87100.0, 90.0], [87117.5, 92170.0]]}}}
{"jsonrpc": "2.0", "method": "subscription", "params": {"channel": "book.BTC-21NOV25.none.20.100ms", "data": {"timestamp": 1763670554916, "change_id": 128138846453, "instrument_name": "BTC-21NOV25", "bids": [[86865.0, 26050.0], [86840.0, 1790.0], [86837.5, 5990.0], [86830.0, 14930.0], [86827.5, 55000.0], [86817.5, 13540.0], [86815.0, 45080.0], [86802.5, 650.0], [86800.0, 2180.0], [86787.5, 4790.0], [86785.0, 16040.0], [86722.5, 520.0], [86720.0, 1730.0], [86717.5, 50140.0], [86685.0, 100010.0], [86660.0, 4190.0], [86652.5, 50420.0], [86585.0, 500.0], [86582.5, 50000.0], [86575.0, 2430.0]], "asks": [[86870.0, 60990.0], [86887.5, 14930.0], [86890.0, 60370.0], [86892.5, 34750.0], [86895.0, 35050.0], [86897.5, 990.0], [86900.0, 3300.0], [86902.5, 990.0], [86917.5, 16020.0], [86927.5, 900.0], [86930.0, 3000.0], [86957.5, 24700.0], [86960.0, 4490.0], [86962.5, 4510.0], [87027.5, 25050.0], [87040.0, 90.0], [87060.0, 90.0], [87080.0, 90.0], [87100.0, 90.0], [87117.5, 92170.0]]}}}
{"jsonrpc": "2.0", "method": "subscription", "params": {"channel": "book.BTC-21NOV25.none.20.100ms", "data": {"timestamp": 1763670555330, "change_id": 128138847206, "instrument_name": "BTC-21NOV25", "bids": [[86865.0, 26050.0], [86840.0, 1790.0], [86837.5, 5990.0], [86830.0, 14930.0], [86827.5, 55000.0], [86817.5, 13540.0], [86815.0, 45080.0], [86802.5, 650.0], [86800.0, 2180.0], [86787.5, 4790.0], [86785.0, 16040.0], [86722.5, 520.0], [86720.0, 1730.0], [86717.5, 50140.0], [86685.0, 100010.0], [86660.0, 4190.0], [86652.5, 50420.0], [86585.0, 500.0], [86582.5, 50000.0], [86575.0, 2430.0]], "asks": [[86870.0, 55000.0], [86887.5, 14930.0], [86890.0, 60370.0], [86892.5, 34750.0], [86895.0, 35050.0], [86897.5, 990.0], [86900.0, 3300.0], [86902.5, 990.0], [86917.5, 16020.0], [86927.5, 900.0], [86930.0, 3000.0], [86957.5, 24700.0], [86960.0, 4490.0], [86962.5, 4510.0], [87027.5, 25050.0], [87040.0, 90.0], [87060.0, 90.0], [87080.0, 90.0], [87100.0, 90.0], [87117.5, 92170.0]]}}}
{"jsonrpc": "2.0", "method": "subscription", "params": {"channel": "book.BTC-21NOV25.none.20.100ms", "data": {"timestamp": 1763670555676, "change_id": 128138847859, "instrument_name": "BTC-21NOV25", "bids": [[86865.0, 26050.0], [86830.0, 14930.0], [86827.5, 55000.0], [86817.5, 13540.0], [86815.0, 45080.0], [86802.5, 650.0], [86800.0, 2180.0], [86787.5, 4790.0], [86785.0, 16040.0], [86722.5, 520.0], [86720.0, 1730.0], [86717.5, 50140.0], [86685.0, 100010.0], [86660.0, 4190.0], [86652.5, 50420.0], [86585.0, 500.0], [86582.5, 50000.0], [86575.0, 2430.0], [86532.5, 9750.0], [86515.0, 51320.0]], "asks": [[86867.5, 55990.0], [86870.0, 5000.0], [86887.5, 14930.0], [86890.0, 60370.0], [86892.5, 34750.0], [86895.0, 35050.0], [86897.5, 990.0], [86900.0, 3300.0], [86902.5, 990.0], [86917.5, 16020.0], [86927.5, 900.0], [86930.0, 3000.0], [86957.5, 24700.0], [86960.0, 4490.0], [86962.5, 4510.0], [87027.5, 25050.0], [87040.0, 90.0], [87060.0, 90.0], [87080.0, 90.0], [87100.0, 90.0]]}}}
{"jsonrpc": "2.0", "method": "subscription", "params": {"channel": "book.BTC-21NOV25.none.20.100ms", "data": {"timestamp": 1763670555932, "change_id": 128138848276, "instrument_name": "BTC-21NOV25", "bids": [[86865.0, 26050.0], [86842.5, 5990.0], [86830.0, 14930.0], [86827.5, 55000.0], [86817.5, 13540.0], [86815.0, 45080.0], [86802.5, 650.0], [86800.0, 2180.0], [86787.5, 4790.0], [86785.0, 16040.0], [86722.5, 520.0], [86720.0, 1730.0], [86717.5, 50140.0], [86685.0, 100010.0], [86660.0, 4190.0], [86652.5, 50420.0], [86585.0, 500.0], [86582.5, 50000.0], [86575.0, 2430.0], [86532.5, 9750.0]], "asks": [[86867.5, 55990.0], [86870.0, 5000.0], [86887.5, 14930.0], [86890.0, 60370.0], [86892.5, 34750.0], [86895.0, 35050.0], [86897.5, 990.0], [86900.0, 3300.0], [86902.5, 990.0], [86917.5, 16020.0], [86927.5, 900.0], [86930.0, 3000.0], [86957.5, 24700.0], [86960.0, 4490.0], [86962.5, 4510.0], [87027.5, 25050.0], [87040.0, 90.0], [87060.0, 90.0], [87080.0, 90.0], [87100.0, 90.0]]}}}
{"jsonrpc": "2.0", "method": "subscription", "params": {"channel": "book.BTC-21NOV25.none.20.100ms", "data": {"timestamp": 1763670556750, "change_id": 128138849546, "instrument_name": "BTC-21NOV25", "bids": [[86865.0, 26050.0], [86842.5, 5990.0], [86830.0, 14930.0], [86827.5, 55000.0], [86817.5, 13540.0], [86815.0, 45080.0], [86802.5, 650.0], [86800.0, 2180.0], [86767.5, 4700.0], [86765.0, 15750.0], [86722.5, 520.0], [86720.0, 1730.0], [86717.5, 50140.0], [86685.0, 100010.0], [86660.0, 4190.0], [86652.5, 50420.0], [86585.0, 500.0], [86582.5, 50000.0], [86575.0, 2430.0], [86532.5, 9750.0]], "asks": [[86867.5, 55990.0], [86870.0, 5000.0], [86887.5, 14930.0], [86890.0, 60370.0], [86892.5, 34750.0], [86895.0, 35050.0], [86897.5, 990.0], [86900.0, 3300.0], [86902.5, 990.0], [86917.5, 16020.0], [86927.5, 900.0], [86930.0, 3000.0], [86957.5, 24700.0], [86960.0, 4490.0], [86962.5, 4510.0], [87027.5, 25050.0], [87040.0, 90.0], [87060.0, 90.0], [87080.0, 90.0], [87100.0, 90.0]]}}}
{"jsonrpc": "2.0", "method": "subscription", "params": {"channel": "book.BTC-21NOV25.none.20.100ms", "data": {"timestamp": 1763670557034, "change_id": 128138850017, "instrument_name": "BTC-21NOV25", "bids": [[86865.0, 26050.0], [86842.5, 5990.0], [86830.0, 14930.0], [86827.5, 55000.0], [86817.5, 13540.0], [86815.0, 45080.0], [86802.5, 650.0], [86800.0, 2180.0], [86767.5, 4700.0], [86765.0, 15750.0], [86722.5, 520.0], [86720.0, 1730.0], [86717.5, 50140.0], [86685.0, 100010.0], [86660.0, 4190.0], [86652.5, 50420.0], [86585.0, 500.0], [86582.5, 50000.0], [86575.0, 2430.0], [86532.5, 9750.0]], "asks": [[86867.5, 55990.0], [86870.0, 5000.0], [86887.5, 14930.0], [86890.0, 60370.0], [86892.5, 34750.0], [86895.0, 35050.0], [86897.5, 990.0], [86900.0, 3300.0], [86902.5, 990.0], [86917.5, 16020.0], [86927.5, 900.0], [86930.0, 3000.0], [86957.5, 24700.0], [86960.0, 4490.0], [86962.5, 4510.0], [87027.5, 25050.0], [87040.0, 90.0], [87060.0, 90.0], [87080.0, 90.0], [87100.0, 90.0]]}}}
{"jsonrpc": "2.0", "method": "subscription", "params": {"channel": "book.BTC-21NOV25.none.20.100ms", "data": {"timestamp": 1763670558661, "change_id": 128138853452, "instrument_name": "BTC-21NOV25", "bids": [[86835.0, 5990.0], [86830.0, 14930.0], [86827.5, 50000.0], [86817.5, 13540.0], [86815.0, 45080.0], [86802.5, 650.0], [86800.0, 2180.0], [86767.5, 4700.0], [86765.0, 15750.0], [86722.5, 8060.0], [86720.0, 27240.0], [86717.5, 24630.0], [86687.5, 29850.0], [86685.0, 100010.0], [86660.0, 4190.0], [86652.5, 50420.0], [86585.0, 500.0], [86582.5, 50000.0], [86575.0, 2430.0], [86532.5, 9750.0]], "asks": [[86865.0, 3180.0], [86867.5, 7970.0], [86870.0, 5000.0], [86887.5, 3180.0], [86890.0, 50000.0], [86892.5, 34750.0], [86895.0, 35050.0], [86900.0, 3300.0], [86917.5, 16020.0], [86927.5, 900.0], [86930.0, 3000.0], [86957.5, 24700.0], [86960.0, 4490.0], [86962.5, 4510.0], [87027.5, 25050.0], [87040.0, 90.0], [87060.0, 90.0], [87080.0, 90.0], [87100.0, 90.0], [87117.5, 92170.0]]}}}
{"jsonrpc": "2.0", "method": "subscription", "params": {"channel": "book.BTC-21NOV25.none.20.100ms", "data": {"timestamp": 1763670558976, "change_id": 128138855875, "instrument_name": "BTC-21NOV25", "bids": [[86827.5, 50000.0], [86822.5, 5990.0], [86817.5, 13460.0], [86815.0, 45080.0], [86805.0, 80.0], [86800.0, 2180.0], [86735.0, 4950.0], [86732.5, 16570.0], [86720.0, 1730.0], [86695.0, 7610.0], [86692.5, 25510.0], [86687.5, 29850.0], [86685.0, 124640.0], [86660.0, 4190.0], [86652.5, 50420.0], [86585.0, 500.0], [86582.5, 50000.0], [86575.0, 2430.0], [86532.5, 9750.0], [86515.0, 51320.0]], "asks": [[86835.0, 600.0], [86837.5, 2000.0], [86840.0, 3090.0], [86842.5, 5000.0], [86845.0, 5990.0], [86865.0, 590.0], [86867.5, 1980.0], [86887.5, 3180.0], [86890.0, 50000.0], [86892.5, 34750.0], [86895.0, 300.0], [86900.0, 3300.0], [86917.5, 16020.0], [86925.0, 24700.0], [86930.0, 3000.0], [86960.0, 3000.0], [86962.5, 4510.0], [87027.5, 25050.0], [87040.0, 90.0], [87060.0, 90.0]]}}}
{"jsonrpc": "2.0", "method": "subscription", "params": {"channel": "book.BTC-21NOV25.none.20.100ms", "data": {"timestamp": 1763670559326, "change_id": 128138857237, "instrument_name": "BTC-21NOV25", "bids": [[86830.0, 14930.0], [86827.5, 50000.0], [86817.5, 13460.0], [86815.0, 45080.0], [86812.5, 1490.0], [86810.0, 5000.0], [86805.0, 80.0], [86802.5, 650.0], [86800.0, 2180.0], [86735.0, 4950.0], [86732.5, 16570.0], [86722.5, 520.0], [86720.0, 1730.0], [86695.0, 7610.0], [86692.5, 25510.0], [86687.5, 29850.0], [86685.0, 124640.0], [86660.0, 4190.0], [86652.5, 50420.0], [86585.0, 500.0]], "asks": [[86840.0, 1490.0], [86842.5, 5000.0], [86850.0, 1690.0], [86852.5, 5990.0], [86860.0, 600.0], [86862.5, 2000.0], [86865.0, 590.0], [86867.5, 1980.0], [86887.5, 3180.0], [86890.0, 50000.0], [86895.0, 300.0], [86900.0, 3300.0], [86917.5, 16020.0], [86925.0, 24700.0], [86930.0, 3000.0], [86960.0, 3000.0], [86962.5, 4510.0], [87027.5, 25050.0], [87040.0, 90.0], [87060.0, 90.0]]}}}
{"jsonrpc": "2.0", "method": "subscription", "params": {"channel": "book.BTC-21NOV25.none.20.100ms", "data": {"timestamp": 1763670559392, "change_id": 128138857576, "instrument_name": "BTC-21NOV25", "bids": [[86832.5, 1790.0], [86830.0, 20920.0], [86827.5, 50000.0], [86817.5, 13460.0], [86815.0, 45080.0], [86812.5, 1490.0], [86810.0, 5000.0], [86805.0, 80.0], [86802.5, 650.0], [86800.0, 2180.0], [86735.0, 4950.0], [86732.5, 16570.0], [86722.5, 520.0], [86720.0, 1730.0], [86695.0, 7610.0], [86692.5, 25510.0], [86687.5, 29850.0], [86685.0, 124640.0], [86660.0, 4190.0], [86652.5, 50420.0]], "asks": [[86840.0, 1490.0], [86842.5, 5000.0], [86850.0, 1690.0], [86852.5, 5990.0], [86860.0, 600.0], [86862.5, 2000.0], [86865.0, 590.0], [86867.5, 1980.0], [86887.5, 3180.0], [86890.0, 50000.0], [86895.0, 300.0], [86900.0, 3300.0], [86917.5, 16020.0], [86925.0, 24700.0], [86930.0, 3000.0], [86960.0, 3000.0], [86962.5, 4510.0], [87027.5, 25050.0], [87040.0, 90.0], [87060.0, 90.0]]}}}
{"jsonrpc": "2.0", "method": "subscription", "params": {"channel": "book.BTC-21NOV25.none.20.100ms", "data": {"timestamp": 1763670559831, "change_id": 128138859542, "instrument_name": "BTC-21NOV25", "bids": [[86830.0, 14930.0], [86827.5, 50000.0], [86825.0, 1790.0], [86822.5, 5990.0], [86817.5, 18460.0], [86815.0, 45080.0], [86805.0, 80.0], [86802.5, 650.0], [86800.0, 2180.0], [86735.0, 4950.0], [86732.5, 16570.0], [86722.5, 520.0], [86720.0, 1730.0], [86695.0, 7610.0], [86692.5, 25510.0], [86687.5, 29850.0], [86685.0, 124640.0], [86660.0, 4190.0], [86652.5, 50420.0], [86585.0, 500.0]], "asks": [[86840.0, 3090.0], [86842.5, 5000.0], [86845.0, 5990.0], [86860.0, 600.0], [86862.5, 2000.0], [86865.0, 590.0], [86867.5, 1980.0], [86895.0, 300.0], [86897.5, 50000.0], [86900.0, 3300.0], [86917.5, 16020.0], [86925.0, 24700.0], [86930.0, 3000.0], [86960.0, 3000.0], [86962.5, 4510.0], [87027.5, 25050.0], [87040.0, 90.0], [87060.0, 90.0], [87080.0, 90.0], [87090.0, 500.0]]}}}
{"jsonrpc": "2.0", "method": "subscription", "params": {"channel": "book.BTC-21NOV25.none.20.100ms", "data": {"timestamp": 1763670560143, "change_id": 128138860137, "instrument_name": "BTC-21NOV25", "bids": [[86830.0, 14930.0], [86827.5, 50000.0], [86825.0, 1790.0], [86822.5, 5990.0], [86817.5, 18460.0], [86815.0, 45080.0], [86805.0, 80.0], [86802.5, 650.0], [86800.0, 2180.0], [86735.0, 4950.0], [86732.5, 16570.0], [86722.5, 520.0], [86720.0, 1730.0], [86695.0, 7610.0], [86692.5, 25510.0], [86687.5, 29850.0], [86685.0, 124640.0], [86660.0, 4190.0], [86652.5, 50420.0], [86585.0, 500.0]], "asks": [[86840.0, 3090.0], [86842.5, 5000.0], [86845.0, 5990.0], [86857.5, 2000.0], [86860.0, 600.0], [86862.5, 2000.0], [86865.0, 590.0], [86867.5, 1980.0], [86895.0, 300.0], [86900.0, 3300.0], [86902.5, 50000.0], [86917.5, 16020.0], [86925.0, 24700.0], [86930.0, 3000.0], [86960.0, 3000.0], [86962.5, 4510.0], [87027.5, 25050.0], [87040.0, 90.0], [87060.0, 90.0], [87080.0, 90.0]]}}}
{"jsonrpc": "2.0", "method": "subscription", "params": {"channel": "book.BTC-21NOV25.none.20.100ms", "data": {"timestamp": 1763670560364, "change_id": 128138860615, "instrument_name": "BTC-21NOV25", "bids": [[86830.0, 14930.0], [86827.5, 50000.0], [86825.0, 1790.0], [86822.5, 5990.0], [86817.5, 18460.0], [86815.0, 45080.0], [86805.0, 80.0], [86802.5, 650.0], [86800.0, 2180.0], [86735.0, 4950.0], [86732.5, 16570.0], [86722.5, 520.0], [86720.0, 1730.0], [86695.0, 7610.0], [86692.5, 25510.0], [86687.5, 29850.0], [86685.0, 124640.0], [86660.0, 4190.0], [86652.5, 50420.0], [86585.0, 500.0]], "asks": [[86837.5, 50000.0], [86840.0, 3090.0], [86842.5, 5000.0], [86845.0, 5990.0], [86850.0, 50000.0], [86857.5, 2000.0], [86860.0, 600.0], [86862.5, 2000.0], [86865.0, 590.0], [86867.5, 1980.0], [86895.0, 300.0], [86900.0, 3300.0], [86917.5, 16020.0], [86925.0, 24700.0], [86930.0, 3000.0], [86960.0, 3000.0], [86962.5, 4510.0], [87027.5, 25050.0], [87040.0, 90.0], [87060.0, 90.0]]}}}
{"jsonrpc": "2.0", "method": "subscription", "params": {"channel": "book.BTC-21NOV25.none.20.100ms", "data": {"timestamp": 1763670560968, "change_id": 128138861670, "instrument_name": "BTC-21NOV25", "bids": [[86830.0, 14930.0], [86827.5, 50000.0], [86825.0, 1790.0], [86822.5, 5990.0], [86817.5, 18460.0], [86815.0, 45080.0], [86805.0, 80.0], [86802.5, 650.0], [86800.0, 2180.0], [86735.0, 4950.0], [86732.5, 16570.0], [86722.5, 520.0], [86720.0, 1730.0], [86695.0, 7610.0], [86692.5, 25510.0], [86687.5, 29850.0], [86685.0, 124640.0], [86660.0, 4190.0], [86652.5, 50420.0], [86585.0, 500.0]], "asks": [[86835.0, 50000.0], [86840.0, 3090.0], [86842.5, 5000.0], [86845.0, 5990.0], [86850.0, 50000.0], [86857.5, 2000.0], [86860.0, 600.0], [86862.5, 2000.0], [86865.0, 590.0], [86867.5, 1980.0], [86895.0, 300.0], [86900.0, 3300.0], [86917.5, 16020.0], [86925.0, 24700.0], [86930.0, 3000.0], [86960.0, 3000.0], [86962.5, 4510.0], [87027.5, 25050.0], [87040.0, 90.0], [87060.0, 90.0]]}}}
{"jsonrpc": "2.0", "method": "subscription", "params": {"channel": "book.BTC-21NOV25.none.20.100ms", "data": {"timestamp": 1763670561132, "change_id": 128138862086, "instrument_name": "BTC-21NOV25", "bids": [[86830.0, 14930.0], [86827.5, 50000.0], [86825.0, 1790.0], [86822.5, 5990.0], [86817.5, 18460.0], [86815.0, 45080.0], [86805.0, 11090.0], [86802.5, 34720.0], [86800.0, 2180.0], [86735.0, 4950.0], [86732.5, 16570.0], [86722.5, 520.0], [86720.0, 1730.0], [86695.0, 7610.0], [86692.5, 25510.0], [86687.5, 29850.0], [86685.0, 124640.0], [86660.0, 4190.0], [86652.5, 50420.0], [86585.0, 500.0]], "asks": [[86835.0, 50000.0], [86840.0, 3090.0], [86842.5, 5000.0], [86845.0, 5990.0], [86847.5, 2000.0], [86850.0, 50000.0], [86857.5, 2000.0], [86860.0, 600.0], [86862.5, 2000.0], [86865.0, 590.0], [86867.5, 1980.0], [86895.0, 300.0], [86900.0, 3300.0], [86917.5, 16020.0], [86925.0, 24700.0], [86930.0, 3000.0], [86960.0, 3000.0], [86962.5, 4510.0], [87027.5, 25050.0], [87040.0, 90.0]]}}}
{"jsonrpc": "2.0", "method": "subscription", "params": {"channel": "book.BTC-21NOV25.none.20.100ms", "data": {"timestamp": 1763670562311, "change_id": 128138863878, "instrument_name": "BTC-21NOV25", "bids": [[86830.0, 14930.0], [86827.5, 50000.0], [86825.0, 1790.0], [86822.5, 5990.0], [86817.5, 18460.0], [86815.0, 45080.0], [86805.0, 11090.0], [86802.5, 34720.0], [86800.0, 2180.0], [86735.0, 4950.0], [86732.5, 16570.0], [86722.5, 520.0], [86720.0, 1730.0], [86697.5, 25510.0], [86687.5, 29850.0], [86685.0, 124640.0], [86660.0, 4190.0], [86652.5, 50420.0], [86585.0, 500.0], [86582.5, 50000.0]], "asks": [[86835.0, 50000.0], [86840.0, 3090.0], [86842.5, 5000.0], [86845.0, 5990.0], [86847.5, 2000.0], [86850.0, 50000.0], [86857.5, 2000.0], [86860.0, 600.0], [86862.5, 2000.0], [86865.0, 590.0], [86867.5, 1980.0], [86895.0, 300.0], [86900.0, 3300.0], [86917.5, 16020.0], [86925.0, 24700.0], [86930.0, 3000.0], [86960.0, 3000.0], [86962.5, 4510.0], [87027.5, 25050.0], [87040.0, 90.0]]}}}
{"jsonrpc": "2.0", "method": "subscription", "params": {"channel": "book.BTC-21NOV25.none.20.100ms", "data": {"timestamp": 1763670562641, "change_id": 128138866314, "instrument_name": "BTC-21NOV25", "bids": [[86847.5, 5990.0], [86830.0, 14930.0], [86827.5, 50000.0], [86825.0, 80.0], [86817.5, 18480.0], [86815.0, 45080.0], [86802.5, 34720.0], [86800.0, 2180.0], [86720.0, 1730.0], [86700.0, 7610.0], [86685.0, 124640.0], [86660.0, 4190.0], [86652.5, 50420.0], [86585.0, 500.0], [86582.5, 50000.0], [86575.0, 2430.0], [86532.5, 9750.0], [86515.0, 51320.0], [86462.5, 39000.0], [86420.0, 50000.0]], "asks": [[86850.0, 12330.0], [86867.5, 1980.0], [86900.0, 3000.0], [86917.5, 3000.0], [86922.5, 50000.0], [86925.0, 24700.0], [86947.5, 19300.0], [86960.0, 1350.0], [86962.5, 4510.0], [87025.0, 740.0], [87027.5, 25050.0], [87040.0, 90.0], [87060.0, 90.0], [87080.0, 90.0], [87090.0, 500.0], [87100.0, 90.0], [87117.5, 92170.0], [87120.0, 90.0], [87125.0, 99210.0], [87127.5, 12180.0]]}}}
{"jsonrpc": "2.0", "method": "subscription", "params": {"channel": "book.BTC-21NOV25.none.20.100ms", "data": {"timestamp": 1763670562969, "change_id": 128138869327, "instrument_name": "BTC-21NOV25", "bids": [[86877.5, 5990.0], [86855.0, 80.0], [86830.0, 14930.0], [86827.5, 50000.0], [86817.5, 5000.0], [86815.0, 45080.0], [86800.0, 2180.0], [86777.5, 16480.0], [86720.0, 1730.0], [86685.0, 100010.0], [86660.0, 4190.0], [86585.0, 500.0], [86582.5, 50000.0], [86575.0, 2430.0], [86532.5, 9750.0], [86515.0, 51320.0], [86462.5, 39000.0], [86420.0, 50000.0], [86295.0, 156020.0], [86292.5, 300000.0]], "asks": [[86890.0, 300.0], [86892.5, 990.0], [86897.5, 990.0], [86905.0, 5990.0], [86937.5, 3000.0], [86947.5, 16330.0], [86962.5, 4510.0], [86967.5, 3000.0], [86997.5, 3000.0], [87020.0, 50000.0], [87040.0, 90.0], [87060.0, 90.0], [87080.0, 90.0], [87100.0, 90.0], [87102.5, 25050.0], [87117.5, 92170.0], [87120.0, 90.0], [87125.0, 99210.0], [87127.5, 12180.0], [87140.0, 90.0]]}}}
{"jsonrpc": "2.0", "method": "subscription", "params": {"channel": "book.BTC-21NOV25.none.20.100ms", "data": {"timestamp": 1763670563295, "change_id": 128138872379, "instrument_name": "BTC-21NOV25", "bids": [[86887.5, 5990.0], [86865.0, 80.0], [86857.5, 5000.0], [86827.5, 50000.0], [86815.0, 45080.0], [86800.0, 2180.0], [86777.5, 16480.0], [86722.5, 520.0], [86720.0, 1730.0], [86685.0, 100010.0], [86660.0, 4190.0], [86585.0, 500.0], [86582.5, 50000.0], [86575.0, 2430.0], [86532.5, 9750.0], [86515.0, 51320.0], [86462.5, 39000.0], [86420.0, 50000.0], [86350.0, 300000.0], [86295.0, 156020.0]], "asks": [[86905.0, 990.0], [86907.5, 1790.0], [86910.0, 6980.0], [86947.5, 900.0], [86950.0, 3000.0], [86962.5, 4510.0], [86980.0, 3000.0], [87010.0, 3000.0], [87040.0, 90.0], [87042.5, 50000.0], [87060.0, 90.0], [87080.0, 90.0], [87100.0, 90.0], [87102.5, 25050.0], [87117.5, 41020.0], [87120.0, 90.0], [87125.0, 50000.0], [87127.5, 12180.0], [87140.0, 90.0], [87152.5, 500.0]]}}}
{"jsonrpc": "2.0", "method": "subscription", "params": {"channel": "book.BTC-21NOV25.none.20.100ms", "data": {"timestamp": 1763670563619, "change_id": 128138874809, "instrument_name": "BTC-21NOV25", "bids": [[86875.0, 5080.0], [86827.5, 50000.0], [86815.0, 45080.0], [86800.0, 2180.0], [86777.5, 16480.0], [86720.0, 1730.0], [86685.0, 100010.0], [86660.0, 4190.0], [86640.0, 500.0], [86582.5, 50000.0], [86575.0, 2430.0], [86532.5, 9750.0], [86515.0, 51320.0], [86462.5, 39000.0], [86420.0, 50000.0], [86350.0, 300000.0], [86295.0, 156020.0], [86225.0, 73650.0], [86210.0, 50000.0], [86132.5, 300000.0]], "asks": [[86915.0, 990.0], [86920.0, 990.0], [86962.5, 7500.0], [86975.0, 15910.0], [86992.5, 2990.0], [87022.5, 2990.0], [87040.0, 90.0], [87060.0, 90.0], [87062.5, 50000.0], [87080.0, 90.0], [87100.0, 90.0], [87102.5, 25050.0], [87117.5, 41020.0], [87120.0, 90.0], [87125.0, 50000.0], [87127.5, 2430.0], [87140.0, 90.0], [87152.5, 500.0], [87160.0, 90.0], [87180.0, 90.0]]}}}
{"jsonrpc": "2.0", "method": "subscription", "params": {"channel": "book.BTC-21NOV25.none.20.100ms", "data": {"timestamp": 1763670563979, "change_id": 128138877395, "instrument_name": "BTC-21NOV25", "bids": [[86907.5, 5990.0], [86885.0, 1570.0], [86882.5, 5000.0], [86875.0, 13460.0], [86872.5, 45090.0], [86827.5, 50000.0], [86802.5, 650.0], [86800.0, 2180.0], [86777.5, 16480.0], [86720.0, 1730.0], [86685.0, 100010.0], [86660.0, 4190.0], [86640.0, 500.0], [86635.0, 50000.0], [86575.0, 2430.0], [86545.0, 24630.0], [86532.5, 9750.0], [86525.0, 50420.0], [86515.0, 51320.0], [86462.5, 39000.0]], "asks": [[86915.0, 990.0], [86920.0, 990.0], [86930.0, 1790.0], [86932.5, 5990.0], [86962.5, 4510.0], [86972.5, 900.0], [86975.0, 3000.0], [87002.5, 5700.0], [87005.0, 19470.0], [87032.5, 900.0], [87035.0, 3000.0], [87040.0, 90.0], [87060.0, 90.0], [87080.0, 90.0], [87082.5, 50000.0], [87097.5, 24700.0], [87100.0, 90.0], [87117.5, 41020.0], [87120.0, 90.0], [87127.5, 2430.0]]}}}
{"jsonrpc": "2.0", "method": "subscription", "params": {"channel": "book.BTC-21NOV25.none.20.100ms", "data": {"timestamp": 1763670564300, "change_id": 128138879233, "instrument_name": "BTC-21NOV25", "bids": [[86907.5, 5990.0], [86885.0, 1570.0], [86882.5, 5000.0], [86827.5, 50000.0], [86802.5, 650.0], [86800.0, 2180.0], [86780.0, 4920.0], [86777.5, 16480.0], [86757.5, 41370.0], [86720.0, 1730.0], [86685.0, 100010.0], [86660.0, 4190.0], [86640.0, 500.0], [86635.0, 50000.0], [86575.0, 2430.0], [86545.0, 24630.0], [86532.5, 9750.0], [86525.0, 50420.0], [86515.0, 51320.0], [86462.5, 39000.0]], "asks": [[86915.0, 990.0], [86920.0, 990.0], [86962.5, 4510.0], [86982.5, 3000.0], [87005.0, 16780.0], [87010.0, 900.0], [87012.5, 3000.0], [87040.0, 90.0], [87042.5, 3000.0], [87060.0, 90.0], [87080.0, 90.0], [87082.5, 50000.0], [87095.0, 4210.0], [87097.5, 24700.0], [87100.0, 90.0], [87117.5, 41020.0], [87120.0, 90.0], [87140.0, 90.0], [87152.5, 500.0], [87160.0, 90.0]]}}}
{"jsonrpc": "2.0", "method": "subscription", "params": {"channel": "book.BTC-21NOV25.none.20.100ms", "data": {"timestamp": 1763670564639, "change_id": 128138882402, "instrument_name": "BTC-21NOV25", "bids": [[86895.0, 80.0], [86882.5, 5000.0], [86827.5, 50000.0], [86800.0, 2180.0], [86777.5, 16480.0], [86760.0, 12350.0], [86757.5, 41370.0], [86722.5, 520.0], [86720.0, 1730.0], [86685.0, 100010.0], [86660.0, 4190.0], [86640.0, 500.0], [86635.0, 50000.0], [86575.0, 2430.0], [86545.0, 24630.0], [86532.5, 9750.0], [86525.0, 50420.0], [86515.0, 51320.0], [86462.5, 39000.0], [86420.0, 50000.0]], "asks": [[86912.5, 590.0], [86915.0, 990.0], [86920.0, 990.0], [86930.0, 1790.0], [86932.5, 5990.0], [86942.5, 1790.0], [86960.0, 1350.0], [86962.5, 4510.0], [86982.5, 3000.0], [87002.5, 5010.0], [87005.0, 16780.0], [87012.5, 3000.0], [87040.0, 990.0], [87042.5, 3000.0], [87060.0, 90.0], [87080.0, 90.0], [87082.5, 50000.0], [87097.5, 24700.0], [87100.0, 90.0], [87117.5, 41020.0]]}}}
{"jsonrpc": "2.0", "method": "subscription", "params": {"channel": "book.BTC-21NOV25.none.20.100ms", "data": {"timestamp": 1763670564962, "change_id": 128138883944, "instrument_name": "BTC-21NOV25", "bids": [[86910.0, 5990.0], [86885.0, 1490.0], [86875.0, 13460.0], [86830.0, 14930.0], [86827.5, 50000.0], [86802.5, 650.0], [86800.0, 2180.0], [86777.5, 16480.0], [86757.5, 41370.0], [86722.5, 520.0], [86720.0, 1730.0], [86685.0, 100010.0], [86660.0, 4190.0], [86640.0, 500.0], [86637.5, 25510.0], [86635.0, 50000.0], [86575.0, 2430.0], [86545.0, 24630.0], [86532.5, 9750.0], [86525.0, 50420.0]], "asks": [[86912.5, 1480.0], [86915.0, 5990.0], [86917.5, 300.0], [86920.0, 2480.0], [86925.0, 5990.0], [86960.0, 1350.0], [86962.5, 4510.0], [86982.5, 3000.0], [87005.0, 16780.0], [87010.0, 900.0], [87012.5, 3000.0], [87040.0, 90.0], [87042.5, 3000.0], [87060.0, 90.0], [87080.0, 90.0], [87082.5, 50000.0], [87097.5, 24700.0], [87100.0, 90.0], [87117.5, 41020.0], [87120.0, 90.0]]}}}
{"jsonrpc": "2.0", "method": "subscription", "params": {"channel": "book.BTC-21NOV25.none.20.100ms", "data": {"timestamp": 1763670565294, "change_id": 128138884993, "instrument_name": "BTC-21NOV25", "bids": [[86902.5, 5990.0], [86875.0, 13460.0], [86830.0, 14930.0], [86827.5, 50000.0], [86802.5, 650.0], [86800.0, 2180.0], [86780.0, 4920.0], [86777.5, 16480.0], [86757.5, 41370.0], [86722.5, 520.0], [86720.0, 1730.0], [86685.0, 100010.0], [86660.0, 4190.0], [86640.0, 500.0], [86635.0, 50000.0], [86575.0, 2430.0], [86545.0, 24630.0], [86532.5, 9750.0], [86525.0, 50420.0], [86515.0, 51320.0]], "asks": [[86905.0, 1190.0], [86907.5, 2600.0], [86910.0, 4390.0], [86912.5, 3480.0], [86915.0, 5990.0], [86917.5, 300.0], [86920.0, 2480.0], [86922.5, 2000.0], [86925.0, 5990.0], [86960.0, 1350.0], [86962.5, 4510.0], [86982.5, 3000.0], [87002.5, 5010.0], [87005.0, 16780.0], [87010.0, 900.0], [87012.5, 3000.0], [87040.0, 990.0], [87042.5, 3000.0], [87060.0, 90.0], [87080.0, 90.0]]}}}
{"jsonrpc": "2.0", "method": "subscription", "params": {"channel": "book.BTC-21NOV25.none.20.100ms", "data": {"timestamp": 1763670565568, "change_id": 128138885817, "instrument_name": "BTC-21NOV25", "bids": [[86902.5, 5990.0], [86875.0, 13460.0], [86830.0, 14930.0], [86827.5, 50000.0], [86802.5, 650.0], [86800.0, 2180.0], [86780.0, 4920.0], [86777.5, 16480.0], [86757.5, 41370.0], [86722.5, 520.0], [86720.0, 1730.0], [86685.0, 100010.0], [86660.0, 4190.0], [86640.0, 500.0], [86635.0, 50000.0], [86575.0, 2430.0], [86545.0, 24630.0], [86532.5, 9750.0], [86525.0, 50420.0], [86515.0, 51320.0]], "asks": [[86905.0, 1190.0], [86907.5, 2000.0], [86910.0, 4390.0], [86912.5, 2890.0], [86915.0, 5990.0], [86917.5, 300.0], [86920.0, 990.0], [86922.5, 2000.0], [86925.0, 5990.0], [86960.0, 1350.0], [86962.5, 4510.0], [86982.5, 3000.0], [87002.5, 5010.0], [87005.0, 16780.0], [87010.0, 900.0], [87012.5, 3000.0], [87040.0, 990.0], [87042.5, 3000.0], [87060.0, 90.0], [87080.0, 90.0]]}}}
{"jsonrpc": "2.0", "method": "subscription", "params": {"channel": "book.BTC-21NOV25.none.20.100ms", "data": {"timestamp": 1763670565960, "change_id": 128138887324, "instrument_name": "BTC-21NOV25", "bids": [[86890.0, 5990.0], [86827.5, 50000.0], [86802.5, 650.0], [86800.0, 2180.0], [86780.0, 4920.0], [86777.5, 16480.0], [86760.0, 12350.0], [86757.5, 41370.0], [86720.0, 1730.0], [86687.5, 29850.0], [86685.0, 100010.0], [86660.0, 4190.0], [86640.0, 500.0], [86635.0, 50000.0], [86577.5, 25510.0], [86575.0, 2430.0], [86545.0, 24630.0], [86532.5, 9750.0], [86525.0, 50420.0], [86515.0, 51320.0]], "asks": [[86905.0, 2380.0], [86907.5, 2000.0], [86910.0, 4390.0], [86912.5, 2000.0], [86915.0, 5990.0], [86917.5, 300.0], [86920.0, 3980.0], [86922.5, 2000.0], [86950.0, 900.0], [86952.5, 3000.0], [86962.5, 4510.0], [86982.5, 3000.0], [87005.0, 16780.0], [87010.0, 900.0], [87012.5, 3000.0], [87040.0, 90.0], [87060.0, 90.0], [87080.0, 12520.0], [87082.5, 50000.0], [87097.5, 24700.0]]}}}
{"jsonrpc": "2.0", "method": "subscription", "params": {"channel": "book.BTC-21NOV25.none.20.100ms", "data": {"timestamp": 1763670566291, "change_id": 128138889213, "instrument_name": "BTC-21NOV25", "bids": [[86885.0, 5990.0], [86870.0, 80.0], [86827.5, 50000.0], [86800.0, 2180.0], [86777.5, 16480.0], [86757.5, 41370.0], [86720.0, 1730.0], [86685.0, 100010.0], [86660.0, 4190.0], [86640.0, 500.0], [86635.0, 50000.0], [86577.5, 25510.0], [86575.0, 2430.0], [86545.0, 24630.0], [86532.5, 9750.0], [86525.0, 50420.0], [86515.0, 51320.0], [86462.5, 39000.0], [86420.0, 50000.0], [86350.0, 300000.0]], "asks": [[86897.5, 2000.0], [86900.0, 5000.0], [86905.0, 2000.0], [86907.5, 7990.0], [86912.5, 2000.0], [86915.0, 990.0], [86920.0, 51590.0], [86952.5, 3000.0], [86962.5, 4510.0], [86982.5, 3000.0], [87005.0, 16780.0], [87012.5, 3000.0], [87040.0, 90.0], [87060.0, 90.0], [87080.0, 90.0], [87082.5, 50000.0], [87097.5, 24700.0], [87100.0, 90.0], [87117.5, 41020.0], [87120.0, 90.0]]}}}
{"jsonrpc": "2.0", "method": "subscription", "params": {"channel": "book.BTC-21NOV25.none.20.100ms", "data": {"timestamp": 1763670566486, "change_id": 128138890839, "instrument_name": "BTC-21NOV25", "bids": [[86892.5, 5990.0], [86870.0, 80.0], [86827.5, 50000.0], [86800.0, 2180.0], [86777.5, 16480.0], [86760.0, 12350.0], [86757.5, 41370.0], [86720.0, 1730.0], [86685.0, 100010.0], [86660.0, 4190.0], [86640.0, 500.0], [86635.0, 50000.0], [86577.5, 25510.0], [86575.0, 2430.0], [86545.0, 24630.0], [86532.5, 9750.0], [86525.0, 50420.0], [86515.0, 51320.0], [86462.5, 39000.0], [86420.0, 50000.0]], "asks": [[86895.0, 2000.0], [86897.5, 2000.0], [86900.0, 5000.0], [86905.0, 2600.0], [86907.5, 2000.0], [86910.0, 890.0], [86912.5, 2000.0], [86915.0, 990.0], [86917.5, 50000.0], [86920.0, 50990.0], [86952.5, 3000.0], [86962.5, 4510.0], [86982.5, 3000.0], [87005.0, 16780.0], [87012.5, 3000.0], [87040.0, 90.0], [87060.0, 90.0], [87080.0, 90.0], [87097.5, 24700.0], [87100.0, 90.0]]}}}
{"jsonrpc": "2.0", "method": "subscription", "params": {"channel": "book.BTC-21NOV25.none.20.100ms", "data": {"timestamp": 1763670566831, "change_id": 128138891581, "instrument_name": "BTC-21NOV25", "bids": [[86892.5, 5990.0], [86870.0, 80.0], [86865.0, 1490.0], [86862.5, 5000.0], [86830.0, 14930.0], [86827.5, 50000.0], [86802.5, 650.0], [86800.0, 2180.0], [86780.0, 4920.0], [86777.5, 16480.0], [86760.0, 12350.0], [86757.5, 41370.0], [86722.5, 520.0], [86720.0, 1730.0], [86687.5, 29850.0], [86685.0, 100010.0], [86660.0, 4190.0], [86640.0, 500.0], [86635.0, 50000.0], [86577.5, 25510.0]], "asks": [[86895.0, 2000.0], [86897.5, 4090.0], [86900.0, 5000.0], [86905.0, 2600.0], [86907.5, 2000.0], [86910.0, 2570.0], [86912.5, 2000.0], [86915.0, 29370.0], [86917.5, 50000.0], [86920.0, 50990.0], [86952.5, 3000.0], [86962.5, 4510.0], [86982.5, 3000.0], [87005.0, 16780.0], [87012.5, 3000.0], [87040.0, 90.0], [87060.0, 90.0], [87080.0, 90.0], [87097.5, 24700.0], [87100.0, 90.0]]}}}
{"jsonrpc": "2.0", "method": "subscription", "params": {"channel": "book.BTC-21NOV25.none.20.100ms", "data": {"timestamp": 1763670567083, "change_id": 128138891961, "instrument_name": "BTC-21NOV25", "bids": [[86892.5, 5990.0], [86872.5, 1520.0], [86870.0, 5080.0], [86830.0, 14930.0], [86827.5, 50000.0], [86802.5, 650.0], [86800.0, 2180.0], [86780.0, 4920.0], [86777.5, 16480.0], [86760.0, 12350.0], [86757.5, 41370.0], [86722.5, 520.0], [86720.0, 1730.0], [86687.5, 29850.0], [86685.0, 100010.0], [86660.0, 4190.0], [86640.0, 500.0], [86635.0, 50000.0], [86577.5, 25510.0], [86575.0, 2430.0]], "asks": [[86895.0, 2000.0], [86897.5, 3490.0], [86900.0, 5000.0], [86902.5, 2000.0], [86905.0, 600.0], [86907.5, 2000.0], [86910.0, 2570.0], [86912.5, 2000.0], [86915.0, 29370.0], [86920.0, 100990.0], [86952.5, 3000.0], [86962.5, 4510.0], [86982.5, 3000.0], [87005.0, 16780.0], [87012.5, 3000.0], [87040.0, 90.0], [87060.0, 90.0], [87080.0, 90.0], [87097.5, 24700.0], [87100.0, 90.0]]}}}
{"jsonrpc": "2.0", "method": "subscription", "params": {"channel": "book.BTC-21NOV25.none.20.100ms", "data": {"timestamp": 1763670567949, "change_id": 128138895083, "instrument_name": "BTC-21NOV25", "bids": [[86882.5, 5990.0], [86857.5, 80.0], [86830.0, 14930.0], [86827.5, 50000.0], [86802.5, 650.0], [86800.0, 2180.0], [86780.0, 4920.0], [86777.5, 16480.0], [86760.0, 12350.0], [86757.5, 41370.0], [86722.5, 520.0], [86720.0, 1730.0], [86687.5, 29850.0], [86685.0, 100010.0], [86660.0, 4190.0], [86640.0, 500.0], [86635.0, 50000.0], [86577.5, 25510.0], [86575.0, 2430.0], [86545.0, 24630.0]], "asks": [[86887.5, 4530.0], [86890.0, 2000.0], [86892.5, 5000.0], [86895.0, 2600.0], [86897.5, 2000.0], [86900.0, 600.0], [86902.5, 2000.0], [86905.0, 2310.0], [86907.5, 7990.0], [86910.0, 300.0], [86915.0, 16210.0], [86917.5, 50000.0], [86920.0, 990.0], [86950.0, 900.0], [86952.5, 3000.0], [86960.0, 1350.0], [86962.5, 4510.0], [86980.0, 900.0], [86982.5, 3000.0], [87002.5, 1260.0]]}}}
{"jsonrpc": "2.0", "method": "subscription", "params": {"channel": "book.BTC-21NOV25.none.20.100ms", "data": {"timestamp": 1763670568286, "change_id": 128138896895, "instrument_name": "BTC-21NOV25", "bids": [[86880.0, 5990.0], [86867.5, 1490.0], [86865.0, 5000.0], [86857.5, 80.0], [86830.0, 14930.0], [86827.5, 50000.0], [86802.5, 650.0], [86800.0, 2180.0], [86780.0, 4920.0], [86777.5, 16480.0], [86760.0, 12350.0], [86757.5, 41370.0], [86722.5, 520.0], [86720.0, 1730.0], [86687.5, 29850.0], [86685.0, 100010.0], [86660.0, 4190.0], [86640.0, 500.0], [86635.0, 50000.0], [86577.5, 25510.0]], "asks": [[86885.0, 3120.0], [86887.5, 2000.0], [86890.0, 4090.0], [86892.5, 7000.0], [86895.0, 600.0], [86897.5, 2000.0], [86900.0, 600.0], [86902.5, 2000.0], [86905.0, 2310.0], [86907.5, 7990.0], [86910.0, 15180.0], [86912.5, 50000.0], [86915.0, 990.0], [86917.5, 300.0], [86920.0, 990.0], [86950.0, 900.0], [86952.5, 3000.0], [86960.0, 1350.0], [86962.5, 4510.0], [86980.0, 900.0]]}}}
{"jsonrpc": "2.0", "method": "subscription", "params": {"channel": "book.BTC-21NOV25.none.20.100ms", "data": {"timestamp": 1763670568943, "change_id": 128138898746, "instrument_name": "BTC-21NOV25", "bids": [[86880.0, 5990.0], [86875.0, 1490.0], [86872.5, 5000.0], [86857.5, 80.0], [86830.0, 14930.0], [86827.5, 50000.0], [86802.5, 650.0], [86800.0, 2180.0], [86780.0, 4920.0], [86777.5, 16480.0], [86760.0, 12350.0], [86757.5, 41370.0], [86722.5, 520.0], [86720.0, 1730.0], [86687.5, 29850.0], [86685.0, 100010.0], [86660.0, 4190.0], [86640.0, 500.0], [86635.0, 50000.0], [86577.5, 25510.0]], "asks": [[86885.0, 1120.0], [86887.5, 2000.0], [86890.0, 4090.0], [86892.5, 7000.0], [86895.0, 600.0], [86897.5, 2000.0], [86900.0, 600.0], [86902.5, 2000.0], [86905.0, 2310.0], [86907.5, 7990.0], [86910.0, 15180.0], [86912.5, 50000.0], [86915.0, 990.0], [86917.5, 300.0], [86920.0, 990.0], [86950.0, 900.0], [86952.5, 3000.0], [86960.0, 1350.0], [86962.5, 4510.0], [86980.0, 900.0]]}}}
