{"jsonrpc": "2.0", "method": "subscription", "params": {"channel": "book.BTC-13FEB26.none.20.100ms", "data": {"timestamp": 1770030498174, "change_id": 138052731821, "instrument_name": "BTC-13FEB26", "bids": [[77742.5, 80.0], [77735.0, 1500.0], [77730.0, 450.0], [77727.5, 1500.0], [77725.0, 10.0], [77717.5, 1360.0], [77715.0, 4990.0], [77710.0, 1500.0], [77707.5, 33370.0], [77705.0, 100000.0], [77647.5, 4770.0], [77645.0, 15990.0], [77642.5, 1360.0], [77640.0, 4540.0], [77637.5, 1470.0], [77635.0, 4920.0], [77600.0, 16130.0], [77595.0, 45310.0], [77582.5, 14690.0], [77527.5, 10.0]], "asks": [[77745.0, 4540.0], [77747.5, 2400.0], [77750.0, 1500.0], [77752.5, 1500.0], [77755.0, 450.0], [77757.5, 1500.0], [77760.0, 10.0], [77762.5, 20.0], [77770.0, 450.0], [77772.5, 1500.0], [77777.5, 20.0], [77805.0, 4760.0], [77807.5, 15950.0], [77815.0, 20.0], [77820.0, 10.0], [77832.5, 1330.0], [77835.0, 18050.0], [77837.5, 45540.0], [77850.0, 1510.0], [77852.5, 5040.0]]}}}
{"jsonrpc": "2.0", "method": "subscription", "params": {"channel": "book.BTC-6FEB26.none.20.100ms", "data": {"timestamp": 1770030498197, "change_id": 138052732136, "instrument_name": "BTC-6FEB26", "bids": [[77672.5, 1400.0], [77667.5, 1400.0], [77665.0, 16690.0], [77662.5, 1400.0], [77660.0, 58390.0], [77657.5, 3000.0], [77650.0, 1360.0], [77647.5, 4540.0], [77590.0, 5940.0], [77587.5, 19900.0], [77580.0, 4710.0], [77577.5, 15780.0], [77555.0, 40.0], [77542.5, 1350.0], [77540.0, 4540.0], [77535.0, 19540.0], [77460.0, 39600.0], [77440.0, 50500.0], [77417.5, 26660.0], [77360.0, 39950.0]], "asks": [[77675.0, 4540.0], [77677.5, 420.0], [77680.0, 1400.0], [77682.5, 10.0], [77687.5, 420.0], [77690.0, 1850.0], [77692.5, 1500.0], [77710.0, 13590.0], [77712.5, 45540.0], [77737.5, 4770.0], [77740.0, 15980.0], [77767.5, 1330.0], [77770.0, 4460.0], [77802.5, 5850.0], [77805.0, 19590.0], [77807.5, 6090.0], [77810.0, 20410.0], [77852.5, 40560.0], [77895.0, 40710.0], [77900.0, 500.0]]}}}
{"jsonrpc": "2.0", "method": "subscription", "params": {"channel": "book.BTC-13FEB26.none.20.100ms", "data": {"timestamp": 1770030498523, "change_id": 138052733764, "instrument_name": "BTC-13FEB26", "bids": [[77742.5, 80.0], [77737.5, 450.0], [77735.0, 1500.0], [77730.0, 450.0], [77727.5, 1500.0], [77725.0, 10.0], [77717.5, 1360.0], [77715.0, 4990.0], [77710.0, 1500.0], [77707.5, 33370.0], [77705.0, 100000.0], [77647.5, 4770.0], [77645.0, 15990.0], [77642.5, 1360.0], [77640.0, 4540.0], [77637.5, 1470.0], [77635.0, 4920.0], [77600.0, 16130.0], [77595.0, 45310.0], [77582.5, 14690.0]], "asks": [[77745.0, 4540.0], [77747.5, 2400.0], [77750.0, 1500.0], [77752.5, 1500.0], [77755.0, 450.0], [77757.5, 1500.0], [77760.0, 10.0], [77762.5, 20.0], [77770.0, 450.0], [77772.5, 1500.0], [77777.5, 20.0], [77805.0, 4760.0], [77807.5, 15950.0], [77815.0, 20.0], [77820.0, 10.0], [77832.5, 1330.0], [77835.0, 18050.0], [77837.5, 45540.0], [77850.0, 1510.0], [77852.5, 5040.0]]}}}
{"jsonrpc": "2.0", "method": "subscription", "params": {"channel": "book.BTC-6FEB26.none.20.100ms", "data": {"timestamp": 1770030498260, "change_id": 138052732617, "instrument_name": "BTC-6FEB26", "bids": [[77672.5, 1400.0], [77670.0, 840.0], [77667.5, 1400.0], [77665.0, 16690.0], [77662.5, 1400.0], [77660.0, 58390.0], [77657.5, 3000.0], [77650.0, 1360.0], [77647.5, 4540.0], [77590.0, 5940.0], [77587.5, 19900.0], [77580.0, 4710.0], [77577.5, 15780.0], [77555.0, 40.0], [77542.5, 1350.0], [77540.0, 4540.0], [77535.0, 19540.0], [77460.0, 39600.0], [77440.0, 50500.0], [77417.5, 26660.0]], "asks": [[77675.0, 4540.0], [77680.0, 10.0], [77687.5, 420.0], [77690.0, 1850.0], [77692.5, 1500.0], [77710.0, 13590.0], [77712.5, 45540.0], [77737.5, 4770.0], [77740.0, 15980.0], [77767.5, 1330.0], [77770.0, 4460.0], [77802.5, 5850.0], [77805.0, 19590.0], [77807.5, 6090.0], [77810.0, 20410.0], [77852.5, 40560.0], [77895.0, 40710.0], [77900.0, 500.0], [77902.5, 50000.0], [77990.0, 61580.0]]}}}
{"jsonrpc": "2.0", "method": "subscription", "params": {"channel": "book.BTC-13FEB26.none.20.100ms", "data": {"timestamp": 1770030498807, "change_id": 138052734076, "instrument_name": "BTC-13FEB26", "bids": [[77742.5, 1580.0], [77737.5, 450.0], [77735.0, 1500.0], [77730.0, 450.0], [77727.5, 1500.0], [77725.0, 1360.0], [77722.5, 4540.0], [77715.0, 450.0], [77710.0, 1500.0], [77707.5, 33370.0], [77705.0, 100000.0], [77647.5, 4770.0], [77645.0, 15990.0], [77642.5, 1360.0], [77640.0, 4540.0], [77637.5, 1470.0], [77635.0, 4920.0], [77600.0, 16130.0], [77595.0, 45310.0], [77582.5, 14690.0]], "asks": [[77745.0, 4540.0], [77747.5, 2400.0], [77750.0, 1500.0], [77752.5, 1500.0], [77755.0, 840.0], [77757.5, 3000.0], [77760.0, 10.0], [77762.5, 20.0], [77777.5, 20.0], [77805.0, 4760.0], [77807.5, 15950.0], [77815.0, 20.0], [77820.0, 10.0], [77832.5, 1330.0], [77835.0, 18050.0], [77837.5, 45540.0], [77850.0, 1510.0], [77852.5, 5040.0], [77855.0, 20.0], [77865.0, 4610.0]]}}}
{"jsonrpc": "2.0", "method": "subscription", "params": {"channel": "book.BTC-6FEB26.none.20.100ms", "data": {"timestamp": 1770030498789, "change_id": 138052734068, "instrument_name": "BTC-6FEB26", "bids": [[77672.5, 1400.0], [77670.0, 840.0], [77667.5, 1400.0], [77665.0, 18190.0], [77662.5, 1400.0], [77660.0, 58390.0], [77657.5, 3000.0], [77655.0, 4540.0], [77590.0, 5940.0], [77587.5, 19900.0], [77580.0, 4710.0], [77577.5, 15780.0], [77555.0, 40.0], [77542.5, 1350.0], [77540.0, 4540.0], [77535.0, 19540.0], [77460.0, 39600.0], [77440.0, 50500.0], [77417.5, 26660.0], [77395.0, 34840.0]], "asks": [[77675.0, 4540.0], [77677.5, 450.0], [77680.0, 1510.0], [77687.5, 420.0], [77690.0, 1400.0], [77710.0, 13590.0], [77712.5, 45540.0], [77737.5, 4770.0], [77740.0, 15980.0], [77767.5, 1330.0], [77770.0, 4460.0], [77802.5, 5850.0], [77805.0, 19590.0], [77807.5, 6090.0], [77810.0, 20410.0], [77852.5, 40560.0], [77895.0, 40710.0], [77900.0, 500.0], [77902.5, 50000.0], [77990.0, 61580.0]]}}}
{"jsonrpc": "2.0", "method": "subscription", "params": {"channel": "book.BTC-13FEB26.none.20.100ms", "data": {"timestamp": 1770030499058, "change_id": 138052734194, "instrument_name": "BTC-13FEB26", "bids": [[77742.5, 3080.0], [77730.0, 840.0], [77727.5, 1500.0], [77725.0, 2860.0], [77722.5, 4540.0], [77715.0, 450.0], [77710.0, 1500.0], [77707.5, 33370.0], [77705.0, 100000.0], [77647.5, 4770.0], [77645.0, 15990.0], [77642.5, 1360.0], [77640.0, 4540.0], [77637.5, 1470.0], [77635.0, 4920.0], [77600.0, 16130.0], [77595.0, 45310.0], [77582.5, 14690.0], [77527.5, 10.0], [77525.0, 30640.0]], "asks": [[77745.0, 6040.0], [77747.5, 2400.0], [77750.0, 1500.0], [77752.5, 1500.0], [77755.0, 1240.0], [77757.5, 3000.0], [77760.0, 1510.0], [77762.5, 20.0], [77777.5, 20.0], [77805.0, 4760.0], [77807.5, 15950.0], [77815.0, 20.0], [77820.0, 10.0], [77832.5, 1330.0], [77835.0, 18050.0], [77837.5, 45540.0], [77850.0, 1510.0], [77852.5, 5040.0], [77855.0, 20.0], [77865.0, 4610.0]]}}}
{"jsonrpc": "2.0", "method": "subscription", "params": {"channel": "book.BTC-6FEB26.none.20.100ms", "data": {"timestamp": 1770030499090, "change_id": 138052734298, "instrument_name": "BTC-6FEB26", "bids": [[77672.5, 1400.0], [77670.0, 840.0], [77667.5, 1400.0], [77665.0, 16790.0], [77662.5, 1400.0], [77660.0, 58390.0], [77657.5, 3000.0], [77655.0, 4540.0], [77590.0, 5940.0], [77587.5, 19900.0], [77580.0, 4710.0], [77577.5, 15780.0], [77555.0, 40.0], [77542.5, 1350.0], [77540.0, 4540.0], [77535.0, 19540.0], [77472.5, 8710.0], [77460.0, 39600.0], [77440.0, 50500.0], [77417.5, 26660.0]], "asks": [[77675.0, 4540.0], [77677.5, 810.0], [77680.0, 1510.0], [77685.0, 1400.0], [77710.0, 13590.0], [77712.5, 45540.0], [77737.5, 4770.0], [77740.0, 15980.0], [77767.5, 1330.0], [77770.0, 4460.0], [77802.5, 5850.0], [77805.0, 19590.0], [77807.5, 6090.0], [77810.0, 20410.0], [77852.5, 40560.0], [77895.0, 40710.0], [77900.0, 500.0], [77902.5, 50000.0], [77990.0, 61580.0], [78007.5, 40.0]]}}}
{"jsonrpc": "2.0", "method": "subscription", "params": {"channel": "book.BTC-13FEB26.none.20.100ms", "data": {"timestamp": 1770030499482, "change_id": 138052735753, "instrument_name": "BTC-13FEB26", "bids": [[77742.5, 80.0], [77727.5, 1500.0], [77725.0, 1500.0], [77717.5, 1360.0], [77715.0, 4990.0], [77710.0, 1500.0], [77707.5, 33370.0], [77705.0, 100000.0], [77647.5, 4770.0], [77645.0, 15990.0], [77642.5, 1360.0], [77640.0, 4540.0], [77637.5, 1470.0], [77635.0, 4920.0], [77600.0, 16130.0], [77595.0, 45310.0], [77582.5, 14690.0], [77527.5, 10.0], [77525.0, 30640.0], [77490.0, 34850.0]], "asks": [[77745.0, 6040.0], [77747.5, 2400.0], [77750.0, 1500.0], [77752.5, 1500.0], [77755.0, 2400.0], [77757.5, 1500.0], [77760.0, 1510.0], [77762.5, 20.0], [77777.5, 20.0], [77805.0, 4760.0], [77807.5, 15950.0], [77815.0, 20.0], [77820.0, 10.0], [77832.5, 1330.0], [77835.0, 18050.0], [77837.5, 45540.0], [77850.0, 1510.0], [77852.5, 5040.0], [77855.0, 20.0], [77865.0, 4610.0]]}}}
{"jsonrpc": "2.0", "method": "subscription", "params": {"channel": "book.BTC-6FEB26.none.20.100ms", "data": {"timestamp": 1770030499530, "change_id": 138052736028, "instrument_name": "BTC-6FEB26", "bids": [[77667.5, 1400.0], [77662.5, 1400.0], [77660.0, 58390.0], [77657.5, 3000.0], [77647.5, 1360.0], [77645.0, 4540.0], [77590.0, 5940.0], [77587.5, 19900.0], [77580.0, 4710.0], [77577.5, 15780.0], [77555.0, 40.0], [77542.5, 1350.0], [77540.0, 4530.0], [77535.0, 19540.0], [77472.5, 8710.0], [77460.0, 39600.0], [77440.0, 50500.0], [77417.5, 26670.0], [77395.0, 34840.0], [77360.0, 39950.0]], "asks": [[77672.5, 3210.0], [77675.0, 4540.0], [77677.5, 1510.0], [77682.5, 420.0], [77685.0, 1400.0], [77710.0, 13590.0], [77712.5, 45540.0], [77737.5, 4770.0], [77740.0, 15980.0], [77767.5, 1330.0], [77770.0, 4460.0], [77802.5, 5850.0], [77805.0, 19590.0], [77807.5, 6090.0], [77810.0, 20410.0], [77852.5, 40560.0], [77895.0, 40710.0], [77900.0, 500.0], [77902.5, 50000.0], [77990.0, 61580.0]]}}}
{"jsonrpc": "2.0", "method": "subscription", "params": {"channel": "book.BTC-13FEB26.none.20.100ms", "data": {"timestamp": 1770030499866, "change_id": 138052736483, "instrument_name": "BTC-13FEB26", "bids": [[77735.0, 1500.0], [77730.0, 80.0], [77727.5, 1500.0], [77725.0, 1500.0], [77717.5, 1360.0], [77715.0, 4990.0], [77710.0, 1500.0], [77707.5, 33370.0], [77705.0, 100000.0], [77647.5, 4770.0], [77645.0, 15990.0], [77642.5, 1360.0], [77640.0, 4540.0], [77637.5, 1470.0], [77635.0, 4920.0], [77612.5, 2600.0], [77610.0, 8710.0], [77600.0, 16130.0], [77595.0, 45310.0], [77582.5, 14690.0]], "asks": [[77740.0, 900.0], [77742.5, 1500.0], [77745.0, 1500.0], [77747.5, 2400.0], [77750.0, 3450.0], [77752.5, 1500.0], [77755.0, 21650.0], [77757.5, 1500.0], [77760.0, 76150.0], [77762.5, 20.0], [77777.5, 20.0], [77805.0, 4760.0], [77807.5, 15950.0], [77815.0, 20.0], [77820.0, 10.0], [77832.5, 1330.0], [77835.0, 18050.0], [77837.5, 45540.0], [77850.0, 1510.0], [77852.5, 5040.0]]}}}
{"jsonrpc": "2.0", "method": "subscription", "params": {"channel": "book.BTC-6FEB26.none.20.100ms", "data": {"timestamp": 1770030499859, "change_id": 138052736453, "instrument_name": "BTC-6FEB26", "bids": [[77667.5, 1400.0], [77662.5, 1400.0], [77660.0, 58390.0], [77657.5, 4500.0], [77647.5, 1360.0], [77645.0, 4540.0], [77590.0, 5940.0], [77587.5, 19900.0], [77580.0, 4710.0], [77577.5, 15780.0], [77555.0, 40.0], [77542.5, 1350.0], [77540.0, 4530.0], [77535.0, 19540.0], [77472.5, 8710.0], [77460.0, 39600.0], [77440.0, 50500.0], [77417.5, 26670.0], [77395.0, 34840.0], [77360.0, 39950.0]], "asks": [[77672.5, 4710.0], [77675.0, 4540.0], [77677.5, 10.0], [77682.5, 420.0], [77685.0, 1400.0], [77710.0, 13590.0], [77712.5, 45540.0], [77737.5, 4770.0], [77740.0, 15980.0], [77767.5, 1330.0], [77770.0, 4460.0], [77802.5, 5850.0], [77805.0, 19590.0], [77807.5, 6090.0], [77810.0, 20410.0], [77852.5, 40560.0], [77895.0, 40710.0], [77900.0, 500.0], [77902.5, 50000.0], [77990.0, 61580.0]]}}}
{"jsonrpc": "2.0", "method": "subscription", "params": {"channel": "book.BTC-13FEB26.none.20.100ms", "data": {"timestamp": 1770030500160, "change_id": 138052737105, "instrument_name": "BTC-13FEB26", "bids": [[77730.0, 3080.0], [77727.5, 1500.0], [77725.0, 1470.0], [77722.5, 50000.0], [77720.0, 450.0], [77717.5, 1500.0], [77715.0, 450.0], [77710.0, 1500.0], [77707.5, 70490.0], [77705.0, 50000.0], [77652.5, 1010.0], [77650.0, 3400.0], [77647.5, 4770.0], [77645.0, 15990.0], [77642.5, 1360.0], [77640.0, 4540.0], [77615.0, 4920.0], [77612.5, 2600.0], [77610.0, 8710.0], [77600.0, 16130.0]], "asks": [[77735.0, 2250.0], [77737.5, 6040.0], [77740.0, 2340.0], [77742.5, 1500.0], [77745.0, 1950.0], [77747.5, 1500.0], [77750.0, 450.0], [77752.5, 1500.0], [77755.0, 21650.0], [77757.5, 1500.0], [77760.0, 74650.0], [77762.5, 20.0], [77777.5, 20.0], [77805.0, 4760.0], [77807.5, 15950.0], [77815.0, 20.0], [77820.0, 10.0], [77832.5, 1330.0], [77835.0, 18050.0], [77837.5, 45540.0]]}}}
{"jsonrpc": "2.0", "method": "subscription", "params": {"channel": "book.BTC-6FEB26.none.20.100ms", "data": {"timestamp": 1770030500160, "change_id": 138052737103, "instrument_name": "BTC-6FEB26", "bids": [[77662.5, 1400.0], [77660.0, 50080.0], [77657.5, 3000.0], [77655.0, 450.0], [77652.5, 1500.0], [77647.5, 2760.0], [77645.0, 4540.0], [77585.0, 5940.0], [77582.5, 19900.0], [77580.0, 4710.0], [77577.5, 15780.0], [77560.0, 2170.0], [77555.0, 40.0], [77542.5, 1350.0], [77540.0, 4530.0], [77535.0, 19540.0], [77472.5, 8710.0], [77460.0, 39600.0], [77440.0, 50500.0], [77417.5, 26670.0]], "asks": [[77665.0, 4540.0], [77667.5, 2900.0], [77670.0, 10.0], [77710.0, 13590.0], [77712.5, 45540.0], [77737.5, 4770.0], [77740.0, 15980.0], [77762.5, 5850.0], [77765.0, 19590.0], [77767.5, 1330.0], [77770.0, 4460.0], [77807.5, 6090.0], [77810.0, 20410.0], [77852.5, 40560.0], [77895.0, 40710.0], [77900.0, 500.0], [77902.5, 50000.0], [77990.0, 61580.0], [78007.5, 40.0], [78012.5, 50000.0]]}}}
{"jsonrpc": "2.0", "method": "subscription", "params": {"channel": "book.BTC-13FEB26.none.20.100ms", "data": {"timestamp": 1770030500428, "change_id": 138052737973, "instrument_name": "BTC-13FEB26", "bids": [[77730.0, 3080.0], [77727.5, 1500.0], [77722.5, 50000.0], [77720.0, 450.0], [77717.5, 1500.0], [77715.0, 450.0], [77710.0, 1500.0], [77707.5, 70490.0], [77705.0, 50000.0], [77652.5, 1010.0], [77650.0, 3400.0], [77647.5, 4770.0], [77645.0, 15990.0], [77642.5, 1360.0], [77640.0, 4540.0], [77615.0, 4920.0], [77612.5, 2600.0], [77610.0, 8720.0], [77600.0, 16120.0], [77595.0, 45310.0]], "asks": [[77732.5, 6040.0], [77735.0, 2400.0], [77737.5, 1500.0], [77740.0, 2340.0], [77742.5, 1500.0], [77745.0, 1950.0], [77747.5, 1500.0], [77750.0, 450.0], [77752.5, 1500.0], [77755.0, 11590.0], [77760.0, 37330.0], [77762.5, 20.0], [77777.5, 20.0], [77805.0, 4760.0], [77807.5, 15950.0], [77815.0, 20.0], [77820.0, 10.0], [77832.5, 1330.0], [77835.0, 18050.0], [77837.5, 45540.0]]}}}
{"jsonrpc": "2.0", "method": "subscription", "params": {"channel": "book.BTC-6FEB26.none.20.100ms", "data": {"timestamp": 1770030500438, "change_id": 138052737976, "instrument_name": "BTC-6FEB26", "bids": [[77662.5, 1400.0], [77660.0, 50080.0], [77657.5, 3000.0], [77655.0, 450.0], [77652.5, 1500.0], [77647.5, 2760.0], [77645.0, 4540.0], [77585.0, 5940.0], [77582.5, 19900.0], [77580.0, 4710.0], [77577.5, 15780.0], [77560.0, 2170.0], [77555.0, 40.0], [77542.5, 1350.0], [77540.0, 4530.0], [77535.0, 19540.0], [77472.5, 8710.0], [77460.0, 39610.0], [77440.0, 50500.0], [77417.5, 26660.0]], "asks": [[77665.0, 4540.0], [77667.5, 1500.0], [77670.0, 10.0], [77710.0, 13590.0], [77712.5, 45540.0], [77737.5, 4770.0], [77740.0, 15980.0], [77762.5, 5850.0], [77765.0, 19590.0], [77767.5, 1330.0], [77770.0, 4460.0], [77807.5, 6090.0], [77810.0, 20410.0], [77852.5, 40560.0], [77895.0, 40710.0], [77900.0, 500.0], [77902.5, 50000.0], [77990.0, 61580.0], [78007.5, 40.0], [78012.5, 50000.0]]}}}
{"jsonrpc": "2.0", "method": "subscription", "params": {"channel": "book.BTC-13FEB26.none.20.100ms", "data": {"timestamp": 1770030500828, "change_id": 138052738324, "instrument_name": "BTC-13FEB26", "bids": [[77730.0, 3080.0], [77727.5, 1500.0], [77725.0, 3190.0], [77722.5, 50000.0], [77720.0, 450.0], [77717.5, 1500.0], [77715.0, 450.0], [77710.0, 1500.0], [77707.5, 70490.0], [77705.0, 50000.0], [77652.5, 1010.0], [77650.0, 3400.0], [77647.5, 4770.0], [77645.0, 15990.0], [77642.5, 1360.0], [77640.0, 4540.0], [77615.0, 4920.0], [77612.5, 2600.0], [77610.0, 8720.0], [77600.0, 16120.0]], "asks": [[77732.5, 6040.0], [77735.0, 2400.0], [77737.5, 1500.0], [77740.0, 1950.0], [77742.5, 1500.0], [77745.0, 840.0], [77747.5, 1500.0], [77750.0, 1950.0], [77752.5, 1500.0], [77755.0, 11590.0], [77760.0, 37330.0], [77762.5, 20.0], [77777.5, 20.0], [77805.0, 4760.0], [77807.5, 15950.0], [77815.0, 20.0], [77820.0, 10.0], [77832.5, 1330.0], [77835.0, 18050.0], [77837.5, 45540.0]]}}}
{"jsonrpc": "2.0", "method": "subscription", "params": {"channel": "book.BTC-6FEB26.none.20.100ms", "data": {"timestamp": 1770030500827, "change_id": 138052738322, "instrument_name": "BTC-6FEB26", "bids": [[77662.5, 1400.0], [77660.0, 50080.0], [77657.5, 3000.0], [77655.0, 1500.0], [77647.5, 2760.0], [77645.0, 4540.0], [77585.0, 5940.0], [77582.5, 19900.0], [77580.0, 4710.0], [77577.5, 15780.0], [77560.0, 2170.0], [77555.0, 40.0], [77542.5, 1350.0], [77540.0, 4530.0], [77535.0, 19540.0], [77472.5, 8710.0], [77460.0, 39610.0], [77440.0, 50500.0], [77417.5, 26660.0], [77395.0, 34840.0]], "asks": [[77665.0, 4540.0], [77670.0, 460.0], [77672.5, 1500.0], [77710.0, 13590.0], [77712.5, 45540.0], [77737.5, 4770.0], [77740.0, 15980.0], [77762.5, 5850.0], [77765.0, 19590.0], [77767.5, 1330.0], [77770.0, 4460.0], [77807.5, 6090.0], [77810.0, 20410.0], [77852.5, 40560.0], [77895.0, 40710.0], [77900.0, 500.0], [77902.5, 50000.0], [77990.0, 61580.0], [78007.5, 40.0], [78012.5, 50000.0]]}}}
{"jsonrpc": "2.0", "method": "subscription", "params": {"channel": "book.BTC-13FEB26.none.20.100ms", "data": {"timestamp": 1770030501182, "change_id": 138052739042, "instrument_name": "BTC-13FEB26", "bids": [[77732.5, 2420.0], [77730.0, 3980.0], [77727.5, 1500.0], [77725.0, 14360.0], [77722.5, 54540.0], [77720.0, 8860.0], [77717.5, 51500.0], [77715.0, 450.0], [77710.0, 1500.0], [77707.5, 15950.0], [77705.0, 50000.0], [77652.5, 1010.0], [77650.0, 3400.0], [77647.5, 4770.0], [77645.0, 15990.0], [77642.5, 1360.0], [77640.0, 4540.0], [77615.0, 7090.0], [77612.5, 2600.0], [77610.0, 8720.0]], "asks": [[77737.5, 300.0], [77742.5, 1500.0], [77745.0, 1750.0], [77747.5, 6040.0], [77750.0, 450.0], [77752.5, 1500.0], [77755.0, 11590.0], [77760.0, 37330.0], [77762.5, 20.0], [77777.5, 20.0], [77805.0, 4760.0], [77807.5, 15950.0], [77815.0, 20.0], [77820.0, 10.0], [77832.5, 1330.0], [77835.0, 18050.0], [77837.5, 45540.0], [77850.0, 1510.0], [77852.5, 5040.0], [77855.0, 20.0]]}}}
{"jsonrpc": "2.0", "method": "subscription", "params": {"channel": "book.BTC-6FEB26.none.20.100ms", "data": {"timestamp": 1770030501122, "change_id": 138052738780, "instrument_name": "BTC-6FEB26", "bids": [[77662.5, 14070.0], [77660.0, 51420.0], [77657.5, 4500.0], [77655.0, 1770.0], [77652.5, 4540.0], [77650.0, 1820.0], [77647.5, 1400.0], [77585.0, 5940.0], [77582.5, 19900.0], [77580.0, 4710.0], [77577.5, 15780.0], [77560.0, 2170.0], [77555.0, 40.0], [77542.5, 1350.0], [77540.0, 4530.0], [77535.0, 19540.0], [77472.5, 8710.0], [77460.0, 39610.0], [77440.0, 50500.0], [77417.5, 26660.0]], "asks": [[77670.0, 1360.0], [77672.5, 4540.0], [77707.5, 10.0], [77710.0, 13590.0], [77712.5, 45540.0], [77737.5, 4770.0], [77740.0, 15980.0], [77762.5, 5850.0], [77765.0, 19590.0], [77767.5, 1330.0], [77770.0, 4460.0], [77807.5, 6090.0], [77810.0, 20410.0], [77852.5, 40560.0], [77895.0, 40710.0], [77900.0, 500.0], [77902.5, 50000.0], [77990.0, 61580.0], [78007.5, 40.0], [78012.5, 50000.0]]}}}
{"jsonrpc": "2.0", "method": "subscription", "params": {"channel": "book.BTC-13FEB26.none.20.100ms", "data": {"timestamp": 1770030501420, "change_id": 138052739896, "instrument_name": "BTC-13FEB26", "bids": [[77740.0, 3080.0], [77737.5, 1500.0], [77735.0, 450.0], [77732.5, 1500.0], [77730.0, 900.0], [77727.5, 1500.0], [77725.0, 25370.0], [77722.5, 54540.0], [77720.0, 58860.0], [77717.5, 1500.0], [77707.5, 14450.0], [77705.0, 50000.0], [77652.5, 1010.0], [77650.0, 3400.0], [77647.5, 4770.0], [77645.0, 15990.0], [77642.5, 1360.0], [77640.0, 4540.0], [77615.0, 7090.0], [77612.5, 2600.0]], "asks": [[77742.5, 1500.0], [77745.0, 1750.0], [77747.5, 6040.0], [77750.0, 450.0], [77752.5, 1500.0], [77755.0, 11590.0], [77760.0, 37330.0], [77762.5, 470.0], [77765.0, 1500.0], [77777.5, 20.0], [77805.0, 4760.0], [77807.5, 15950.0], [77815.0, 20.0], [77820.0, 10.0], [77832.5, 1330.0], [77835.0, 18050.0], [77837.5, 45540.0], [77850.0, 1510.0], [77852.5, 5040.0], [77855.0, 20.0]]}}}
{"jsonrpc": "2.0", "method": "subscription", "params": {"channel": "book.BTC-6FEB26.none.20.100ms", "data": {"timestamp": 1770030501382, "change_id": 138052739684, "instrument_name": "BTC-6FEB26", "bids": [[77670.0, 2980.0], [77662.5, 14070.0], [77660.0, 50900.0], [77657.5, 3000.0], [77655.0, 1770.0], [77652.5, 4540.0], [77650.0, 1820.0], [77647.5, 1400.0], [77585.0, 5940.0], [77582.5, 19900.0], [77580.0, 4710.0], [77577.5, 15780.0], [77560.0, 2170.0], [77555.0, 40.0], [77542.5, 1350.0], [77540.0, 4530.0], [77535.0, 19540.0], [77472.5, 8710.0], [77460.0, 39610.0], [77440.0, 50500.0]], "asks": [[77672.5, 4540.0], [77677.5, 10.0], [77685.0, 450.0], [77687.5, 1500.0], [77710.0, 13590.0], [77712.5, 45540.0], [77737.5, 4770.0], [77740.0, 15980.0], [77762.5, 5850.0], [77765.0, 19590.0], [77767.5, 1330.0], [77770.0, 4460.0], [77807.5, 6090.0], [77810.0, 20410.0], [77852.5, 40560.0], [77895.0, 40710.0], [77900.0, 500.0], [77902.5, 50000.0], [77990.0, 61580.0], [78007.5, 40.0]]}}}
{"jsonrpc": "2.0", "method": "subscription", "params": {"channel": "book.BTC-13FEB26.none.20.100ms", "data": {"timestamp": 1770030501827, "change_id": 138052740901, "instrument_name": "BTC-13FEB26", "bids": [[77745.0, 1500.0], [77742.5, 1500.0], [77740.0, 2030.0], [77737.5, 1500.0], [77735.0, 450.0], [77732.5, 1500.0], [77730.0, 900.0], [77727.5, 1500.0], [77725.0, 25370.0], [77722.5, 54540.0], [77720.0, 58860.0], [77707.5, 14450.0], [77705.0, 50000.0], [77652.5, 1010.0], [77650.0, 3400.0], [77647.5, 4770.0], [77645.0, 15990.0], [77642.5, 1360.0], [77640.0, 4550.0], [77617.5, 2120.0]], "asks": [[77747.5, 4540.0], [77750.0, 450.0], [77752.5, 1500.0], [77755.0, 11590.0], [77760.0, 37330.0], [77762.5, 470.0], [77765.0, 1500.0], [77777.5, 20.0], [77805.0, 4760.0], [77807.5, 15950.0], [77815.0, 20.0], [77832.5, 1330.0], [77835.0, 18050.0], [77837.5, 45540.0], [77850.0, 1510.0], [77852.5, 5050.0], [77855.0, 20.0], [77865.0, 4610.0], [77867.5, 15340.0], [77902.5, 10.0]]}}}
{"jsonrpc": "2.0", "method": "subscription", "params": {"channel": "book.BTC-6FEB26.none.20.100ms", "data": {"timestamp": 1770030501562, "change_id": 138052740345, "instrument_name": "BTC-6FEB26", "bids": [[77670.0, 2980.0], [77662.5, 14070.0], [77660.0, 50900.0], [77657.5, 3000.0], [77655.0, 1770.0], [77652.5, 4540.0], [77650.0, 1820.0], [77647.5, 1400.0], [77585.0, 5940.0], [77582.5, 19900.0], [77580.0, 4710.0], [77577.5, 15780.0], [77562.5, 650.0], [77560.0, 2170.0], [77555.0, 40.0], [77542.5, 1350.0], [77540.0, 4530.0], [77535.0, 19540.0], [77472.5, 43550.0], [77460.0, 39610.0]], "asks": [[77672.5, 4540.0], [77677.5, 10.0], [77685.0, 450.0], [77687.5, 1500.0], [77710.0, 13590.0], [77712.5, 45540.0], [77737.5, 4770.0], [77740.0, 15980.0], [77762.5, 5850.0], [77765.0, 19590.0], [77767.5, 1330.0], [77770.0, 4460.0], [77807.5, 6090.0], [77810.0, 20410.0], [77852.5, 40560.0], [77895.0, 40710.0], [77900.0, 500.0], [77902.5, 50000.0], [77990.0, 61580.0], [78007.5, 40.0]]}}}
{"jsonrpc": "2.0", "method": "subscription", "params": {"channel": "book.BTC-13FEB26.none.20.100ms", "data": {"timestamp": 1770030502097, "change_id": 138052741913, "instrument_name": "BTC-13FEB26", "bids": [[77750.0, 80.0], [77747.5, 450.0], [77745.0, 2420.0], [77742.5, 1500.0], [77740.0, 1950.0], [77737.5, 1500.0], [77735.0, 1750.0], [77732.5, 6040.0], [77730.0, 900.0], [77727.5, 1500.0], [77725.0, 14360.0], [77720.0, 58860.0], [77707.5, 17850.0], [77705.0, 50000.0], [77647.5, 4770.0], [77645.0, 15990.0], [77642.5, 1360.0], [77640.0, 4550.0], [77637.5, 1470.0], [77635.0, 4920.0]], "asks": [[77755.0, 11590.0], [77757.5, 6040.0], [77760.0, 37330.0], [77762.5, 20.0], [77777.5, 20.0], [77805.0, 4760.0], [77807.5, 15950.0], [77815.0, 20.0], [77832.5, 1330.0], [77835.0, 18050.0], [77837.5, 45540.0], [77850.0, 1510.0], [77852.5, 5050.0], [77855.0, 20.0], [77865.0, 4610.0], [77867.5, 15340.0], [77902.5, 10.0], [77910.0, 2600.0], [77912.5, 8720.0], [77917.5, 50.0]]}}}
{"jsonrpc": "2.0", "method": "subscription", "params": {"channel": "book.BTC-6FEB26.none.20.100ms", "data": {"timestamp": 1770030502078, "change_id": 138052741805, "instrument_name": "BTC-6FEB26", "bids": [[77680.0, 1280.0], [77677.5, 2900.0], [77675.0, 1840.0], [77672.5, 1400.0], [77670.0, 80.0], [77667.5, 1360.0], [77665.0, 4540.0], [77662.5, 14070.0], [77660.0, 50900.0], [77657.5, 3000.0], [77585.0, 19900.0], [77580.0, 4710.0], [77577.5, 15780.0], [77562.5, 650.0], [77560.0, 2170.0], [77555.0, 40.0], [77542.5, 1350.0], [77540.0, 4530.0], [77535.0, 19540.0], [77472.5, 43550.0]], "asks": [[77685.0, 1360.0], [77687.5, 4540.0], [77690.0, 10.0], [77705.0, 420.0], [77707.5, 1400.0], [77710.0, 13590.0], [77712.5, 45540.0], [77737.5, 4770.0], [77740.0, 15980.0], [77762.5, 5850.0], [77765.0, 19590.0], [77767.5, 1330.0], [77770.0, 4460.0], [77807.5, 6090.0], [77810.0, 20410.0], [77852.5, 40560.0], [77895.0, 40710.0], [77900.0, 500.0], [77902.5, 50000.0], [77990.0, 61580.0]]}}}
{"jsonrpc": "2.0", "method": "subscription", "params": {"channel": "book.BTC-13FEB26.none.20.100ms", "data": {"timestamp": 1770030502386, "change_id": 138052743196, "instrument_name": "BTC-13FEB26", "bids": [[77755.0, 3000.0], [77752.5, 1500.0], [77750.0, 80.0], [77745.0, 2130.0], [77742.5, 1500.0], [77740.0, 6490.0], [77737.5, 1500.0], [77707.5, 31430.0], [77705.0, 100000.0], [77647.5, 4770.0], [77645.0, 15990.0], [77642.5, 1360.0], [77640.0, 4550.0], [77637.5, 1470.0], [77635.0, 4920.0], [77627.5, 4380.0], [77625.0, 14690.0], [77617.5, 650.0], [77615.0, 2170.0], [77612.5, 2600.0]], "asks": [[77757.5, 4540.0], [77760.0, 10.0], [77762.5, 20.0], [77772.5, 450.0], [77775.0, 1500.0], [77777.5, 20.0], [77805.0, 4760.0], [77807.5, 15950.0], [77815.0, 20.0], [77832.5, 1330.0], [77835.0, 18050.0], [77837.5, 45540.0], [77850.0, 1510.0], [77852.5, 5050.0], [77855.0, 20.0], [77865.0, 4610.0], [77867.5, 15340.0], [77902.5, 10.0], [77910.0, 2600.0], [77912.5, 8720.0]]}}}
{"jsonrpc": "2.0", "method": "subscription", "params": {"channel": "book.BTC-6FEB26.none.20.100ms", "data": {"timestamp": 1770030502316, "change_id": 138052742879, "instrument_name": "BTC-6FEB26", "bids": [[77682.5, 2900.0], [77680.0, 920.0], [77677.5, 1400.0], [77675.0, 1840.0], [77672.5, 1400.0], [77667.5, 1360.0], [77665.0, 4540.0], [77662.5, 14070.0], [77660.0, 50900.0], [77657.5, 3000.0], [77582.5, 19900.0], [77580.0, 4710.0], [77577.5, 15780.0], [77562.5, 650.0], [77560.0, 2170.0], [77555.0, 40.0], [77542.5, 1350.0], [77540.0, 4530.0], [77535.0, 19540.0], [77472.5, 43550.0]], "asks": [[77687.5, 4540.0], [77692.5, 10.0], [77695.0, 450.0], [77697.5, 1500.0], [77705.0, 420.0], [77707.5, 1400.0], [77710.0, 13590.0], [77712.5, 45540.0], [77737.5, 4770.0], [77740.0, 15980.0], [77762.5, 5850.0], [77765.0, 19590.0], [77767.5, 1330.0], [77770.0, 4460.0], [77807.5, 6090.0], [77810.0, 20410.0], [77852.5, 40560.0], [77895.0, 40710.0], [77900.0, 500.0], [77902.5, 50000.0]]}}}
{"jsonrpc": "2.0", "method": "subscription", "params": {"channel": "book.BTC-13FEB26.none.20.100ms", "data": {"timestamp": 1770030502827, "change_id": 138052743797, "instrument_name": "BTC-13FEB26", "bids": [[77755.0, 3000.0], [77752.5, 1500.0], [77750.0, 80.0], [77745.0, 2130.0], [77742.5, 1500.0], [77740.0, 6490.0], [77737.5, 1500.0], [77707.5, 31430.0], [77705.0, 100000.0], [77647.5, 4770.0], [77645.0, 15990.0], [77642.5, 1360.0], [77640.0, 4550.0], [77637.5, 1470.0], [77635.0, 4920.0], [77627.5, 4380.0], [77625.0, 14690.0], [77617.5, 650.0], [77615.0, 2170.0], [77612.5, 2600.0]], "asks": [[77757.5, 4540.0], [77760.0, 10.0], [77762.5, 20.0], [77770.0, 11590.0], [77772.5, 37330.0], [77775.0, 1500.0], [77777.5, 20.0], [77805.0, 4760.0], [77807.5, 15950.0], [77815.0, 20.0], [77832.5, 1330.0], [77835.0, 18050.0], [77837.5, 45540.0], [77850.0, 1510.0], [77852.5, 5050.0], [77855.0, 20.0], [77865.0, 4610.0], [77867.5, 15340.0], [77902.5, 10.0], [77910.0, 2600.0]]}}}
{"jsonrpc": "2.0", "method": "subscription", "params": {"channel": "book.BTC-13FEB26.none.20.100ms", "data": {"timestamp": 1770030503153, "change_id": 138052744056, "instrument_name": "BTC-13FEB26", "bids": [[77755.0, 3000.0], [77752.5, 1500.0], [77750.0, 530.0], [77747.5, 1500.0], [77745.0, 2130.0], [77742.5, 1500.0], [77740.0, 4540.0], [77710.0, 1020.0], [77707.5, 3420.0], [77647.5, 19090.0], [77645.0, 65990.0], [77642.5, 1360.0], [77640.0, 4550.0], [77637.5, 1470.0], [77635.0, 4920.0], [77627.5, 4380.0], [77625.0, 14690.0], [77617.5, 650.0], [77615.0, 2170.0], [77612.5, 2600.0]], "asks": [[77757.5, 4540.0], [77760.0, 10.0], [77762.5, 20.0], [77765.0, 450.0], [77767.5, 1500.0], [77770.0, 11590.0], [77772.5, 37330.0], [77775.0, 1500.0], [77777.5, 20.0], [77805.0, 4760.0], [77807.5, 15950.0], [77815.0, 20.0], [77832.5, 1330.0], [77835.0, 18050.0], [77837.5, 45540.0], [77850.0, 1510.0], [77852.5, 5050.0], [77855.0, 20.0], [77865.0, 4610.0], [77867.5, 15340.0]]}}}
{"jsonrpc": "2.0", "method": "subscription", "params": {"channel": "book.BTC-6FEB26.none.20.100ms", "data": {"timestamp": 1770030503045, "change_id": 138052743927, "instrument_name": "BTC-6FEB26", "bids": [[77685.0, 2900.0], [77682.5, 1400.0], [77680.0, 80.0], [77672.5, 420.0], [77670.0, 1400.0], [77667.5, 1360.0], [77665.0, 4960.0], [77662.5, 1400.0], [77660.0, 900.0], [77657.5, 3000.0], [77590.0, 5940.0], [77587.5, 19900.0], [77580.0, 4710.0], [77577.5, 15780.0], [77562.5, 650.0], [77560.0, 2170.0], [77555.0, 40.0], [77542.5, 1360.0], [77540.0, 4530.0], [77535.0, 19540.0]], "asks": [[77687.5, 4540.0], [77692.5, 10.0], [77695.0, 450.0], [77697.5, 1500.0], [77700.0, 420.0], [77702.5, 1400.0], [77705.0, 420.0], [77707.5, 1400.0], [77710.0, 13590.0], [77712.5, 45540.0], [77737.5, 4770.0], [77740.0, 15980.0], [77762.5, 5850.0], [77765.0, 19590.0], [77767.5, 1330.0], [77770.0, 4460.0], [77807.5, 6090.0], [77810.0, 20410.0], [77852.5, 40560.0], [77895.0, 40720.0]]}}}
{"jsonrpc": "2.0", "method": "subscription", "params": {"channel": "book.BTC-13FEB26.none.20.100ms", "data": {"timestamp": 1770030503498, "change_id": 138052745667, "instrument_name": "BTC-13FEB26", "bids": [[77757.5, 3000.0], [77755.0, 1970.0], [77752.5, 1500.0], [77750.0, 1830.0], [77747.5, 6040.0], [77745.0, 450.0], [77742.5, 1500.0], [77712.5, 1010.0], [77710.0, 3400.0], [77707.5, 20.0], [77647.5, 19090.0], [77645.0, 65990.0], [77642.5, 1360.0], [77640.0, 6010.0], [77637.5, 4920.0], [77627.5, 4380.0], [77625.0, 14690.0], [77617.5, 660.0], [77615.0, 2170.0], [77612.5, 2600.0]], "asks": [[77760.0, 10.0], [77762.5, 20.0], [77765.0, 450.0], [77767.5, 1500.0], [77770.0, 1360.0], [77772.5, 4540.0], [77777.5, 20.0], [77785.0, 450.0], [77787.5, 1500.0], [77815.0, 20.0], [77832.5, 1330.0], [77835.0, 18050.0], [77837.5, 45540.0], [77850.0, 6120.0], [77852.5, 21130.0], [77855.0, 20.0], [77865.0, 4610.0], [77867.5, 15340.0], [77902.5, 10.0], [77910.0, 2600.0]]}}}
{"jsonrpc": "2.0", "method": "subscription", "params": {"channel": "book.BTC-6FEB26.none.20.100ms", "data": {"timestamp": 1770030503481, "change_id": 138052745650, "instrument_name": "BTC-6FEB26", "bids": [[77692.5, 2900.0], [77690.0, 420.0], [77687.5, 1400.0], [77685.0, 440.0], [77682.5, 1400.0], [77680.0, 80.0], [77677.5, 1360.0], [77675.0, 4540.0], [77660.0, 900.0], [77657.5, 3000.0], [77590.0, 5940.0], [77587.5, 19900.0], [77580.0, 4710.0], [77577.5, 15780.0], [77562.5, 650.0], [77560.0, 2170.0], [77555.0, 40.0], [77542.5, 1360.0], [77540.0, 4530.0], [77535.0, 19540.0]], "asks": [[77697.5, 1360.0], [77700.0, 4540.0], [77702.5, 10.0], [77705.0, 810.0], [77707.5, 1400.0], [77710.0, 15090.0], [77712.5, 45540.0], [77762.5, 5850.0], [77765.0, 19590.0], [77767.5, 1330.0], [77770.0, 4460.0], [77782.5, 4780.0], [77785.0, 16020.0], [77807.5, 6090.0], [77810.0, 20410.0], [77852.5, 40560.0], [77895.0, 40720.0], [77900.0, 500.0], [77902.5, 50000.0], [77990.0, 61570.0]]}}}
{"jsonrpc": "2.0", "method": "subscription", "params": {"channel": "book.BTC-13FEB26.none.20.100ms", "data": {"timestamp": 1770030503528, "change_id": 138052745770, "instrument_name": "BTC-13FEB26", "bids": [[77760.0, 3080.0], [77757.5, 1950.0], [77755.0, 1970.0], [77752.5, 1500.0], [77750.0, 1750.0], [77747.5, 6040.0], [77745.0, 450.0], [77742.5, 1500.0], [77712.5, 1010.0], [77710.0, 3400.0], [77707.5, 20.0], [77647.5, 19090.0], [77645.0, 65990.0], [77642.5, 1360.0], [77640.0, 6010.0], [77637.5, 4920.0], [77627.5, 4380.0], [77625.0, 14690.0], [77617.5, 660.0], [77615.0, 2170.0]], "asks": [[77762.5, 20.0], [77765.0, 450.0], [77767.5, 1500.0], [77770.0, 1360.0], [77772.5, 4540.0], [77777.5, 20.0], [77785.0, 450.0], [77787.5, 1500.0], [77815.0, 20.0], [77832.5, 1330.0], [77835.0, 18050.0], [77837.5, 45540.0], [77850.0, 6120.0], [77852.5, 21120.0], [77855.0, 20.0], [77865.0, 4610.0], [77867.5, 15340.0], [77902.5, 10.0], [77910.0, 2600.0], [77912.5, 8730.0]]}}}
{"jsonrpc": "2.0", "method": "subscription", "params": {"channel": "book.BTC-6FEB26.none.20.100ms", "data": {"timestamp": 1770030503530, "change_id": 138052745771, "instrument_name": "BTC-6FEB26", "bids": [[77695.0, 2900.0], [77692.5, 1400.0], [77690.0, 500.0], [77687.5, 1400.0], [77685.0, 440.0], [77682.5, 1400.0], [77677.5, 1360.0], [77675.0, 4540.0], [77660.0, 900.0], [77657.5, 3000.0], [77590.0, 5940.0], [77587.5, 19900.0], [77580.0, 4710.0], [77577.5, 15780.0], [77562.5, 650.0], [77560.0, 2170.0], [77555.0, 50.0], [77542.5, 1350.0], [77540.0, 4530.0], [77535.0, 19540.0]], "asks": [[77700.0, 4540.0], [77702.5, 10.0], [77705.0, 810.0], [77707.5, 1400.0], [77710.0, 15090.0], [77712.5, 45540.0], [77762.5, 5850.0], [77765.0, 19590.0], [77767.5, 1330.0], [77770.0, 4460.0], [77782.5, 4780.0], [77785.0, 16020.0], [77807.5, 6090.0], [77810.0, 20410.0], [77852.5, 40560.0], [77895.0, 40720.0], [77900.0, 500.0], [77902.5, 50000.0], [77990.0, 61570.0], [78007.5, 40.0]]}}}
{"jsonrpc": "2.0", "method": "subscription", "params": {"channel": "book.BTC-13FEB26.none.20.100ms", "data": {"timestamp": 1770030504074, "change_id": 138052746557, "instrument_name": "BTC-13FEB26", "bids": [[77760.0, 3080.0], [77757.5, 1500.0], [77755.0, 840.0], [77752.5, 1500.0], [77750.0, 3250.0], [77747.5, 6040.0], [77712.5, 1010.0], [77710.0, 3400.0], [77707.5, 20.0], [77647.5, 19090.0], [77645.0, 65990.0], [77642.5, 1360.0], [77640.0, 6010.0], [77637.5, 4920.0], [77627.5, 4380.0], [77625.0, 14690.0], [77617.5, 660.0], [77615.0, 2170.0], [77612.5, 2600.0], [77610.0, 8710.0]], "asks": [[77762.5, 20.0], [77765.0, 450.0], [77767.5, 1500.0], [77770.0, 1360.0], [77772.5, 4540.0], [77777.5, 20.0], [77785.0, 450.0], [77787.5, 1500.0], [77815.0, 20.0], [77832.5, 1330.0], [77835.0, 18050.0], [77837.5, 45540.0], [77850.0, 6120.0], [77852.5, 21120.0], [77855.0, 20.0], [77865.0, 4610.0], [77867.5, 15340.0], [77902.5, 10.0], [77910.0, 2600.0], [77912.5, 8730.0]]}}}
{"jsonrpc": "2.0", "method": "subscription", "params": {"channel": "book.BTC-6FEB26.none.20.100ms", "data": {"timestamp": 1770030504123, "change_id": 138052746851, "instrument_name": "BTC-6FEB26", "bids": [[77697.5, 2900.0], [77695.0, 1840.0], [77692.5, 1400.0], [77690.0, 80.0], [77677.5, 1360.0], [77675.0, 4540.0], [77660.0, 900.0], [77657.5, 3000.0], [77595.0, 5940.0], [77592.5, 19900.0], [77580.0, 4710.0], [77577.5, 15780.0], [77562.5, 650.0], [77560.0, 2170.0], [77555.0, 50.0], [77542.5, 1350.0], [77540.0, 4530.0], [77535.0, 19540.0], [77472.5, 43550.0], [77460.0, 39600.0]], "asks": [[77700.0, 4540.0], [77705.0, 820.0], [77707.5, 1400.0], [77710.0, 15090.0], [77712.5, 45540.0], [77762.5, 5850.0], [77765.0, 19590.0], [77767.5, 1330.0], [77770.0, 4460.0], [77782.5, 4780.0], [77785.0, 16020.0], [77807.5, 6090.0], [77810.0, 20410.0], [77852.5, 40560.0], [77895.0, 40710.0], [77900.0, 500.0], [77902.5, 50000.0], [77990.0, 61580.0], [78007.5, 40.0], [78025.0, 160.0]]}}}
{"jsonrpc": "2.0", "method": "subscription", "params": {"channel": "book.BTC-13FEB26.none.20.100ms", "data": {"timestamp": 1770030504200, "change_id": 138052747125, "instrument_name": "BTC-13FEB26", "bids": [[77760.0, 3080.0], [77757.5, 1500.0], [77755.0, 840.0], [77752.5, 1500.0], [77750.0, 3250.0], [77747.5, 6040.0], [77712.5, 1010.0], [77710.0, 3400.0], [77707.5, 20.0], [77650.0, 40.0], [77647.5, 19090.0], [77645.0, 65990.0], [77642.5, 1360.0], [77640.0, 6010.0], [77637.5, 4920.0], [77627.5, 4380.0], [77625.0, 14690.0], [77617.5, 660.0], [77615.0, 2170.0], [77612.5, 2600.0]], "asks": [[77762.5, 20.0], [77765.0, 450.0], [77767.5, 1500.0], [77770.0, 1360.0], [77772.5, 4540.0], [77777.5, 20.0], [77785.0, 450.0], [77787.5, 1500.0], [77815.0, 20.0], [77832.5, 1330.0], [77835.0, 18050.0], [77837.5, 45540.0], [77850.0, 6120.0], [77852.5, 21120.0], [77855.0, 20.0], [77865.0, 4610.0], [77867.5, 15340.0], [77902.5, 10.0], [77910.0, 2600.0], [77912.5, 8730.0]]}}}
{"jsonrpc": "2.0", "method": "subscription", "params": {"channel": "book.BTC-13FEB26.none.20.100ms", "data": {"timestamp": 1770030504824, "change_id": 138052748368, "instrument_name": "BTC-13FEB26", "bids": [[77765.0, 3000.0], [77762.5, 1970.0], [77760.0, 2030.0], [77757.5, 1500.0], [77755.0, 840.0], [77752.5, 1500.0], [77750.0, 3250.0], [77747.5, 6040.0], [77717.5, 1010.0], [77715.0, 3400.0], [77707.5, 20.0], [77650.0, 40.0], [77647.5, 19090.0], [77645.0, 70910.0], [77642.5, 1360.0], [77640.0, 4540.0], [77627.5, 4380.0], [77625.0, 14700.0], [77617.5, 650.0], [77615.0, 2170.0]], "asks": [[77767.5, 1500.0], [77770.0, 1360.0], [77772.5, 4540.0], [77777.5, 20.0], [77785.0, 450.0], [77787.5, 1500.0], [77815.0, 20.0], [77832.5, 1330.0], [77835.0, 18050.0], [77837.5, 45540.0], [77850.0, 6120.0], [77852.5, 21120.0], [77855.0, 20.0], [77865.0, 4610.0], [77867.5, 15340.0], [77902.5, 20.0], [77910.0, 2600.0], [77912.5, 8720.0], [77917.5, 50.0], [77932.5, 2180.0]]}}}
{"jsonrpc": "2.0", "method": "subscription", "params": {"channel": "book.BTC-6FEB26.none.20.100ms", "data": {"timestamp": 1770030504818, "change_id": 138052748362, "instrument_name": "BTC-6FEB26", "bids": [[77697.5, 2900.0], [77695.0, 1840.0], [77692.5, 1400.0], [77690.0, 80.0], [77677.5, 1360.0], [77675.0, 4540.0], [77660.0, 900.0], [77657.5, 3000.0], [77600.0, 5940.0], [77597.5, 19900.0], [77580.0, 4710.0], [77577.5, 15780.0], [77562.5, 650.0], [77560.0, 2170.0], [77555.0, 50.0], [77542.5, 1350.0], [77540.0, 4530.0], [77535.0, 19540.0], [77472.5, 43550.0], [77460.0, 39600.0]], "asks": [[77700.0, 4540.0], [77705.0, 820.0], [77707.5, 1400.0], [77710.0, 15090.0], [77712.5, 45540.0], [77762.5, 5850.0], [77765.0, 19590.0], [77767.5, 1330.0], [77770.0, 4460.0], [77782.5, 4780.0], [77785.0, 16020.0], [77807.5, 6090.0], [77810.0, 20410.0], [77852.5, 40560.0], [77895.0, 40710.0], [77900.0, 500.0], [77902.5, 50000.0], [77990.0, 61580.0], [78007.5, 40.0], [78025.0, 160.0]]}}}
{"jsonrpc": "2.0", "method": "subscription", "params": {"channel": "book.BTC-13FEB26.none.20.100ms", "data": {"timestamp": 1770030505023, "change_id": 138052748869, "instrument_name": "BTC-13FEB26", "bids": [[77765.0, 3000.0], [77762.5, 1500.0], [77760.0, 530.0], [77757.5, 1500.0], [77755.0, 840.0], [77752.5, 1500.0], [77750.0, 3250.0], [77747.5, 4540.0], [77717.5, 1010.0], [77715.0, 3400.0], [77707.5, 20.0], [77652.5, 1480.0], [77650.0, 4960.0], [77647.5, 19090.0], [77645.0, 65990.0], [77642.5, 1360.0], [77640.0, 4540.0], [77627.5, 4380.0], [77625.0, 14700.0], [77617.5, 650.0]], "asks": [[77767.5, 1500.0], [77770.0, 1360.0], [77772.5, 4540.0], [77777.5, 20.0], [77790.0, 450.0], [77792.5, 1500.0], [77815.0, 20.0], [77832.5, 1330.0], [77835.0, 18050.0], [77837.5, 45540.0], [77850.0, 6120.0], [77852.5, 21120.0], [77855.0, 20.0], [77865.0, 4610.0], [77867.5, 15340.0], [77902.5, 20.0], [77910.0, 2600.0], [77912.5, 8720.0], [77917.5, 50.0], [77932.5, 2180.0]]}}}
{"jsonrpc": "2.0", "method": "subscription", "params": {"channel": "book.BTC-6FEB26.none.20.100ms", "data": {"timestamp": 1770030505024, "change_id": 138052748876, "instrument_name": "BTC-6FEB26", "bids": [[77697.5, 2900.0], [77695.0, 440.0], [77692.5, 1400.0], [77690.0, 500.0], [77687.5, 1400.0], [77685.0, 1360.0], [77682.5, 4540.0], [77660.0, 900.0], [77657.5, 3000.0], [77600.0, 5940.0], [77597.5, 19900.0], [77580.0, 4710.0], [77577.5, 15780.0], [77562.5, 650.0], [77560.0, 2170.0], [77555.0, 50.0], [77542.5, 1350.0], [77540.0, 4530.0], [77535.0, 19540.0], [77472.5, 43550.0]], "asks": [[77700.0, 4540.0], [77705.0, 430.0], [77707.5, 1400.0], [77710.0, 13590.0], [77712.5, 45540.0], [77715.0, 1500.0], [77767.5, 1330.0], [77770.0, 4460.0], [77782.5, 4780.0], [77785.0, 16020.0], [77802.5, 5850.0], [77805.0, 19590.0], [77807.5, 6090.0], [77810.0, 20410.0], [77852.5, 40560.0], [77895.0, 40710.0], [77900.0, 500.0], [77902.5, 50000.0], [77990.0, 61580.0], [78007.5, 40.0]]}}}
{"jsonrpc": "2.0", "method": "subscription", "params": {"channel": "book.BTC-13FEB26.none.20.100ms", "data": {"timestamp": 1770030505877, "change_id": 138052750327, "instrument_name": "BTC-13FEB26", "bids": [[77765.0, 1500.0], [77762.5, 1500.0], [77760.0, 530.0], [77757.5, 1500.0], [77755.0, 840.0], [77752.5, 1500.0], [77750.0, 3250.0], [77747.5, 4540.0], [77717.5, 1010.0], [77715.0, 3400.0], [77707.5, 20.0], [77652.5, 1480.0], [77650.0, 4960.0], [77647.5, 19090.0], [77645.0, 65990.0], [77642.5, 1360.0], [77640.0, 4540.0], [77627.5, 4380.0], [77625.0, 14700.0], [77617.5, 650.0]], "asks": [[77767.5, 1500.0], [77770.0, 1360.0], [77772.5, 4540.0], [77777.5, 20.0], [77790.0, 450.0], [77792.5, 1500.0], [77815.0, 20.0], [77832.5, 1330.0], [77835.0, 18050.0], [77837.5, 45540.0], [77850.0, 6120.0], [77852.5, 21120.0], [77855.0, 20.0], [77865.0, 4610.0], [77867.5, 15340.0], [77902.5, 20.0], [77910.0, 2600.0], [77912.5, 8720.0], [77917.5, 50.0], [77932.5, 2180.0]]}}}
{"jsonrpc": "2.0", "method": "subscription", "params": {"channel": "book.BTC-13FEB26.none.20.100ms", "data": {"timestamp": 1770030506422, "change_id": 138052751497, "instrument_name": "BTC-13FEB26", "bids": [[77775.0, 3000.0], [77770.0, 1580.0], [77767.5, 1500.0], [77765.0, 470.0], [77762.5, 1500.0], [77760.0, 1750.0], [77757.5, 1500.0], [77755.0, 5380.0], [77752.5, 1500.0], [77750.0, 1500.0], [77722.5, 1010.0], [77720.0, 3400.0], [77712.5, 650.0], [77710.0, 2170.0], [77707.5, 20.0], [77655.0, 1480.0], [77652.5, 4920.0], [77650.0, 40.0], [77647.5, 19090.0], [77645.0, 65990.0]], "asks": [[77777.5, 20.0], [77780.0, 4540.0], [77795.0, 450.0], [77797.5, 1500.0], [77815.0, 20.0], [77835.0, 13590.0], [77837.5, 45540.0], [77850.0, 6120.0], [77852.5, 21120.0], [77855.0, 20.0], [77865.0, 4610.0], [77867.5, 15340.0], [77900.0, 1340.0], [77902.5, 4480.0], [77910.0, 2600.0], [77912.5, 8720.0], [77917.5, 60.0], [77932.5, 2180.0], [77935.0, 30400.0], [77990.0, 160.0]]}}}
{"jsonrpc": "2.0", "method": "subscription", "params": {"channel": "book.BTC-6FEB26.none.20.100ms", "data": {"timestamp": 1770030506442, "change_id": 138052751577, "instrument_name": "BTC-6FEB26", "bids": [[77702.5, 2900.0], [77700.0, 1820.0], [77697.5, 1400.0], [77695.0, 440.0], [77692.5, 1400.0], [77690.0, 500.0], [77687.5, 1400.0], [77685.0, 1360.0], [77682.5, 4540.0], [77660.0, 900.0], [77657.5, 3000.0], [77600.0, 5940.0], [77597.5, 19900.0], [77580.0, 4710.0], [77577.5, 15780.0], [77562.5, 650.0], [77560.0, 2170.0], [77555.0, 50.0], [77542.5, 1350.0], [77540.0, 4530.0]], "asks": [[77707.5, 4540.0], [77710.0, 13590.0], [77712.5, 45550.0], [77717.5, 450.0], [77720.0, 1500.0], [77782.5, 4780.0], [77785.0, 16020.0], [77802.5, 5850.0], [77805.0, 19590.0], [77807.5, 6090.0], [77810.0, 20410.0], [77835.0, 1330.0], [77837.5, 4470.0], [77852.5, 40560.0], [77895.0, 40710.0], [77902.5, 50000.0], [77947.5, 500.0], [77990.0, 61580.0], [78007.5, 40.0], [78025.0, 160.0]]}}}
{"jsonrpc": "2.0", "method": "subscription", "params": {"channel": "book.BTC-13FEB26.none.20.100ms", "data": {"timestamp": 1770030506582, "change_id": 138052751815, "instrument_name": "BTC-13FEB26", "bids": [[77775.0, 1500.0], [77770.0, 1580.0], [77767.5, 1500.0], [77765.0, 470.0], [77762.5, 1500.0], [77760.0, 1750.0], [77757.5, 1500.0], [77755.0, 5380.0], [77752.5, 1500.0], [77750.0, 1500.0], [77722.5, 1010.0], [77720.0, 3400.0], [77712.5, 650.0], [77710.0, 2170.0], [77707.5, 20.0], [77685.0, 4810.0], [77682.5, 16110.0], [77655.0, 1480.0], [77652.5, 4920.0], [77650.0, 40.0]], "asks": [[77777.5, 20.0], [77780.0, 4540.0], [77795.0, 450.0], [77797.5, 1500.0], [77815.0, 20.0], [77835.0, 13590.0], [77837.5, 45540.0], [77850.0, 6120.0], [77852.5, 21120.0], [77855.0, 20.0], [77865.0, 4610.0], [77867.5, 15340.0], [77900.0, 1340.0], [77902.5, 4480.0], [77910.0, 2600.0], [77912.5, 8720.0], [77917.5, 60.0], [77932.5, 2180.0], [77935.0, 30400.0], [77990.0, 160.0]]}}}
{"jsonrpc": "2.0", "method": "subscription", "params": {"channel": "book.BTC-6FEB26.none.20.100ms", "data": {"timestamp": 1770030506799, "change_id": 138052752050, "instrument_name": "BTC-6FEB26", "bids": [[77705.0, 2900.0], [77702.5, 1400.0], [77700.0, 1820.0], [77697.5, 1400.0], [77695.0, 440.0], [77692.5, 1400.0], [77690.0, 500.0], [77687.5, 1400.0], [77685.0, 1360.0], [77682.5, 4540.0], [77660.0, 900.0], [77657.5, 3000.0], [77617.5, 4910.0], [77615.0, 16440.0], [77600.0, 5940.0], [77597.5, 19900.0], [77562.5, 650.0], [77560.0, 2170.0], [77555.0, 50.0], [77542.5, 1350.0]], "asks": [[77707.5, 4540.0], [77710.0, 13590.0], [77712.5, 45550.0], [77715.0, 450.0], [77717.5, 1500.0], [77782.5, 4780.0], [77785.0, 16020.0], [77802.5, 5850.0], [77805.0, 19590.0], [77807.5, 6090.0], [77810.0, 20410.0], [77835.0, 1330.0], [77837.5, 4470.0], [77852.5, 40560.0], [77895.0, 40710.0], [77902.5, 50000.0], [77947.5, 500.0], [77990.0, 61580.0], [78007.5, 40.0], [78025.0, 160.0]]}}}
{"jsonrpc": "2.0", "method": "subscription", "params": {"channel": "book.BTC-13FEB26.none.20.100ms", "data": {"timestamp": 1770030506869, "change_id": 138052752075, "instrument_name": "BTC-13FEB26", "bids": [[77775.0, 3000.0], [77770.0, 1580.0], [77767.5, 1500.0], [77765.0, 470.0], [77762.5, 1500.0], [77760.0, 1750.0], [77757.5, 1500.0], [77755.0, 5380.0], [77722.5, 1010.0], [77720.0, 3400.0], [77712.5, 650.0], [77710.0, 2170.0], [77707.5, 20.0], [77685.0, 4810.0], [77682.5, 16110.0], [77655.0, 1480.0], [77652.5, 4920.0], [77650.0, 40.0], [77647.5, 19090.0], [77645.0, 50000.0]], "asks": [[77777.5, 1520.0], [77780.0, 4540.0], [77792.5, 450.0], [77795.0, 1950.0], [77797.5, 1500.0], [77815.0, 20.0], [77835.0, 13590.0], [77837.5, 45540.0], [77850.0, 6120.0], [77852.5, 21120.0], [77855.0, 20.0], [77865.0, 4610.0], [77867.5, 15340.0], [77900.0, 1340.0], [77902.5, 4480.0], [77910.0, 2600.0], [77912.5, 8720.0], [77917.5, 60.0], [77932.5, 2180.0], [77935.0, 30400.0]]}}}
{"jsonrpc": "2.0", "method": "subscription", "params": {"channel": "book.BTC-6FEB26.none.20.100ms", "data": {"timestamp": 1770030506999, "change_id": 138052752159, "instrument_name": "BTC-6FEB26", "bids": [[77705.0, 2900.0], [77702.5, 1400.0], [77700.0, 420.0], [77697.5, 1400.0], [77695.0, 440.0], [77692.5, 1400.0], [77690.0, 500.0], [77687.5, 1400.0], [77685.0, 1360.0], [77682.5, 4540.0], [77660.0, 900.0], [77657.5, 3000.0], [77617.5, 4910.0], [77615.0, 16440.0], [77600.0, 5940.0], [77597.5, 19900.0], [77562.5, 650.0], [77560.0, 2170.0], [77555.0, 50.0], [77542.5, 1350.0]], "asks": [[77707.5, 4540.0], [77710.0, 13590.0], [77712.5, 45550.0], [77715.0, 450.0], [77717.5, 1500.0], [77782.5, 4780.0], [77785.0, 16020.0], [77802.5, 5850.0], [77805.0, 19590.0], [77807.5, 6090.0], [77810.0, 20410.0], [77835.0, 1330.0], [77837.5, 4470.0], [77852.5, 40560.0], [77895.0, 40710.0], [77902.5, 50000.0], [77947.5, 500.0], [77990.0, 61580.0], [78007.5, 40.0], [78025.0, 160.0]]}}}
{"jsonrpc": "2.0", "method": "subscription", "params": {"channel": "book.BTC-13FEB26.none.20.100ms", "data": {"timestamp": 1770030507590, "change_id": 138052753106, "instrument_name": "BTC-13FEB26", "bids": [[77775.0, 3000.0], [77770.0, 1580.0], [77767.5, 1500.0], [77765.0, 470.0], [77762.5, 1500.0], [77760.0, 1750.0], [77757.5, 1500.0], [77755.0, 5380.0], [77722.5, 1010.0], [77720.0, 3400.0], [77712.5, 650.0], [77710.0, 2170.0], [77707.5, 20.0], [77685.0, 4810.0], [77682.5, 16110.0], [77655.0, 1480.0], [77652.5, 4920.0], [77650.0, 40.0], [77647.5, 19090.0], [77645.0, 50000.0]], "asks": [[77777.5, 1520.0], [77780.0, 4540.0], [77787.5, 14520.0], [77790.0, 50810.0], [77792.5, 450.0], [77795.0, 1950.0], [77797.5, 1500.0], [77815.0, 20.0], [77835.0, 13590.0], [77837.5, 45540.0], [77850.0, 6120.0], [77852.5, 21120.0], [77855.0, 20.0], [77865.0, 4610.0], [77867.5, 15340.0], [77900.0, 1340.0], [77902.5, 4480.0], [77910.0, 2600.0], [77912.5, 8720.0], [77917.5, 60.0]]}}}
{"jsonrpc": "2.0", "method": "subscription", "params": {"channel": "book.BTC-6FEB26.none.20.100ms", "data": {"timestamp": 1770030507567, "change_id": 138052753072, "instrument_name": "BTC-6FEB26", "bids": [[77705.0, 2900.0], [77702.5, 1400.0], [77700.0, 420.0], [77697.5, 1400.0], [77695.0, 440.0], [77692.5, 1400.0], [77690.0, 500.0], [77687.5, 1400.0], [77685.0, 1360.0], [77682.5, 4540.0], [77660.0, 900.0], [77657.5, 3000.0], [77617.5, 4910.0], [77615.0, 16440.0], [77600.0, 5940.0], [77597.5, 19900.0], [77562.5, 650.0], [77560.0, 2170.0], [77555.0, 50.0], [77542.5, 1350.0]], "asks": [[77707.5, 4540.0], [77710.0, 13590.0], [77712.5, 45550.0], [77715.0, 450.0], [77717.5, 1500.0], [77720.0, 5020.0], [77722.5, 16830.0], [77782.5, 4780.0], [77785.0, 16020.0], [77802.5, 5850.0], [77805.0, 19590.0], [77807.5, 6090.0], [77810.0, 20410.0], [77835.0, 1330.0], [77837.5, 4470.0], [77852.5, 40560.0], [77895.0, 40710.0], [77902.5, 50000.0], [77947.5, 500.0], [77990.0, 61580.0]]}}}
{"jsonrpc": "2.0", "method": "subscription", "params": {"channel": "book.BTC-13FEB26.none.20.100ms", "data": {"timestamp": 1770030508046, "change_id": 138052753474, "instrument_name": "BTC-13FEB26", "bids": [[77775.0, 3000.0], [77772.5, 1500.0], [77770.0, 80.0], [77767.5, 1500.0], [77765.0, 470.0], [77762.5, 1500.0], [77760.0, 1750.0], [77757.5, 1500.0], [77755.0, 5380.0], [77722.5, 1010.0], [77720.0, 3400.0], [77712.5, 650.0], [77710.0, 2170.0], [77707.5, 20.0], [77685.0, 4810.0], [77682.5, 16110.0], [77655.0, 1480.0], [77652.5, 4920.0], [77650.0, 40.0], [77647.5, 19090.0]], "asks": [[77777.5, 1520.0], [77780.0, 4540.0], [77782.5, 450.0], [77785.0, 1500.0], [77792.5, 450.0], [77795.0, 1950.0], [77797.5, 1500.0], [77815.0, 20.0], [77835.0, 13590.0], [77837.5, 45540.0], [77850.0, 6120.0], [77852.5, 21120.0], [77855.0, 20.0], [77865.0, 4610.0], [77867.5, 15340.0], [77900.0, 1340.0], [77902.5, 4480.0], [77910.0, 2600.0], [77912.5, 8720.0], [77917.5, 60.0]]}}}
{"jsonrpc": "2.0", "method": "subscription", "params": {"channel": "book.BTC-6FEB26.none.20.100ms", "data": {"timestamp": 1770030507995, "change_id": 138052753428, "instrument_name": "BTC-6FEB26", "bids": [[77705.0, 1500.0], [77702.5, 1400.0], [77700.0, 420.0], [77697.5, 1400.0], [77695.0, 440.0], [77692.5, 1400.0], [77690.0, 500.0], [77687.5, 1400.0], [77685.0, 1360.0], [77682.5, 4540.0], [77660.0, 900.0], [77657.5, 3000.0], [77617.5, 4910.0], [77615.0, 16440.0], [77600.0, 5940.0], [77597.5, 19900.0], [77562.5, 650.0], [77560.0, 2170.0], [77555.0, 50.0], [77542.5, 1350.0]], "asks": [[77707.5, 4540.0], [77710.0, 13590.0], [77712.5, 45550.0], [77715.0, 450.0], [77717.5, 1500.0], [77782.5, 4780.0], [77785.0, 16020.0], [77802.5, 5850.0], [77805.0, 19590.0], [77807.5, 6090.0], [77810.0, 20410.0], [77835.0, 1330.0], [77837.5, 4470.0], [77852.5, 40560.0], [77895.0, 40710.0], [77902.5, 50000.0], [77947.5, 500.0], [77990.0, 61580.0], [78007.5, 40.0], [78025.0, 160.0]]}}}
{"jsonrpc": "2.0", "method": "subscription", "params": {"channel": "book.BTC-13FEB26.none.20.100ms", "data": {"timestamp": 1770030508203, "change_id": 138052753786, "instrument_name": "BTC-13FEB26", "bids": [[77775.0, 3000.0], [77772.5, 1500.0], [77770.0, 80.0], [77767.5, 1500.0], [77765.0, 470.0], [77762.5, 1500.0], [77760.0, 1750.0], [77757.5, 1500.0], [77755.0, 5380.0], [77722.5, 1010.0], [77720.0, 3400.0], [77712.5, 650.0], [77710.0, 2170.0], [77707.5, 20.0], [77685.0, 4810.0], [77682.5, 16110.0], [77655.0, 1480.0], [77652.5, 4920.0], [77650.0, 40.0], [77647.5, 19090.0]], "asks": [[77777.5, 1520.0], [77780.0, 4540.0], [77782.5, 450.0], [77785.0, 1500.0], [77787.5, 3230.0], [77790.0, 22400.0], [77792.5, 37330.0], [77795.0, 1950.0], [77797.5, 1500.0], [77815.0, 20.0], [77835.0, 13590.0], [77837.5, 45540.0], [77850.0, 6120.0], [77852.5, 21120.0], [77855.0, 20.0], [77865.0, 4610.0], [77867.5, 15340.0], [77900.0, 1340.0], [77902.5, 4480.0], [77910.0, 2600.0]]}}}
{"jsonrpc": "2.0", "method": "subscription", "params": {"channel": "book.BTC-6FEB26.none.20.100ms", "data": {"timestamp": 1770030508204, "change_id": 138052753787, "instrument_name": "BTC-6FEB26", "bids": [[77705.0, 1500.0], [77702.5, 1400.0], [77700.0, 420.0], [77697.5, 1400.0], [77695.0, 440.0], [77692.5, 1400.0], [77690.0, 500.0], [77687.5, 1400.0], [77685.0, 1360.0], [77682.5, 4540.0], [77660.0, 900.0], [77657.5, 3000.0], [77617.5, 4910.0], [77615.0, 16440.0], [77600.0, 5940.0], [77597.5, 19900.0], [77562.5, 650.0], [77560.0, 2170.0], [77555.0, 50.0], [77542.5, 1350.0]], "asks": [[77707.5, 4540.0], [77710.0, 13590.0], [77712.5, 45550.0], [77715.0, 450.0], [77717.5, 1500.0], [77720.0, 3220.0], [77722.5, 10800.0], [77782.5, 4780.0], [77785.0, 16020.0], [77802.5, 5850.0], [77805.0, 19590.0], [77807.5, 6090.0], [77810.0, 20410.0], [77835.0, 1330.0], [77837.5, 4470.0], [77852.5, 40560.0], [77895.0, 40710.0], [77902.5, 50000.0], [77947.5, 500.0], [77990.0, 61580.0]]}}}
{"jsonrpc": "2.0", "method": "subscription", "params": {"channel": "book.BTC-13FEB26.none.20.100ms", "data": {"timestamp": 1770030508746, "change_id": 138052754582, "instrument_name": "BTC-13FEB26", "bids": [[77775.0, 3000.0], [77772.5, 1500.0], [77770.0, 80.0], [77767.5, 1500.0], [77765.0, 470.0], [77762.5, 1500.0], [77760.0, 1750.0], [77757.5, 1500.0], [77755.0, 5380.0], [77722.5, 1010.0], [77720.0, 3400.0], [77712.5, 650.0], [77710.0, 2170.0], [77707.5, 20.0], [77685.0, 4810.0], [77682.5, 16110.0], [77655.0, 1480.0], [77652.5, 4920.0], [77650.0, 40.0], [77647.5, 19090.0]], "asks": [[77777.5, 1520.0], [77780.0, 4540.0], [77782.5, 450.0], [77785.0, 1500.0], [77787.5, 3230.0], [77790.0, 22400.0], [77792.5, 37330.0], [77795.0, 1950.0], [77797.5, 1500.0], [77815.0, 20.0], [77835.0, 13590.0], [77837.5, 45540.0], [77850.0, 6120.0], [77852.5, 21120.0], [77855.0, 20.0], [77865.0, 4610.0], [77867.5, 15340.0], [77900.0, 1340.0], [77902.5, 4480.0], [77910.0, 2600.0]]}}}
{"jsonrpc": "2.0", "method": "subscription", "params": {"channel": "book.BTC-13FEB26.none.20.100ms", "data": {"timestamp": 1770030509126, "change_id": 138052754830, "instrument_name": "BTC-13FEB26", "bids": [[77775.0, 3000.0], [77772.5, 1500.0], [77770.0, 80.0], [77767.5, 1500.0], [77765.0, 470.0], [77762.5, 1500.0], [77760.0, 1750.0], [77757.5, 1500.0], [77755.0, 5380.0], [77722.5, 1010.0], [77720.0, 3400.0], [77712.5, 650.0], [77710.0, 2170.0], [77707.5, 20.0], [77685.0, 4810.0], [77682.5, 16110.0], [77655.0, 1480.0], [77652.5, 4920.0], [77650.0, 40.0], [77647.5, 19090.0]], "asks": [[77777.5, 20.0], [77780.0, 4540.0], [77782.5, 450.0], [77785.0, 1500.0], [77787.5, 4730.0], [77790.0, 22400.0], [77792.5, 37330.0], [77795.0, 1950.0], [77797.5, 1500.0], [77815.0, 20.0], [77835.0, 13590.0], [77837.5, 45540.0], [77850.0, 6120.0], [77852.5, 21120.0], [77855.0, 20.0], [77865.0, 4610.0], [77867.5, 15340.0], [77900.0, 1340.0], [77902.5, 4480.0], [77910.0, 2600.0]]}}}
{"jsonrpc": "2.0", "method": "subscription", "params": {"channel": "book.BTC-6FEB26.none.20.100ms", "data": {"timestamp": 1770030509042, "change_id": 138052754727, "instrument_name": "BTC-6FEB26", "bids": [[77705.0, 2900.0], [77702.5, 1400.0], [77700.0, 420.0], [77697.5, 1400.0], [77695.0, 440.0], [77692.5, 1400.0], [77690.0, 500.0], [77687.5, 1400.0], [77685.0, 1360.0], [77682.5, 4540.0], [77660.0, 900.0], [77657.5, 3000.0], [77617.5, 4910.0], [77615.0, 16440.0], [77605.0, 5940.0], [77602.5, 19900.0], [77562.5, 650.0], [77560.0, 2170.0], [77555.0, 50.0], [77542.5, 1350.0]], "asks": [[77707.5, 4540.0], [77710.0, 13590.0], [77712.5, 45550.0], [77715.0, 450.0], [77717.5, 1500.0], [77720.0, 3220.0], [77722.5, 10800.0], [77782.5, 4780.0], [77785.0, 16020.0], [77802.5, 5850.0], [77805.0, 19590.0], [77807.5, 6090.0], [77810.0, 20410.0], [77835.0, 1330.0], [77837.5, 4470.0], [77852.5, 40560.0], [77895.0, 40710.0], [77902.5, 50000.0], [77947.5, 500.0], [77990.0, 61580.0]]}}}
{"jsonrpc": "2.0", "method": "subscription", "params": {"channel": "book.BTC-13FEB26.none.20.100ms", "data": {"timestamp": 1770030509452, "change_id": 138052756536, "instrument_name": "BTC-13FEB26", "bids": [[77780.0, 1580.0], [77777.5, 3450.0], [77775.0, 1970.0], [77772.5, 1500.0], [77770.0, 1750.0], [77767.5, 1500.0], [77765.0, 5010.0], [77762.5, 1500.0], [77760.0, 450.0], [77757.5, 1500.0], [77727.5, 20.0], [77722.5, 1010.0], [77720.0, 3400.0], [77712.5, 650.0], [77710.0, 2170.0], [77685.0, 4810.0], [77682.5, 16110.0], [77655.0, 1480.0], [77652.5, 4920.0], [77650.0, 40.0]], "asks": [[77790.0, 450.0], [77795.0, 1500.0], [77797.5, 20.0], [77815.0, 20.0], [77835.0, 13590.0], [77837.5, 45540.0], [77850.0, 6120.0], [77852.5, 21120.0], [77855.0, 20.0], [77865.0, 4610.0], [77867.5, 15340.0], [77900.0, 1340.0], [77902.5, 4480.0], [77910.0, 2600.0], [77912.5, 8720.0], [77917.5, 60.0], [77932.5, 2180.0], [77935.0, 30400.0], [77990.0, 160.0], [77992.5, 29340.0]]}}}
{"jsonrpc": "2.0", "method": "subscription", "params": {"channel": "book.BTC-6FEB26.none.20.100ms", "data": {"timestamp": 1770030509462, "change_id": 138052756665, "instrument_name": "BTC-6FEB26", "bids": [[77712.5, 2270.0], [77710.0, 3740.0], [77707.5, 1400.0], [77705.0, 1820.0], [77702.5, 1400.0], [77700.0, 500.0], [77697.5, 1400.0], [77695.0, 1740.0], [77692.5, 1400.0], [77690.0, 420.0], [77687.5, 1400.0], [77660.0, 900.0], [77657.5, 3000.0], [77617.5, 4910.0], [77615.0, 16440.0], [77562.5, 650.0], [77560.0, 2180.0], [77555.0, 40.0], [77542.5, 1350.0], [77540.0, 4530.0]], "asks": [[77725.0, 10.0], [77757.5, 13550.0], [77760.0, 45400.0], [77782.5, 4780.0], [77785.0, 16020.0], [77802.5, 5850.0], [77805.0, 19590.0], [77835.0, 1330.0], [77837.5, 4470.0], [77852.5, 60970.0], [77895.0, 40710.0], [77947.5, 500.0], [77990.0, 61580.0], [78007.5, 40.0], [78025.0, 160.0], [78027.5, 34840.0], [78090.0, 50000.0], [78095.0, 10890.0], [78097.5, 61220.0], [78172.5, 100000.0]]}}}
{"jsonrpc": "2.0", "method": "subscription", "params": {"channel": "book.BTC-13FEB26.none.20.100ms", "data": {"timestamp": 1770030509783, "change_id": 138052758573, "instrument_name": "BTC-13FEB26", "bids": [[77777.5, 3000.0], [77775.0, 1500.0], [77772.5, 1500.0], [77767.5, 1580.0], [77765.0, 450.0], [77762.5, 1500.0], [77760.0, 1750.0], [77757.5, 6040.0], [77712.5, 650.0], [77710.0, 3180.0], [77707.5, 3400.0], [77685.0, 4810.0], [77682.5, 16110.0], [77660.0, 1470.0], [77657.5, 4920.0], [77650.0, 40.0], [77647.5, 19090.0], [77645.0, 50000.0], [77642.5, 1360.0], [77640.0, 4550.0]], "asks": [[77782.5, 6940.0], [77785.0, 1500.0], [77787.5, 1500.0], [77792.5, 450.0], [77795.0, 1500.0], [77815.0, 40.0], [77835.0, 13590.0], [77837.5, 45540.0], [77850.0, 4610.0], [77852.5, 16080.0], [77855.0, 20.0], [77865.0, 30.0], [77895.0, 1500.0], [77897.5, 5040.0], [77900.0, 5740.0], [77902.5, 4480.0], [77905.0, 15340.0], [77910.0, 2600.0], [77912.5, 8720.0], [77917.5, 60.0]]}}}
{"jsonrpc": "2.0", "method": "subscription", "params": {"channel": "book.BTC-6FEB26.none.20.100ms", "data": {"timestamp": 1770030509715, "change_id": 138052758223, "instrument_name": "BTC-6FEB26", "bids": [[77712.5, 1400.0], [77710.0, 1400.0], [77707.5, 1400.0], [77705.0, 1400.0], [77702.5, 1400.0], [77700.0, 500.0], [77697.5, 1400.0], [77695.0, 1310.0], [77692.5, 4400.0], [77690.0, 420.0], [77687.5, 1400.0], [77685.0, 1360.0], [77682.5, 4540.0], [77617.5, 4910.0], [77615.0, 16440.0], [77605.0, 2600.0], [77602.5, 8710.0], [77562.5, 650.0], [77560.0, 2180.0], [77555.0, 40.0]], "asks": [[77717.5, 4540.0], [77720.0, 10.0], [77757.5, 13550.0], [77760.0, 45400.0], [77782.5, 4780.0], [77785.0, 16020.0], [77802.5, 5850.0], [77805.0, 19590.0], [77835.0, 1330.0], [77837.5, 4470.0], [77850.0, 18200.0], [77852.5, 60970.0], [77947.5, 500.0], [77955.0, 50000.0], [77977.5, 40710.0], [77990.0, 61580.0], [78007.5, 40.0], [78025.0, 160.0], [78027.5, 34840.0], [78090.0, 50000.0]]}}}
{"jsonrpc": "2.0", "method": "subscription", "params": {"channel": "book.BTC-13FEB26.none.20.100ms", "data": {"timestamp": 1770030510071, "change_id": 138052759009, "instrument_name": "BTC-13FEB26", "bids": [[77777.5, 1500.0], [77770.0, 470.0], [77767.5, 1580.0], [77765.0, 840.0], [77762.5, 1500.0], [77760.0, 3250.0], [77757.5, 4540.0], [77742.5, 20.0], [77712.5, 650.0], [77710.0, 3180.0], [77707.5, 3400.0], [77685.0, 4810.0], [77682.5, 16110.0], [77660.0, 1470.0], [77657.5, 4920.0], [77650.0, 40.0], [77647.5, 19090.0], [77645.0, 50000.0], [77642.5, 1360.0], [77640.0, 4550.0]], "asks": [[77780.0, 1500.0], [77782.5, 1950.0], [77785.0, 1500.0], [77815.0, 40.0], [77835.0, 13590.0], [77837.5, 45540.0], [77850.0, 4610.0], [77852.5, 16080.0], [77855.0, 20.0], [77865.0, 30.0], [77895.0, 1500.0], [77897.5, 5040.0], [77900.0, 5740.0], [77902.5, 4480.0], [77905.0, 15340.0], [77910.0, 2600.0], [77912.5, 8720.0], [77917.5, 60.0], [77932.5, 11250.0], [77935.0, 30400.0]]}}}
{"jsonrpc": "2.0", "method": "subscription", "params": {"channel": "book.BTC-6FEB26.none.20.100ms", "data": {"timestamp": 1770030510114, "change_id": 138052759169, "instrument_name": "BTC-6FEB26", "bids": [[77710.0, 1400.0], [77707.5, 1400.0], [77705.0, 890.0], [77702.5, 1400.0], [77700.0, 2360.0], [77697.5, 1400.0], [77695.0, 2710.0], [77692.5, 4400.0], [77690.0, 420.0], [77687.5, 1400.0], [77685.0, 1360.0], [77682.5, 4540.0], [77617.5, 4910.0], [77615.0, 16440.0], [77605.0, 2600.0], [77602.5, 8710.0], [77562.5, 650.0], [77560.0, 2180.0], [77555.0, 40.0], [77542.5, 1350.0]], "asks": [[77715.0, 1400.0], [77720.0, 10.0], [77757.5, 13550.0], [77760.0, 45400.0], [77782.5, 4780.0], [77785.0, 16020.0], [77802.5, 5850.0], [77805.0, 19590.0], [77835.0, 1330.0], [77837.5, 4470.0], [77850.0, 18200.0], [77852.5, 60970.0], [77947.5, 500.0], [77955.0, 50000.0], [77977.5, 40710.0], [77990.0, 61580.0], [78007.5, 40.0], [78025.0, 160.0], [78027.5, 34840.0], [78090.0, 50000.0]]}}}
{"jsonrpc": "2.0", "method": "subscription", "params": {"channel": "book.BTC-13FEB26.none.20.100ms", "data": {"timestamp": 1770030510454, "change_id": 138052760430, "instrument_name": "BTC-13FEB26", "bids": [[77767.5, 1580.0], [77762.5, 3540.0], [77760.0, 51500.0], [77757.5, 50000.0], [77752.5, 1360.0], [77750.0, 4540.0], [77742.5, 20.0], [77712.5, 650.0], [77710.0, 2170.0], [77690.0, 1010.0], [77687.5, 3400.0], [77685.0, 4810.0], [77682.5, 16110.0], [77660.0, 1470.0], [77657.5, 4920.0], [77650.0, 40.0], [77647.5, 19090.0], [77642.5, 1360.0], [77640.0, 4550.0], [77627.5, 4380.0]], "asks": [[77777.5, 3300.0], [77780.0, 6490.0], [77782.5, 1500.0], [77815.0, 40.0], [77835.0, 13590.0], [77837.5, 45540.0], [77850.0, 4610.0], [77852.5, 16080.0], [77855.0, 20.0], [77865.0, 30.0], [77895.0, 1500.0], [77897.5, 5040.0], [77900.0, 5740.0], [77902.5, 4480.0], [77905.0, 15340.0], [77910.0, 2600.0], [77912.5, 8720.0], [77917.5, 60.0], [77932.5, 11250.0], [77935.0, 30400.0]]}}}
{"jsonrpc": "2.0", "method": "subscription", "params": {"channel": "book.BTC-6FEB26.none.20.100ms", "data": {"timestamp": 1770030510413, "change_id": 138052760253, "instrument_name": "BTC-6FEB26", "bids": [[77702.5, 1400.0], [77700.0, 80.0], [77697.5, 1400.0], [77695.0, 2710.0], [77692.5, 4400.0], [77690.0, 420.0], [77687.5, 1400.0], [77685.0, 1360.0], [77682.5, 4540.0], [77617.5, 4910.0], [77615.0, 16440.0], [77605.0, 2600.0], [77602.5, 8710.0], [77562.5, 650.0], [77560.0, 2180.0], [77555.0, 40.0], [77542.5, 1350.0], [77540.0, 4530.0], [77535.0, 19540.0], [77507.5, 34870.0]], "asks": [[77705.0, 4540.0], [77710.0, 2240.0], [77712.5, 1400.0], [77715.0, 1410.0], [77757.5, 13550.0], [77760.0, 45400.0], [77782.5, 4780.0], [77785.0, 16020.0], [77802.5, 5850.0], [77805.0, 19590.0], [77835.0, 1330.0], [77837.5, 4470.0], [77850.0, 18200.0], [77852.5, 60970.0], [77947.5, 500.0], [77955.0, 50000.0], [77977.5, 40710.0], [77990.0, 61570.0], [78007.5, 50.0], [78025.0, 160.0]]}}}
{"jsonrpc": "2.0", "method": "subscription", "params": {"channel": "book.BTC-13FEB26.none.20.100ms", "data": {"timestamp": 1770030510757, "change_id": 138052761039, "instrument_name": "BTC-13FEB26", "bids": [[77772.5, 3010.0], [77767.5, 1580.0], [77762.5, 7260.0], [77760.0, 51500.0], [77755.0, 8530.0], [77752.5, 50000.0], [77750.0, 4540.0], [77742.5, 20.0], [77712.5, 650.0], [77710.0, 2170.0], [77690.0, 1010.0], [77687.5, 3400.0], [77685.0, 4810.0], [77682.5, 16110.0], [77662.5, 2600.0], [77660.0, 10180.0], [77657.5, 4920.0], [77650.0, 40.0], [77642.5, 1360.0], [77640.0, 4550.0]], "asks": [[77777.5, 3300.0], [77780.0, 6040.0], [77782.5, 1500.0], [77815.0, 40.0], [77835.0, 13590.0], [77837.5, 45540.0], [77850.0, 4610.0], [77852.5, 16080.0], [77855.0, 20.0], [77865.0, 30.0], [77895.0, 1500.0], [77897.5, 5040.0], [77900.0, 5740.0], [77902.5, 4480.0], [77905.0, 15340.0], [77910.0, 2600.0], [77912.5, 8720.0], [77917.5, 60.0], [77932.5, 11250.0], [77935.0, 30400.0]]}}}
{"jsonrpc": "2.0", "method": "subscription", "params": {"channel": "book.BTC-6FEB26.none.20.100ms", "data": {"timestamp": 1770030510758, "change_id": 138052761044, "instrument_name": "BTC-6FEB26", "bids": [[77702.5, 1400.0], [77697.5, 1400.0], [77695.0, 4210.0], [77692.5, 4400.0], [77690.0, 420.0], [77687.5, 1480.0], [77685.0, 1360.0], [77682.5, 4540.0], [77617.5, 4910.0], [77615.0, 16440.0], [77605.0, 2600.0], [77602.5, 8710.0], [77562.5, 650.0], [77560.0, 2180.0], [77555.0, 40.0], [77542.5, 1350.0], [77540.0, 4530.0], [77535.0, 19540.0], [77507.5, 34870.0], [77487.5, 50500.0]], "asks": [[77705.0, 4540.0], [77707.5, 1700.0], [77710.0, 2910.0], [77712.5, 1400.0], [77715.0, 1400.0], [77757.5, 13550.0], [77760.0, 45400.0], [77782.5, 4780.0], [77785.0, 16020.0], [77802.5, 5850.0], [77805.0, 19590.0], [77835.0, 1330.0], [77837.5, 4470.0], [77850.0, 18200.0], [77852.5, 60970.0], [77947.5, 500.0], [77955.0, 50000.0], [77977.5, 40710.0], [77990.0, 61570.0], [78007.5, 50.0]]}}}
{"jsonrpc": "2.0", "method": "subscription", "params": {"channel": "book.BTC-13FEB26.none.20.100ms", "data": {"timestamp": 1770030511114, "change_id": 138052762870, "instrument_name": "BTC-13FEB26", "bids": [[77772.5, 10.0], [77755.0, 80.0], [77742.5, 1360.0], [77740.0, 4540.0], [77712.5, 650.0], [77710.0, 2170.0], [77695.0, 1010.0], [77692.5, 3400.0], [77687.5, 10650.0], [77685.0, 54810.0], [77682.5, 16110.0], [77660.0, 10180.0], [77650.0, 40.0], [77645.0, 4920.0], [77640.0, 4550.0], [77627.5, 4380.0], [77625.0, 14690.0], [77607.5, 34840.0], [77600.0, 16120.0], [77595.0, 45310.0]], "asks": [[77775.0, 1500.0], [77777.5, 3300.0], [77780.0, 4540.0], [77782.5, 1500.0], [77785.0, 450.0], [77787.5, 1500.0], [77815.0, 40.0], [77835.0, 13590.0], [77837.5, 45540.0], [77850.0, 4610.0], [77852.5, 16080.0], [77855.0, 20.0], [77865.0, 30.0], [77895.0, 1500.0], [77897.5, 5040.0], [77900.0, 5740.0], [77902.5, 4480.0], [77905.0, 15340.0], [77910.0, 2600.0], [77912.5, 8720.0]]}}}
{"jsonrpc": "2.0", "method": "subscription", "params": {"channel": "book.BTC-6FEB26.none.20.100ms", "data": {"timestamp": 1770030511070, "change_id": 138052762644, "instrument_name": "BTC-6FEB26", "bids": [[77687.5, 1400.0], [77675.0, 920.0], [77672.5, 80.0], [77670.0, 4360.0], [77667.5, 4540.0], [77617.5, 4910.0], [77615.0, 16440.0], [77605.0, 2600.0], [77602.5, 8710.0], [77562.5, 650.0], [77560.0, 2180.0], [77555.0, 40.0], [77542.5, 1350.0], [77540.0, 4530.0], [77537.5, 5830.0], [77535.0, 19540.0], [77507.5, 34870.0], [77487.5, 50500.0], [77472.5, 34840.0], [77460.0, 39600.0]], "asks": [[77692.5, 1780.0], [77695.0, 4540.0], [77697.5, 10.0], [77707.5, 450.0], [77710.0, 1500.0], [77757.5, 13550.0], [77760.0, 45400.0], [77782.5, 4780.0], [77785.0, 16020.0], [77802.5, 5850.0], [77805.0, 19590.0], [77835.0, 1330.0], [77837.5, 4470.0], [77850.0, 18200.0], [77852.5, 60970.0], [77947.5, 500.0], [77955.0, 50000.0], [77977.5, 40710.0], [77990.0, 61570.0], [78007.5, 50.0]]}}}
{"jsonrpc": "2.0", "method": "subscription", "params": {"channel": "book.BTC-13FEB26.none.20.100ms", "data": {"timestamp": 1770030511445, "change_id": 138052764528, "instrument_name": "BTC-13FEB26", "bids": [[77765.0, 1580.0], [77760.0, 10.0], [77747.5, 4540.0], [77722.5, 20.0], [77712.5, 650.0], [77710.0, 2170.0], [77695.0, 1010.0], [77692.5, 3400.0], [77685.0, 4810.0], [77682.5, 16110.0], [77665.0, 17520.0], [77662.5, 50000.0], [77660.0, 10180.0], [77650.0, 40.0], [77647.5, 1470.0], [77645.0, 4920.0], [77642.5, 1360.0], [77640.0, 4550.0], [77625.0, 14690.0], [77607.5, 34840.0]], "asks": [[77770.0, 4540.0], [77775.0, 23380.0], [77777.5, 68750.0], [77782.5, 1500.0], [77815.0, 20.0], [77835.0, 13590.0], [77837.5, 45540.0], [77850.0, 4610.0], [77852.5, 16080.0], [77855.0, 20.0], [77865.0, 30.0], [77895.0, 1500.0], [77897.5, 5040.0], [77900.0, 5740.0], [77902.5, 4480.0], [77905.0, 15340.0], [77910.0, 2600.0], [77912.5, 8720.0], [77917.5, 60.0], [77932.5, 11250.0]]}}}
{"jsonrpc": "2.0", "method": "subscription", "params": {"channel": "book.BTC-6FEB26.none.20.100ms", "data": {"timestamp": 1770030511444, "change_id": 138052764526, "instrument_name": "BTC-6FEB26", "bids": [[77695.0, 2240.0], [77692.5, 1400.0], [77690.0, 1820.0], [77687.5, 1400.0], [77682.5, 80.0], [77677.5, 1360.0], [77675.0, 5460.0], [77670.0, 3000.0], [77617.5, 4910.0], [77615.0, 16440.0], [77605.0, 2600.0], [77602.5, 8710.0], [77562.5, 650.0], [77560.0, 2180.0], [77555.0, 40.0], [77542.5, 1350.0], [77540.0, 4530.0], [77537.5, 5830.0], [77535.0, 19540.0], [77507.5, 34870.0]], "asks": [[77700.0, 1360.0], [77702.5, 4540.0], [77705.0, 10.0], [77757.5, 13550.0], [77760.0, 45400.0], [77782.5, 4780.0], [77785.0, 16020.0], [77802.5, 5850.0], [77805.0, 19590.0], [77835.0, 1330.0], [77837.5, 4470.0], [77850.0, 18200.0], [77852.5, 60970.0], [77947.5, 500.0], [77955.0, 50000.0], [77977.5, 40710.0], [77990.0, 61570.0], [78007.5, 50.0], [78025.0, 160.0], [78027.5, 34840.0]]}}}
{"jsonrpc": "2.0", "method": "subscription", "params": {"channel": "book.BTC-13FEB26.none.20.100ms", "data": {"timestamp": 1770030511744, "change_id": 138052765382, "instrument_name": "BTC-13FEB26", "bids": [[77772.5, 3000.0], [77765.0, 80.0], [77760.0, 10.0], [77750.0, 1360.0], [77747.5, 4540.0], [77722.5, 20.0], [77712.5, 650.0], [77710.0, 2170.0], [77695.0, 1010.0], [77692.5, 3400.0], [77685.0, 4810.0], [77682.5, 16110.0], [77665.0, 17520.0], [77662.5, 50000.0], [77660.0, 10180.0], [77650.0, 40.0], [77647.5, 1470.0], [77645.0, 4920.0], [77642.5, 1360.0], [77640.0, 4550.0]], "asks": [[77775.0, 1500.0], [77777.5, 6040.0], [77780.0, 450.0], [77782.5, 1500.0], [77815.0, 20.0], [77835.0, 13590.0], [77837.5, 45540.0], [77850.0, 4610.0], [77852.5, 16080.0], [77855.0, 20.0], [77865.0, 30.0], [77895.0, 1500.0], [77897.5, 5040.0], [77900.0, 5740.0], [77902.5, 4480.0], [77905.0, 15340.0], [77910.0, 2600.0], [77912.5, 8720.0], [77917.5, 60.0], [77932.5, 11250.0]]}}}
{"jsonrpc": "2.0", "method": "subscription", "params": {"channel": "book.BTC-6FEB26.none.20.100ms", "data": {"timestamp": 1770030511721, "change_id": 138052765356, "instrument_name": "BTC-6FEB26", "bids": [[77700.0, 2900.0], [77697.5, 1820.0], [77695.0, 1840.0], [77692.5, 1480.0], [77690.0, 420.0], [77687.5, 1400.0], [77685.0, 1380.0], [77682.5, 4540.0], [77675.0, 920.0], [77670.0, 3000.0], [77617.5, 4910.0], [77615.0, 16440.0], [77605.0, 2600.0], [77602.5, 8710.0], [77562.5, 650.0], [77560.0, 2180.0], [77555.0, 40.0], [77540.0, 4530.0], [77535.0, 19540.0], [77507.5, 34870.0]], "asks": [[77702.5, 4540.0], [77707.5, 10.0], [77717.5, 450.0], [77720.0, 1500.0], [77757.5, 13550.0], [77760.0, 45400.0], [77782.5, 4780.0], [77785.0, 16020.0], [77802.5, 5850.0], [77805.0, 19590.0], [77835.0, 1330.0], [77837.5, 4470.0], [77850.0, 18200.0], [77852.5, 60970.0], [77947.5, 500.0], [77955.0, 50000.0], [77977.5, 40710.0], [77990.0, 61570.0], [78007.5, 50.0], [78025.0, 160.0]]}}}
{"jsonrpc": "2.0", "method": "subscription", "params": {"channel": "book.BTC-13FEB26.none.20.100ms", "data": {"timestamp": 1770030512031, "change_id": 138052766426, "instrument_name": "BTC-13FEB26", "bids": [[77775.0, 1500.0], [77765.0, 80.0], [77760.0, 10.0], [77757.5, 1360.0], [77755.0, 4540.0], [77722.5, 20.0], [77712.5, 650.0], [77710.0, 2170.0], [77695.0, 1010.0], [77692.5, 3400.0], [77685.0, 4810.0], [77682.5, 16110.0], [77665.0, 17520.0], [77662.5, 50000.0], [77660.0, 10180.0], [77650.0, 40.0], [77647.5, 1470.0], [77645.0, 4920.0], [77642.5, 1360.0], [77640.0, 4550.0]], "asks": [[77777.5, 6040.0], [77792.5, 450.0], [77795.0, 1950.0], [77797.5, 1500.0], [77815.0, 20.0], [77835.0, 13590.0], [77837.5, 45540.0], [77850.0, 4610.0], [77852.5, 16080.0], [77855.0, 20.0], [77865.0, 30.0], [77895.0, 1500.0], [77897.5, 5040.0], [77900.0, 5740.0], [77902.5, 4480.0], [77905.0, 15340.0], [77910.0, 2600.0], [77912.5, 8720.0], [77917.5, 60.0], [77932.5, 11250.0]]}}}
{"jsonrpc": "2.0", "method": "subscription", "params": {"channel": "book.BTC-6FEB26.none.20.100ms", "data": {"timestamp": 1770030512102, "change_id": 138052766600, "instrument_name": "BTC-6FEB26", "bids": [[77702.5, 420.0], [77700.0, 2240.0], [77697.5, 1400.0], [77695.0, 3140.0], [77692.5, 1480.0], [77690.0, 4960.0], [77675.0, 920.0], [77670.0, 3000.0], [77617.5, 4910.0], [77615.0, 16440.0], [77605.0, 2600.0], [77602.5, 8710.0], [77562.5, 650.0], [77560.0, 2180.0], [77555.0, 40.0], [77540.0, 4530.0], [77535.0, 19540.0], [77507.5, 34870.0], [77487.5, 50500.0], [77472.5, 34840.0]], "asks": [[77707.5, 1360.0], [77710.0, 4550.0], [77717.5, 450.0], [77720.0, 1500.0], [77757.5, 13550.0], [77760.0, 45400.0], [77782.5, 4780.0], [77785.0, 16020.0], [77802.5, 5850.0], [77805.0, 19590.0], [77835.0, 1330.0], [77837.5, 4470.0], [77850.0, 18200.0], [77852.5, 60970.0], [77947.5, 500.0], [77955.0, 50000.0], [77977.5, 40710.0], [77990.0, 61570.0], [78007.5, 50.0], [78025.0, 160.0]]}}}
{"jsonrpc": "2.0", "method": "subscription", "params": {"channel": "book.BTC-13FEB26.none.20.100ms", "data": {"timestamp": 1770030512426, "change_id": 138052767715, "instrument_name": "BTC-13FEB26", "bids": [[77775.0, 1580.0], [77760.0, 10.0], [77757.5, 1360.0], [77755.0, 4540.0], [77722.5, 20.0], [77712.5, 650.0], [77710.0, 2170.0], [77695.0, 1010.0], [77692.5, 3400.0], [77685.0, 4810.0], [77682.5, 16110.0], [77665.0, 17520.0], [77662.5, 50000.0], [77660.0, 10180.0], [77650.0, 40.0], [77647.5, 1470.0], [77645.0, 4920.0], [77642.5, 1360.0], [77640.0, 4550.0], [77625.0, 14690.0]], "asks": [[77777.5, 6040.0], [77790.0, 4590.0], [77792.5, 13880.0], [77795.0, 1950.0], [77797.5, 1500.0], [77807.5, 20.0], [77815.0, 20.0], [77835.0, 13590.0], [77837.5, 45540.0], [77850.0, 4610.0], [77852.5, 16080.0], [77855.0, 20.0], [77865.0, 30.0], [77895.0, 1500.0], [77897.5, 5040.0], [77900.0, 5740.0], [77902.5, 4480.0], [77905.0, 15340.0], [77910.0, 2600.0], [77912.5, 8720.0]]}}}
{"jsonrpc": "2.0", "method": "subscription", "params": {"channel": "book.BTC-6FEB26.none.20.100ms", "data": {"timestamp": 1770030512320, "change_id": 138052767308, "instrument_name": "BTC-6FEB26", "bids": [[77702.5, 420.0], [77700.0, 2240.0], [77697.5, 1400.0], [77695.0, 3140.0], [77692.5, 1480.0], [77690.0, 4960.0], [77675.0, 920.0], [77670.0, 3000.0], [77617.5, 4910.0], [77615.0, 16440.0], [77605.0, 2600.0], [77602.5, 8710.0], [77562.5, 650.0], [77560.0, 2180.0], [77555.0, 40.0], [77542.5, 34840.0], [77540.0, 4530.0], [77535.0, 19540.0], [77517.5, 1500.0], [77507.5, 34870.0]], "asks": [[77707.5, 1360.0], [77710.0, 4550.0], [77717.5, 450.0], [77720.0, 1500.0], [77757.5, 13550.0], [77760.0, 45400.0], [77782.5, 4780.0], [77785.0, 16020.0], [77802.5, 5850.0], [77805.0, 19590.0], [77835.0, 1330.0], [77837.5, 4470.0], [77850.0, 18200.0], [77852.5, 60970.0], [77947.5, 500.0], [77955.0, 50000.0], [77977.5, 40710.0], [77990.0, 61570.0], [78007.5, 50.0], [78025.0, 160.0]]}}}
{"jsonrpc": "2.0", "method": "subscription", "params": {"channel": "book.BTC-13FEB26.none.20.100ms", "data": {"timestamp": 1770030512624, "change_id": 138052767986, "instrument_name": "BTC-13FEB26", "bids": [[77775.0, 1580.0], [77760.0, 10.0], [77757.5, 1360.0], [77755.0, 4540.0], [77722.5, 20.0], [77712.5, 650.0], [77710.0, 2170.0], [77695.0, 1010.0], [77692.5, 3400.0], [77685.0, 4810.0], [77682.5, 16110.0], [77665.0, 17520.0], [77662.5, 50000.0], [77660.0, 10180.0], [77650.0, 40.0], [77647.5, 1470.0], [77645.0, 4920.0], [77642.5, 1360.0], [77640.0, 4550.0], [77625.0, 14690.0]], "asks": [[77777.5, 4540.0], [77790.0, 4590.0], [77792.5, 13880.0], [77795.0, 1500.0], [77800.0, 450.0], [77802.5, 1500.0], [77807.5, 20.0], [77815.0, 20.0], [77835.0, 13590.0], [77837.5, 45540.0], [77850.0, 4610.0], [77852.5, 16080.0], [77855.0, 20.0], [77865.0, 30.0], [77895.0, 1500.0], [77897.5, 5040.0], [77900.0, 5740.0], [77902.5, 4480.0], [77905.0, 15340.0], [77910.0, 2600.0]]}}}
{"jsonrpc": "2.0", "method": "subscription", "params": {"channel": "book.BTC-6FEB26.none.20.100ms", "data": {"timestamp": 1770030512623, "change_id": 138052767985, "instrument_name": "BTC-6FEB26", "bids": [[77702.5, 420.0], [77700.0, 2240.0], [77697.5, 1400.0], [77695.0, 3140.0], [77692.5, 1480.0], [77690.0, 4960.0], [77675.0, 920.0], [77670.0, 3000.0], [77617.5, 4910.0], [77615.0, 16440.0], [77605.0, 2600.0], [77602.5, 8710.0], [77562.5, 650.0], [77560.0, 2180.0], [77555.0, 40.0], [77542.5, 34840.0], [77540.0, 4530.0], [77535.0, 21040.0], [77507.5, 34870.0], [77487.5, 50500.0]], "asks": [[77707.5, 1360.0], [77710.0, 4550.0], [77717.5, 450.0], [77720.0, 1500.0], [77757.5, 13550.0], [77760.0, 45400.0], [77782.5, 4780.0], [77785.0, 16020.0], [77802.5, 5850.0], [77805.0, 19590.0], [77835.0, 1330.0], [77837.5, 4470.0], [77850.0, 18200.0], [77852.5, 60970.0], [77947.5, 500.0], [77955.0, 50000.0], [77977.5, 40710.0], [77990.0, 61570.0], [78007.5, 50.0], [78025.0, 160.0]]}}}
{"jsonrpc": "2.0", "method": "subscription", "params": {"channel": "book.BTC-13FEB26.none.20.100ms", "data": {"timestamp": 1770030513033, "change_id": 138052768496, "instrument_name": "BTC-13FEB26", "bids": [[77775.0, 1580.0], [77760.0, 10.0], [77757.5, 1360.0], [77755.0, 4540.0], [77722.5, 20.0], [77712.5, 3160.0], [77710.0, 10880.0], [77695.0, 1010.0], [77692.5, 3400.0], [77685.0, 4810.0], [77682.5, 16110.0], [77665.0, 17520.0], [77662.5, 50000.0], [77650.0, 40.0], [77647.5, 1470.0], [77645.0, 4920.0], [77642.5, 1360.0], [77640.0, 4550.0], [77627.5, 1500.0], [77625.0, 14690.0]], "asks": [[77777.5, 1500.0], [77780.0, 4540.0], [77785.0, 450.0], [77787.5, 1500.0], [77797.5, 450.0], [77800.0, 1500.0], [77807.5, 20.0], [77815.0, 20.0], [77835.0, 13590.0], [77837.5, 45540.0], [77850.0, 4610.0], [77852.5, 16080.0], [77855.0, 20.0], [77865.0, 30.0], [77895.0, 1500.0], [77897.5, 5040.0], [77900.0, 5740.0], [77902.5, 4480.0], [77905.0, 15340.0], [77910.0, 2600.0]]}}}
{"jsonrpc": "2.0", "method": "subscription", "params": {"channel": "book.BTC-6FEB26.none.20.100ms", "data": {"timestamp": 1770030512999, "change_id": 138052768456, "instrument_name": "BTC-6FEB26", "bids": [[77705.0, 1820.0], [77702.5, 1400.0], [77700.0, 840.0], [77697.5, 1400.0], [77695.0, 3140.0], [77692.5, 1480.0], [77690.0, 4960.0], [77675.0, 920.0], [77670.0, 3000.0], [77617.5, 4910.0], [77615.0, 16440.0], [77605.0, 2600.0], [77602.5, 8710.0], [77562.5, 650.0], [77560.0, 2180.0], [77555.0, 40.0], [77550.0, 1500.0], [77542.5, 34840.0], [77540.0, 4530.0], [77535.0, 19540.0]], "asks": [[77710.0, 4540.0], [77712.5, 10.0], [77717.5, 450.0], [77720.0, 1500.0], [77757.5, 13550.0], [77760.0, 45400.0], [77782.5, 4780.0], [77785.0, 16020.0], [77802.5, 5850.0], [77805.0, 19590.0], [77835.0, 1330.0], [77837.5, 4470.0], [77850.0, 18200.0], [77852.5, 60970.0], [77947.5, 500.0], [77955.0, 50000.0], [77977.5, 40710.0], [77990.0, 61570.0], [78007.5, 50.0], [78025.0, 160.0]]}}}
{"jsonrpc": "2.0", "method": "subscription", "params": {"channel": "book.BTC-13FEB26.none.20.100ms", "data": {"timestamp": 1770030513430, "change_id": 138052769510, "instrument_name": "BTC-13FEB26", "bids": [[77775.0, 1580.0], [77760.0, 10.0], [77757.5, 1360.0], [77755.0, 4540.0], [77722.5, 20.0], [77712.5, 3160.0], [77710.0, 10880.0], [77695.0, 1010.0], [77692.5, 3400.0], [77685.0, 4810.0], [77682.5, 16110.0], [77665.0, 17520.0], [77662.5, 50000.0], [77655.0, 1500.0], [77650.0, 40.0], [77647.5, 1470.0], [77645.0, 4920.0], [77642.5, 1360.0], [77640.0, 4550.0], [77625.0, 14690.0]], "asks": [[77777.5, 1500.0], [77780.0, 4540.0], [77785.0, 450.0], [77787.5, 1500.0], [77797.5, 450.0], [77800.0, 1500.0], [77807.5, 20.0], [77815.0, 20.0], [77835.0, 13590.0], [77837.5, 45540.0], [77850.0, 4610.0], [77852.5, 16080.0], [77855.0, 20.0], [77865.0, 30.0], [77895.0, 1500.0], [77897.5, 5040.0], [77900.0, 5740.0], [77902.5, 4480.0], [77905.0, 15340.0], [77910.0, 2600.0]]}}}
{"jsonrpc": "2.0", "method": "subscription", "params": {"channel": "book.BTC-6FEB26.none.20.100ms", "data": {"timestamp": 1770030513428, "change_id": 138052769505, "instrument_name": "BTC-6FEB26", "bids": [[77705.0, 1820.0], [77702.5, 1400.0], [77700.0, 840.0], [77697.5, 1400.0], [77695.0, 3140.0], [77692.5, 1480.0], [77690.0, 4960.0], [77675.0, 920.0], [77670.0, 3000.0], [77620.0, 10.0], [77617.5, 4910.0], [77615.0, 16440.0], [77605.0, 2600.0], [77602.5, 8710.0], [77580.0, 450.0], [77577.5, 1500.0], [77562.5, 650.0], [77560.0, 2180.0], [77555.0, 40.0], [77542.5, 34840.0]], "asks": [[77710.0, 4540.0], [77712.5, 10.0], [77722.5, 450.0], [77725.0, 1500.0], [77757.5, 13550.0], [77760.0, 45400.0], [77782.5, 4780.0], [77785.0, 16020.0], [77802.5, 5850.0], [77805.0, 19590.0], [77835.0, 1330.0], [77837.5, 4470.0], [77850.0, 18200.0], [77852.5, 60970.0], [77947.5, 500.0], [77955.0, 50000.0], [77977.5, 40710.0], [77990.0, 61570.0], [78007.5, 50.0], [78025.0, 160.0]]}}}
{"jsonrpc": "2.0", "method": "subscription", "params": {"channel": "book.BTC-13FEB26.none.20.100ms", "data": {"timestamp": 1770030513655, "change_id": 138052769725, "instrument_name": "BTC-13FEB26", "bids": [[77775.0, 1580.0], [77770.0, 10.0], [77757.5, 1360.0], [77755.0, 4540.0], [77722.5, 20.0], [77712.5, 3160.0], [77710.0, 10880.0], [77695.0, 1010.0], [77692.5, 3400.0], [77685.0, 4810.0], [77682.5, 16110.0], [77670.0, 450.0], [77667.5, 1500.0], [77665.0, 17520.0], [77662.5, 50000.0], [77650.0, 40.0], [77647.5, 1470.0], [77645.0, 4920.0], [77642.5, 1360.0], [77640.0, 4550.0]], "asks": [[77777.5, 1500.0], [77780.0, 4540.0], [77785.0, 450.0], [77787.5, 1500.0], [77797.5, 450.0], [77800.0, 1500.0], [77807.5, 20.0], [77815.0, 20.0], [77835.0, 13590.0], [77837.5, 45540.0], [77850.0, 4610.0], [77852.5, 16080.0], [77855.0, 20.0], [77865.0, 30.0], [77895.0, 1500.0], [77897.5, 5040.0], [77900.0, 5740.0], [77902.5, 4480.0], [77905.0, 15340.0], [77910.0, 2600.0]]}}}
{"jsonrpc": "2.0", "method": "subscription", "params": {"channel": "book.BTC-6FEB26.none.20.100ms", "data": {"timestamp": 1770030513654, "change_id": 138052769721, "instrument_name": "BTC-6FEB26", "bids": [[77705.0, 1820.0], [77702.5, 1400.0], [77700.0, 840.0], [77697.5, 1400.0], [77695.0, 3140.0], [77692.5, 1480.0], [77690.0, 4960.0], [77675.0, 920.0], [77670.0, 3000.0], [77620.0, 10.0], [77617.5, 4910.0], [77615.0, 16440.0], [77605.0, 2600.0], [77602.5, 8710.0], [77592.5, 450.0], [77590.0, 1500.0], [77562.5, 650.0], [77560.0, 2180.0], [77555.0, 40.0], [77542.5, 34840.0]], "asks": [[77710.0, 4540.0], [77712.5, 10.0], [77722.5, 450.0], [77725.0, 1500.0], [77757.5, 13550.0], [77760.0, 45400.0], [77782.5, 4780.0], [77785.0, 16020.0], [77802.5, 5850.0], [77805.0, 19590.0], [77835.0, 1330.0], [77837.5, 4470.0], [77850.0, 18200.0], [77852.5, 60970.0], [77947.5, 500.0], [77955.0, 50000.0], [77977.5, 40710.0], [77990.0, 61570.0], [78007.5, 50.0], [78025.0, 160.0]]}}}
{"jsonrpc": "2.0", "method": "subscription", "params": {"channel": "book.BTC-13FEB26.none.20.100ms", "data": {"timestamp": 1770030514027, "change_id": 138052770310, "instrument_name": "BTC-13FEB26", "bids": [[77775.0, 80.0], [77770.0, 10.0], [77757.5, 1360.0], [77755.0, 4540.0], [77722.5, 20.0], [77712.5, 3160.0], [77710.0, 10880.0], [77695.0, 1010.0], [77692.5, 3400.0], [77685.0, 4810.0], [77682.5, 16110.0], [77680.0, 450.0], [77677.5, 1500.0], [77665.0, 17520.0], [77662.5, 50000.0], [77650.0, 40.0], [77647.5, 1480.0], [77645.0, 4920.0], [77642.5, 1360.0], [77640.0, 4540.0]], "asks": [[77777.5, 1500.0], [77780.0, 4540.0], [77790.0, 4400.0], [77792.5, 14730.0], [77795.0, 900.0], [77797.5, 1500.0], [77800.0, 1500.0], [77807.5, 20.0], [77815.0, 20.0], [77835.0, 13590.0], [77837.5, 45540.0], [77850.0, 4610.0], [77852.5, 16080.0], [77855.0, 20.0], [77865.0, 30.0], [77895.0, 1500.0], [77897.5, 5040.0], [77900.0, 5740.0], [77902.5, 4480.0], [77905.0, 15340.0]]}}}
{"jsonrpc": "2.0", "method": "subscription", "params": {"channel": "book.BTC-6FEB26.none.20.100ms", "data": {"timestamp": 1770030514035, "change_id": 138052770339, "instrument_name": "BTC-6FEB26", "bids": [[77705.0, 1820.0], [77702.5, 1400.0], [77700.0, 840.0], [77697.5, 1400.0], [77695.0, 3140.0], [77692.5, 1480.0], [77690.0, 4960.0], [77675.0, 920.0], [77670.0, 3000.0], [77620.0, 10.0], [77617.5, 4910.0], [77615.0, 16440.0], [77605.0, 2600.0], [77602.5, 8710.0], [77600.0, 1500.0], [77562.5, 650.0], [77560.0, 2170.0], [77555.0, 40.0], [77542.5, 34840.0], [77540.0, 4540.0]], "asks": [[77710.0, 4540.0], [77712.5, 10.0], [77720.0, 5150.0], [77722.5, 1400.0], [77725.0, 16220.0], [77757.5, 13550.0], [77760.0, 45400.0], [77782.5, 4780.0], [77785.0, 16020.0], [77802.5, 5850.0], [77805.0, 19590.0], [77835.0, 1330.0], [77837.5, 4470.0], [77850.0, 18200.0], [77852.5, 60970.0], [77947.5, 500.0], [77955.0, 50000.0], [77977.5, 40710.0], [77990.0, 61580.0], [78007.5, 40.0]]}}}
{"jsonrpc": "2.0", "method": "subscription", "params": {"channel": "book.BTC-13FEB26.none.20.100ms", "data": {"timestamp": 1770030514339, "change_id": 138052771549, "instrument_name": "BTC-13FEB26", "bids": [[77775.0, 80.0], [77770.0, 10.0], [77757.5, 1360.0], [77755.0, 4540.0], [77722.5, 20.0], [77712.5, 3160.0], [77710.0, 10880.0], [77695.0, 1010.0], [77692.5, 3400.0], [77690.0, 1500.0], [77685.0, 4810.0], [77682.5, 16110.0], [77665.0, 17520.0], [77662.5, 50000.0], [77650.0, 40.0], [77647.5, 1480.0], [77645.0, 4920.0], [77642.5, 1360.0], [77640.0, 4540.0], [77625.0, 14690.0]], "asks": [[77777.5, 1500.0], [77780.0, 4540.0], [77790.0, 4400.0], [77792.5, 14730.0], [77795.0, 900.0], [77797.5, 1500.0], [77800.0, 1500.0], [77807.5, 20.0], [77815.0, 20.0], [77835.0, 13590.0], [77837.5, 45540.0], [77850.0, 4610.0], [77852.5, 16080.0], [77855.0, 20.0], [77865.0, 30.0], [77895.0, 1500.0], [77897.5, 5040.0], [77900.0, 5740.0], [77902.5, 4480.0], [77905.0, 15340.0]]}}}
{"jsonrpc": "2.0", "method": "subscription", "params": {"channel": "book.BTC-6FEB26.none.20.100ms", "data": {"timestamp": 1770030514401, "change_id": 138052771912, "instrument_name": "BTC-6FEB26", "bids": [[77705.0, 1400.0], [77702.5, 1400.0], [77700.0, 840.0], [77697.5, 1400.0], [77695.0, 3140.0], [77692.5, 1480.0], [77690.0, 4960.0], [77675.0, 920.0], [77670.0, 3000.0], [77620.0, 10.0], [77617.5, 4910.0], [77615.0, 16440.0], [77612.5, 1500.0], [77605.0, 2600.0], [77602.5, 8710.0], [77562.5, 650.0], [77560.0, 2170.0], [77555.0, 40.0], [77545.0, 160.0], [77542.5, 34840.0]], "asks": [[77710.0, 4540.0], [77712.5, 10.0], [77720.0, 5150.0], [77722.5, 1400.0], [77725.0, 16220.0], [77757.5, 13550.0], [77760.0, 45400.0], [77782.5, 4780.0], [77785.0, 16020.0], [77802.5, 5850.0], [77805.0, 19590.0], [77835.0, 1330.0], [77837.5, 4470.0], [77850.0, 18200.0], [77852.5, 60970.0], [77947.5, 500.0], [77955.0, 50000.0], [77977.5, 40710.0], [77990.0, 61580.0], [78007.5, 40.0]]}}}
{"jsonrpc": "2.0", "method": "subscription", "params": {"channel": "book.BTC-13FEB26.none.20.100ms", "data": {"timestamp": 1770030514686, "change_id": 138052773441, "instrument_name": "BTC-13FEB26", "bids": [[77770.0, 10.0], [77762.5, 80.0], [77750.0, 1360.0], [77747.5, 4540.0], [77722.5, 20.0], [77712.5, 3160.0], [77710.0, 10880.0], [77695.0, 1010.0], [77692.5, 3400.0], [77685.0, 4810.0], [77682.5, 16110.0], [77665.0, 17520.0], [77662.5, 50000.0], [77650.0, 40.0], [77647.5, 1480.0], [77645.0, 4920.0], [77642.5, 1360.0], [77640.0, 4540.0], [77625.0, 14690.0], [77607.5, 34840.0]], "asks": [[77772.5, 6040.0], [77775.0, 1950.0], [77777.5, 1500.0], [77790.0, 4400.0], [77792.5, 14730.0], [77795.0, 900.0], [77797.5, 1500.0], [77800.0, 1500.0], [77807.5, 20.0], [77815.0, 20.0], [77835.0, 13590.0], [77837.5, 45540.0], [77850.0, 4610.0], [77852.5, 16080.0], [77855.0, 20.0], [77865.0, 30.0], [77895.0, 1500.0], [77897.5, 5040.0], [77900.0, 5740.0], [77902.5, 4480.0]]}}}
{"jsonrpc": "2.0", "method": "subscription", "params": {"channel": "book.BTC-6FEB26.none.20.100ms", "data": {"timestamp": 1770030514688, "change_id": 138052773454, "instrument_name": "BTC-6FEB26", "bids": [[77697.5, 1400.0], [77695.0, 1840.0], [77692.5, 1480.0], [77685.0, 1360.0], [77682.5, 4540.0], [77675.0, 920.0], [77670.0, 3000.0], [77620.0, 10.0], [77617.5, 4910.0], [77615.0, 16440.0], [77605.0, 2600.0], [77602.5, 8710.0], [77562.5, 650.0], [77560.0, 2170.0], [77555.0, 40.0], [77545.0, 160.0], [77542.5, 34840.0], [77540.0, 4540.0], [77535.0, 19540.0], [77507.5, 34870.0]], "asks": [[77702.5, 6780.0], [77705.0, 1400.0], [77707.5, 10.0], [77720.0, 5150.0], [77722.5, 2900.0], [77725.0, 14720.0], [77757.5, 13550.0], [77760.0, 45400.0], [77782.5, 4780.0], [77785.0, 16020.0], [77802.5, 5850.0], [77805.0, 19590.0], [77835.0, 1330.0], [77837.5, 4470.0], [77850.0, 18200.0], [77852.5, 60970.0], [77947.5, 500.0], [77955.0, 50000.0], [77977.5, 40710.0], [77990.0, 61580.0]]}}}
{"jsonrpc": "2.0", "method": "subscription", "params": {"channel": "book.BTC-13FEB26.none.20.100ms", "data": {"timestamp": 1770030515024, "change_id": 138052774368, "instrument_name": "BTC-13FEB26", "bids": [[77765.0, 20.0], [77762.5, 80.0], [77755.0, 450.0], [77752.5, 1500.0], [77750.0, 1360.0], [77747.5, 4540.0], [77722.5, 20.0], [77712.5, 3160.0], [77710.0, 10880.0], [77700.0, 1010.0], [77697.5, 3400.0], [77695.0, 1500.0], [77685.0, 4810.0], [77682.5, 16110.0], [77665.0, 17520.0], [77662.5, 50000.0], [77652.5, 1480.0], [77650.0, 4960.0], [77647.5, 10.0], [77642.5, 1360.0]], "asks": [[77770.0, 3300.0], [77772.5, 4540.0], [77785.0, 840.0], [77787.5, 3000.0], [77790.0, 4400.0], [77792.5, 14730.0], [77807.5, 20.0], [77815.0, 20.0], [77835.0, 13590.0], [77837.5, 45540.0], [77850.0, 4610.0], [77852.5, 16080.0], [77855.0, 20.0], [77865.0, 30.0], [77895.0, 1500.0], [77897.5, 5040.0], [77900.0, 5740.0], [77902.5, 4480.0], [77905.0, 15340.0], [77910.0, 2600.0]]}}}
{"jsonrpc": "2.0", "method": "subscription", "params": {"channel": "book.BTC-6FEB26.none.20.100ms", "data": {"timestamp": 1770030515057, "change_id": 138052774536, "instrument_name": "BTC-6FEB26", "bids": [[77695.0, 1400.0], [77692.5, 80.0], [77677.5, 1360.0], [77675.0, 5460.0], [77670.0, 3000.0], [77620.0, 10.0], [77617.5, 6410.0], [77615.0, 36340.0], [77605.0, 2600.0], [77602.5, 8710.0], [77562.5, 650.0], [77560.0, 2170.0], [77555.0, 40.0], [77545.0, 160.0], [77542.5, 34840.0], [77540.0, 4540.0], [77535.0, 19540.0], [77507.5, 34870.0], [77487.5, 50500.0], [77460.0, 39600.0]], "asks": [[77700.0, 1780.0], [77702.5, 5940.0], [77705.0, 460.0], [77707.5, 1500.0], [77720.0, 5150.0], [77722.5, 1400.0], [77725.0, 14720.0], [77757.5, 13550.0], [77760.0, 45400.0], [77782.5, 4780.0], [77785.0, 16020.0], [77802.5, 5850.0], [77805.0, 19590.0], [77835.0, 1330.0], [77837.5, 4470.0], [77850.0, 18200.0], [77852.5, 60970.0], [77947.5, 500.0], [77955.0, 50000.0], [77977.5, 40710.0]]}}}
{"jsonrpc": "2.0", "method": "subscription", "params": {"channel": "book.BTC-13FEB26.none.20.100ms", "data": {"timestamp": 1770030515316, "change_id": 138052775273, "instrument_name": "BTC-13FEB26", "bids": [[77765.0, 20.0], [77762.5, 80.0], [77755.0, 450.0], [77752.5, 1500.0], [77750.0, 1360.0], [77747.5, 4540.0], [77722.5, 20.0], [77712.5, 3160.0], [77710.0, 10880.0], [77700.0, 2510.0], [77697.5, 3400.0], [77685.0, 4810.0], [77682.5, 16110.0], [77665.0, 17520.0], [77662.5, 50000.0], [77652.5, 1480.0], [77650.0, 4960.0], [77647.5, 10.0], [77642.5, 1360.0], [77640.0, 4540.0]], "asks": [[77770.0, 3300.0], [77772.5, 4540.0], [77780.0, 10550.0], [77782.5, 1500.0], [77785.0, 34500.0], [77787.5, 1500.0], [77790.0, 4400.0], [77792.5, 14730.0], [77807.5, 20.0], [77815.0, 20.0], [77835.0, 13590.0], [77837.5, 45540.0], [77850.0, 4610.0], [77852.5, 16080.0], [77855.0, 20.0], [77865.0, 30.0], [77895.0, 1500.0], [77897.5, 5040.0], [77900.0, 5740.0], [77902.5, 4480.0]]}}}
{"jsonrpc": "2.0", "method": "subscription", "params": {"channel": "book.BTC-6FEB26.none.20.100ms", "data": {"timestamp": 1770030515301, "change_id": 138052775262, "instrument_name": "BTC-6FEB26", "bids": [[77695.0, 1400.0], [77692.5, 80.0], [77677.5, 1360.0], [77675.0, 5460.0], [77670.0, 3000.0], [77622.5, 1500.0], [77620.0, 10.0], [77617.5, 4910.0], [77615.0, 36340.0], [77605.0, 2600.0], [77602.5, 8710.0], [77562.5, 650.0], [77560.0, 2170.0], [77555.0, 40.0], [77545.0, 160.0], [77542.5, 34840.0], [77540.0, 4540.0], [77535.0, 19540.0], [77507.5, 34870.0], [77487.5, 50500.0]], "asks": [[77700.0, 1780.0], [77702.5, 5940.0], [77705.0, 1510.0], [77720.0, 15290.0], [77722.5, 38700.0], [77725.0, 14720.0], [77757.5, 13550.0], [77760.0, 45400.0], [77782.5, 4780.0], [77785.0, 16020.0], [77802.5, 5850.0], [77805.0, 19590.0], [77835.0, 1330.0], [77837.5, 4470.0], [77850.0, 18200.0], [77852.5, 60970.0], [77947.5, 500.0], [77955.0, 50000.0], [77977.5, 40710.0], [77990.0, 61580.0]]}}}
{"jsonrpc": "2.0", "method": "subscription", "params": {"channel": "book.BTC-13FEB26.none.20.100ms", "data": {"timestamp": 1770030515665, "change_id": 138052775950, "instrument_name": "BTC-13FEB26", "bids": [[77765.0, 10.0], [77762.5, 90.0], [77755.0, 450.0], [77752.5, 1500.0], [77750.0, 1360.0], [77747.5, 4540.0], [77722.5, 20.0], [77712.5, 3160.0], [77710.0, 10880.0], [77707.5, 1500.0], [77700.0, 1010.0], [77697.5, 3400.0], [77685.0, 4810.0], [77682.5, 16110.0], [77665.0, 17520.0], [77662.5, 50000.0], [77652.5, 1480.0], [77650.0, 4960.0], [77647.5, 10.0], [77642.5, 1360.0]], "asks": [[77770.0, 3300.0], [77772.5, 4540.0], [77780.0, 10550.0], [77782.5, 1500.0], [77785.0, 34500.0], [77787.5, 1500.0], [77790.0, 4400.0], [77792.5, 14730.0], [77807.5, 20.0], [77815.0, 20.0], [77835.0, 13590.0], [77837.5, 45540.0], [77850.0, 4610.0], [77852.5, 16080.0], [77855.0, 20.0], [77865.0, 30.0], [77895.0, 1500.0], [77897.5, 5040.0], [77900.0, 5740.0], [77902.5, 4480.0]]}}}
{"jsonrpc": "2.0", "method": "subscription", "params": {"channel": "book.BTC-6FEB26.none.20.100ms", "data": {"timestamp": 1770030515641, "change_id": 138052775942, "instrument_name": "BTC-6FEB26", "bids": [[77695.0, 1400.0], [77692.5, 80.0], [77677.5, 1360.0], [77675.0, 5460.0], [77670.0, 3000.0], [77632.5, 450.0], [77630.0, 1500.0], [77620.0, 10.0], [77617.5, 4910.0], [77615.0, 36340.0], [77605.0, 2600.0], [77602.5, 8710.0], [77562.5, 650.0], [77560.0, 2170.0], [77555.0, 40.0], [77545.0, 160.0], [77542.5, 34840.0], [77540.0, 4540.0], [77535.0, 19540.0], [77507.5, 34870.0]], "asks": [[77700.0, 1780.0], [77702.5, 5940.0], [77705.0, 1510.0], [77720.0, 15290.0], [77722.5, 38700.0], [77725.0, 14720.0], [77757.5, 13550.0], [77760.0, 45400.0], [77782.5, 4780.0], [77785.0, 16020.0], [77802.5, 5850.0], [77805.0, 19590.0], [77835.0, 1330.0], [77837.5, 4470.0], [77850.0, 18200.0], [77852.5, 60970.0], [77947.5, 500.0], [77955.0, 50000.0], [77977.5, 40710.0], [77990.0, 61580.0]]}}}
{"jsonrpc": "2.0", "method": "subscription", "params": {"channel": "book.BTC-13FEB26.none.20.100ms", "data": {"timestamp": 1770030515996, "change_id": 138052776823, "instrument_name": "BTC-13FEB26", "bids": [[77765.0, 10.0], [77762.5, 10.0], [77750.0, 80.0], [77732.5, 1360.0], [77730.0, 4540.0], [77722.5, 20.0], [77712.5, 3160.0], [77710.0, 10880.0], [77700.0, 1010.0], [77697.5, 3400.0], [77685.0, 4810.0], [77682.5, 16110.0], [77667.5, 50000.0], [77652.5, 1480.0], [77650.0, 4970.0], [77642.5, 1360.0], [77640.0, 4540.0], [77625.0, 14690.0], [77607.5, 34840.0], [77595.0, 45310.0]], "asks": [[77767.5, 1500.0], [77770.0, 3300.0], [77772.5, 4540.0], [77780.0, 10550.0], [77782.5, 1500.0], [77785.0, 34500.0], [77787.5, 1500.0], [77790.0, 4400.0], [77792.5, 14730.0], [77807.5, 20.0], [77815.0, 20.0], [77835.0, 13590.0], [77837.5, 45540.0], [77850.0, 4610.0], [77852.5, 16080.0], [77855.0, 20.0], [77865.0, 30.0], [77895.0, 1500.0], [77897.5, 5040.0], [77900.0, 5740.0]]}}}
{"jsonrpc": "2.0", "method": "subscription", "params": {"channel": "book.BTC-6FEB26.none.20.100ms", "data": {"timestamp": 1770030516000, "change_id": 138052776843, "instrument_name": "BTC-6FEB26", "bids": [[77680.0, 1400.0], [77677.5, 1480.0], [77675.0, 920.0], [77670.0, 3000.0], [77665.0, 1360.0], [77662.5, 4540.0], [77620.0, 10.0], [77617.5, 4910.0], [77615.0, 16440.0], [77610.0, 5940.0], [77607.5, 19900.0], [77605.0, 2600.0], [77602.5, 8710.0], [77562.5, 650.0], [77560.0, 2170.0], [77555.0, 40.0], [77545.0, 11910.0], [77542.5, 34840.0], [77540.0, 4530.0], [77535.0, 19550.0]], "asks": [[77687.5, 2760.0], [77690.0, 5950.0], [77700.0, 870.0], [77702.5, 1400.0], [77705.0, 1500.0], [77720.0, 15290.0], [77722.5, 38700.0], [77725.0, 14720.0], [77757.5, 13550.0], [77760.0, 45400.0], [77782.5, 4780.0], [77785.0, 16020.0], [77802.5, 5850.0], [77805.0, 19590.0], [77835.0, 1330.0], [77837.5, 4470.0], [77850.0, 18200.0], [77852.5, 60970.0], [77947.5, 500.0], [77955.0, 50010.0]]}}}
{"jsonrpc": "2.0", "method": "subscription", "params": {"channel": "book.BTC-13FEB26.none.20.100ms", "data": {"timestamp": 1770030516392, "change_id": 138052777727, "instrument_name": "BTC-13FEB26", "bids": [[77765.0, 10.0], [77750.0, 90.0], [77732.5, 1360.0], [77730.0, 4540.0], [77722.5, 20.0], [77712.5, 3160.0], [77710.0, 10880.0], [77707.5, 1500.0], [77700.0, 1010.0], [77697.5, 3400.0], [77685.0, 4810.0], [77682.5, 16110.0], [77667.5, 50000.0], [77652.5, 1480.0], [77650.0, 4970.0], [77642.5, 1360.0], [77640.0, 4540.0], [77625.0, 14690.0], [77607.5, 34840.0], [77595.0, 45310.0]], "asks": [[77767.5, 1500.0], [77770.0, 3300.0], [77772.5, 6040.0], [77785.0, 450.0], [77787.5, 1500.0], [77807.5, 20.0], [77815.0, 20.0], [77835.0, 13590.0], [77837.5, 45540.0], [77850.0, 4610.0], [77852.5, 16080.0], [77855.0, 20.0], [77865.0, 30.0], [77895.0, 1500.0], [77897.5, 5040.0], [77900.0, 5740.0], [77902.5, 4480.0], [77905.0, 15340.0], [77910.0, 2600.0], [77912.5, 8720.0]]}}}
{"jsonrpc": "2.0", "method": "subscription", "params": {"channel": "book.BTC-6FEB26.none.20.100ms", "data": {"timestamp": 1770030516351, "change_id": 138052777687, "instrument_name": "BTC-6FEB26", "bids": [[77680.0, 1840.0], [77677.5, 1480.0], [77675.0, 920.0], [77670.0, 3000.0], [77665.0, 1360.0], [77662.5, 4540.0], [77632.5, 450.0], [77630.0, 1500.0], [77625.0, 650.0], [77622.5, 2170.0], [77620.0, 10.0], [77617.5, 4910.0], [77615.0, 16440.0], [77610.0, 5940.0], [77607.5, 19900.0], [77605.0, 2600.0], [77602.5, 8710.0], [77555.0, 40.0], [77545.0, 11910.0], [77542.5, 34840.0]], "asks": [[77687.5, 1360.0], [77690.0, 5950.0], [77692.5, 450.0], [77695.0, 1500.0], [77700.0, 420.0], [77702.5, 1400.0], [77720.0, 420.0], [77722.5, 1400.0], [77757.5, 13550.0], [77760.0, 45400.0], [77782.5, 4780.0], [77785.0, 16020.0], [77802.5, 5850.0], [77805.0, 19590.0], [77835.0, 1330.0], [77837.5, 4470.0], [77850.0, 18200.0], [77852.5, 60970.0], [77947.5, 500.0], [77955.0, 50010.0]]}}}
