{"jsonrpc": "2.0", "method": "subscription", "params": {"channel": "book.BTC-18APR25.none.20.100ms", "data": {"timestamp": 1744299108287, "change_id": 96664352055, "instrument_name": "BTC-18APR25", "bids": [[80107.5, 11310.0], [80105.0, 8700.0], [80100.0, 3200.0], [80097.5, 6000.0], [80095.0, 20000.0], [80092.5, 5590.0], [80085.0, 50000.0], [80082.5, 5590.0], [80072.5, 4680.0], [80070.0, 15590.0], [80067.5, 20.0], [80065.0, 100.0], [80052.5, 6070.0], [80050.0, 5560.0], [80040.0, 31930.0], [80030.0, 5610.0], [80020.0, 5560.0], [80017.5, 2000.0], [80010.0, 5540.0], [80002.5, 20.0]], "asks": [[80112.5, 5500.0], [80117.5, 10000.0], [80122.5, 100.0], [80127.5, 4860.0], [80130.0, 5590.0], [80132.5, 80130.0], [80177.5, 5560.0], [80187.5, 5560.0], [80192.5, 6070.0], [80195.0, 20.0], [80202.5, 5460.0], [80222.5, 5460.0], [80232.5, 5460.0], [80237.5, 18940.0], [80242.5, 5590.0], [80255.0, 5600.0], [80260.0, 20.0], [80265.0, 5560.0], [80272.5, 36600.0], [80275.0, 5600.0]]}}}
{"jsonrpc": "2.0", "method": "subscription", "params": {"channel": "book.BTC-11APR25.none.20.100ms", "data": {"timestamp": 1744299108445, "change_id": 96664352436, "instrument_name": "BTC-11APR25", "bids": [[80027.5, 1460.0], [80025.0, 4860.0], [80022.5, 1950.0], [80020.0, 6500.0], [80005.0, 220.0], [80002.5, 3020.0], [80000.0, 10000.0], [79997.5, 2040.0], [79995.0, 6460.0], [79990.0, 2540.0], [79987.5, 2000.0], [79985.0, 6460.0], [79977.5, 1940.0], [79975.0, 6460.0], [79967.5, 1940.0], [79965.0, 6460.0], [79957.5, 1910.0], [79955.0, 6360.0], [79947.5, 1960.0], [79945.0, 13870.0]], "asks": [[80047.5, 10000.0], [80050.0, 24050.0], [80052.5, 87090.0], [80080.0, 3890.0], [80082.5, 12960.0], [80085.0, 7710.0], [80087.5, 25700.0], [80090.0, 1940.0], [80092.5, 6460.0], [80125.0, 1910.0], [80127.5, 6360.0], [80130.0, 20.0], [80177.5, 1910.0], [80180.0, 6350.0], [80190.0, 1910.0], [80192.5, 6350.0], [80195.0, 20.0], [80202.5, 7640.0], [80205.0, 25480.0], [80210.0, 48640.0]]}}}
{"jsonrpc": "2.0", "method": "subscription", "params": {"channel": "book.BTC-18APR25.none.20.100ms", "data": {"timestamp": 1744299108524, "change_id": 96664352688, "instrument_name": "BTC-18APR25", "bids": [[80110.0, 8700.0], [80107.5, 9660.0], [80105.0, 3200.0], [80102.5, 960.0], [80100.0, 3200.0], [80097.5, 25110.0], [80095.0, 71680.0], [80092.5, 5590.0], [80085.0, 1680.0], [80082.5, 5590.0], [80072.5, 4680.0], [80070.0, 15590.0], [80067.5, 20.0], [80065.0, 100.0], [80055.0, 3490.0], [80052.5, 6070.0], [80050.0, 5560.0], [80042.5, 9580.0], [80040.0, 31930.0], [80032.5, 1680.0]], "asks": [[80112.5, 5500.0], [80115.0, 3000.0], [80117.5, 10000.0], [80122.5, 100.0], [80125.0, 3140.0], [80127.5, 4860.0], [80130.0, 29630.0], [80132.5, 80130.0], [80140.0, 5590.0], [80175.0, 1670.0], [80177.5, 5560.0], [80187.5, 5560.0], [80192.5, 6070.0], [80195.0, 20.0], [80202.5, 5460.0], [80222.5, 5460.0], [80232.5, 5460.0], [80237.5, 18940.0], [80242.5, 5590.0], [80255.0, 5600.0]]}}}
{"jsonrpc": "2.0", "method": "subscription", "params": {"channel": "book.BTC-11APR25.none.20.100ms", "data": {"timestamp": 1744299108965, "change_id": 96664354056, "instrument_name": "BTC-11APR25", "bids": [[80040.0, 220.0], [80035.0, 1460.0], [80032.5, 4860.0], [80027.5, 1950.0], [80025.0, 6500.0], [80007.5, 100.0], [80002.5, 3020.0], [80000.0, 10000.0], [79997.5, 1940.0], [79995.0, 6460.0], [79990.0, 2540.0], [79987.5, 2000.0], [79985.0, 6460.0], [79977.5, 1940.0], [79975.0, 6460.0], [79967.5, 1940.0], [79965.0, 6460.0], [79957.5, 1910.0], [79955.0, 6360.0], [79952.5, 7350.0]], "asks": [[80047.5, 10000.0], [80052.5, 2180.0], [80055.0, 1460.0], [80057.5, 4860.0], [80080.0, 1950.0], [80082.5, 6500.0], [80085.0, 7710.0], [80087.5, 25700.0], [80090.0, 1940.0], [80092.5, 6460.0], [80125.0, 1910.0], [80127.5, 6360.0], [80130.0, 20.0], [80177.5, 1910.0], [80180.0, 6350.0], [80190.0, 1910.0], [80192.5, 6350.0], [80195.0, 20.0], [80202.5, 14100.0], [80205.0, 25480.0]]}}}
{"jsonrpc": "2.0", "method": "subscription", "params": {"channel": "book.BTC-18APR25.none.20.100ms", "data": {"timestamp": 1744299108900, "change_id": 96664354053, "instrument_name": "BTC-18APR25", "bids": [[80115.0, 8700.0], [80112.5, 9670.0], [80110.0, 3200.0], [80107.5, 2420.0], [80105.0, 8060.0], [80102.5, 12550.0], [80100.0, 23200.0], [80097.5, 15000.0], [80095.0, 50000.0], [80092.5, 5590.0], [80085.0, 1680.0], [80082.5, 5590.0], [80080.0, 10000.0], [80075.0, 100.0], [80070.0, 5590.0], [80067.5, 20.0], [80052.5, 1670.0], [80050.0, 5560.0], [80040.0, 31930.0], [80022.5, 1670.0]], "asks": [[80117.5, 10000.0], [80122.5, 100.0], [80130.0, 1460.0], [80132.5, 4860.0], [80177.5, 5560.0], [80187.5, 5560.0], [80192.5, 6070.0], [80195.0, 20.0], [80202.5, 5460.0], [80222.5, 5460.0], [80232.5, 5460.0], [80237.5, 18940.0], [80242.5, 5590.0], [80255.0, 5600.0], [80260.0, 20.0], [80265.0, 5560.0], [80272.5, 36600.0], [80275.0, 5600.0], [80292.5, 5450.0], [80307.5, 5550.0]]}}}
{"jsonrpc": "2.0", "method": "subscription", "params": {"channel": "book.BTC-11APR25.none.20.100ms", "data": {"timestamp": 1744299109110, "change_id": 96664354462, "instrument_name": "BTC-11APR25", "bids": [[80040.0, 220.0], [80035.0, 1460.0], [80032.5, 4860.0], [80027.5, 1950.0], [80025.0, 6500.0], [80012.5, 3000.0], [80010.0, 10000.0], [80007.5, 100.0], [80002.5, 20.0], [79997.5, 1940.0], [79995.0, 6460.0], [79990.0, 2540.0], [79987.5, 2000.0], [79985.0, 6460.0], [79977.5, 1940.0], [79975.0, 6460.0], [79967.5, 1940.0], [79965.0, 6460.0], [79955.0, 6360.0], [79952.5, 7350.0]], "asks": [[80042.5, 220.0], [80047.5, 10000.0], [80052.5, 2180.0], [80062.5, 28880.0], [80065.0, 80060.0], [80080.0, 1950.0], [80082.5, 6500.0], [80085.0, 7710.0], [80087.5, 25700.0], [80090.0, 1940.0], [80092.5, 6460.0], [80127.5, 6360.0], [80130.0, 20.0], [80180.0, 6350.0], [80192.5, 6350.0], [80195.0, 20.0], [80202.5, 14100.0], [80205.0, 25480.0], [80207.5, 14590.0], [80210.0, 48640.0]]}}}
{"jsonrpc": "2.0", "method": "subscription", "params": {"channel": "book.BTC-18APR25.none.20.100ms", "data": {"timestamp": 1744299109113, "change_id": 96664354467, "instrument_name": "BTC-18APR25", "bids": [[80115.0, 3200.0], [80112.5, 3200.0], [80110.0, 3200.0], [80107.5, 2420.0], [80105.0, 8060.0], [80102.5, 5590.0], [80100.0, 23200.0], [80095.0, 50000.0], [80092.5, 5590.0], [80085.0, 4470.0], [80082.5, 5590.0], [80080.0, 10000.0], [80075.0, 100.0], [80072.5, 1680.0], [80070.0, 5590.0], [80067.5, 20.0], [80062.5, 3500.0], [80060.0, 11660.0], [80052.5, 1670.0], [80050.0, 5560.0]], "asks": [[80117.5, 15510.0], [80122.5, 100.0], [80125.0, 1680.0], [80127.5, 5590.0], [80135.0, 6540.0], [80137.5, 5590.0], [80177.5, 5560.0], [80185.0, 1670.0], [80187.5, 5560.0], [80190.0, 1830.0], [80192.5, 6070.0], [80195.0, 20.0], [80202.5, 5460.0], [80220.0, 1640.0], [80222.5, 5460.0], [80232.5, 5460.0], [80235.0, 5680.0], [80237.5, 18940.0], [80242.5, 5590.0], [80255.0, 5600.0]]}}}
{"jsonrpc": "2.0", "method": "subscription", "params": {"channel": "book.BTC-11APR25.none.20.100ms", "data": {"timestamp": 1744299109537, "change_id": 96664355736, "instrument_name": "BTC-11APR25", "bids": [[80040.0, 220.0], [80035.0, 1460.0], [80032.5, 4860.0], [80027.5, 1950.0], [80025.0, 6500.0], [80012.5, 3000.0], [80010.0, 10000.0], [80007.5, 100.0], [80002.5, 20.0], [79997.5, 1940.0], [79995.0, 6460.0], [79990.0, 2540.0], [79987.5, 2000.0], [79985.0, 6460.0], [79977.5, 1940.0], [79975.0, 6460.0], [79967.5, 1940.0], [79965.0, 6460.0], [79962.5, 7350.0], [79960.0, 24490.0]], "asks": [[80052.5, 2180.0], [80062.5, 10000.0], [80080.0, 1950.0], [80082.5, 6500.0], [80090.0, 1940.0], [80092.5, 6460.0], [80120.0, 7710.0], [80122.5, 25700.0], [80125.0, 1910.0], [80127.5, 6360.0], [80130.0, 20.0], [80177.5, 1910.0], [80180.0, 6350.0], [80190.0, 1910.0], [80192.5, 6350.0], [80195.0, 20.0], [80202.5, 14100.0], [80205.0, 25480.0], [80207.5, 14590.0], [80210.0, 48640.0]]}}}
{"jsonrpc": "2.0", "method": "subscription", "params": {"channel": "book.BTC-18APR25.none.20.100ms", "data": {"timestamp": 1744299109632, "change_id": 96664355878, "instrument_name": "BTC-18APR25", "bids": [[80120.0, 3210.0], [80117.5, 5530.0], [80115.0, 8700.0], [80112.5, 960.0], [80110.0, 3200.0], [80107.5, 2420.0], [80105.0, 8060.0], [80102.5, 26680.0], [80100.0, 70000.0], [80095.0, 1680.0], [80092.5, 5590.0], [80085.0, 4470.0], [80082.5, 5590.0], [80080.0, 10000.0], [80075.0, 100.0], [80072.5, 1680.0], [80070.0, 7420.0], [80067.5, 6090.0], [80062.5, 1680.0], [80060.0, 5590.0]], "asks": [[80122.5, 5600.0], [80130.0, 3000.0], [80132.5, 10000.0], [80135.0, 1680.0], [80137.5, 5590.0], [80175.0, 1670.0], [80177.5, 5560.0], [80185.0, 1670.0], [80187.5, 5560.0], [80190.0, 1830.0], [80192.5, 6070.0], [80195.0, 20.0], [80200.0, 1640.0], [80202.5, 5460.0], [80220.0, 1640.0], [80222.5, 5460.0], [80230.0, 1640.0], [80232.5, 5460.0], [80235.0, 5680.0], [80237.5, 18940.0]]}}}
{"jsonrpc": "2.0", "method": "subscription", "params": {"channel": "book.BTC-11APR25.none.20.100ms", "data": {"timestamp": 1744299109816, "change_id": 96664357599, "instrument_name": "BTC-11APR25", "bids": [[80050.0, 1120.0], [80047.5, 900.0], [80045.0, 1730.0], [80042.5, 5760.0], [80027.5, 1950.0], [80025.0, 6500.0], [80017.5, 100.0], [80012.5, 3000.0], [80010.0, 11940.0], [80007.5, 6460.0], [80002.5, 20.0], [79997.5, 1940.0], [79995.0, 6460.0], [79990.0, 2540.0], [79987.5, 2000.0], [79985.0, 6460.0], [79977.5, 1940.0], [79975.0, 6460.0], [79967.5, 1940.0], [79965.0, 6460.0]], "asks": [[80052.5, 100.0], [80062.5, 10000.0], [80070.0, 4860.0], [80072.5, 80070.0], [80080.0, 1950.0], [80082.5, 6500.0], [80090.0, 1940.0], [80092.5, 6460.0], [80120.0, 7710.0], [80122.5, 25700.0], [80125.0, 1910.0], [80127.5, 6360.0], [80130.0, 20.0], [80177.5, 1910.0], [80180.0, 6350.0], [80190.0, 1910.0], [80192.5, 6350.0], [80195.0, 20.0], [80202.5, 6460.0], [80205.0, 25480.0]]}}}
{"jsonrpc": "2.0", "method": "subscription", "params": {"channel": "book.BTC-18APR25.none.20.100ms", "data": {"timestamp": 1744299109865, "change_id": 96664357592, "instrument_name": "BTC-18APR25", "bids": [[80120.0, 8710.0], [80117.5, 6940.0], [80115.0, 13560.0], [80112.5, 960.0], [80110.0, 3200.0], [80107.5, 5700.0], [80105.0, 23200.0], [80102.5, 20590.0], [80100.0, 50000.0], [80095.0, 1680.0], [80092.5, 5590.0], [80085.0, 100.0], [80082.5, 5590.0], [80080.0, 10000.0], [80070.0, 7420.0], [80067.5, 6090.0], [80062.5, 1680.0], [80060.0, 5590.0], [80052.5, 1670.0], [80050.0, 5560.0]], "asks": [[80122.5, 100.0], [80132.5, 10000.0], [80137.5, 5590.0], [80145.0, 4860.0], [80147.5, 5590.0], [80177.5, 5560.0], [80187.5, 5560.0], [80192.5, 6070.0], [80195.0, 20.0], [80202.5, 5460.0], [80222.5, 5460.0], [80232.5, 5460.0], [80237.5, 18940.0], [80240.0, 1680.0], [80242.5, 5590.0], [80252.5, 1680.0], [80255.0, 5600.0], [80260.0, 20.0], [80265.0, 5560.0], [80272.5, 36600.0]]}}}
{"jsonrpc": "2.0", "method": "subscription", "params": {"channel": "book.BTC-11APR25.none.20.100ms", "data": {"timestamp": 1744299110163, "change_id": 96664358283, "instrument_name": "BTC-11APR25", "bids": [[80042.5, 900.0], [80017.5, 100.0], [80010.0, 10000.0], [80002.5, 20.0], [79987.5, 2000.0], [79985.0, 6460.0], [79977.5, 1940.0], [79975.0, 6460.0], [79967.5, 1940.0], [79965.0, 6460.0], [79955.0, 6360.0], [79945.0, 6520.0], [79940.0, 20.0], [79937.5, 1950.0], [79935.0, 6500.0], [79915.0, 14260.0], [79912.5, 26320.0], [79907.5, 1970.0], [79905.0, 6560.0], [79877.5, 25310.0]], "asks": [[80050.0, 2000.0], [80052.5, 6670.0], [80060.0, 3000.0], [80062.5, 10000.0], [80070.0, 4860.0], [80072.5, 80070.0], [80080.0, 1710.0], [80082.5, 13020.0], [80092.5, 6460.0], [80120.0, 7710.0], [80122.5, 25700.0], [80127.5, 6360.0], [80130.0, 20.0], [80180.0, 6350.0], [80192.5, 6350.0], [80195.0, 20.0], [80202.5, 6460.0], [80205.0, 25480.0], [80210.0, 48640.0], [80230.0, 6330.0]]}}}
{"jsonrpc": "2.0", "method": "subscription", "params": {"channel": "book.BTC-18APR25.none.20.100ms", "data": {"timestamp": 1744299110248, "change_id": 96664358741, "instrument_name": "BTC-18APR25", "bids": [[80120.0, 3210.0], [80105.0, 3200.0], [80095.0, 21680.0], [80092.5, 5590.0], [80085.0, 19680.0], [80082.5, 55590.0], [80080.0, 10000.0], [80072.5, 1680.0], [80070.0, 5590.0], [80067.5, 20.0], [80060.0, 5590.0], [80050.0, 5560.0], [80040.0, 33930.0], [80020.0, 5560.0], [80010.0, 5540.0], [80002.5, 20.0], [80000.0, 5480.0], [79990.0, 11830.0], [79980.0, 5510.0], [79970.0, 5610.0]], "asks": [[80122.5, 11200.0], [80130.0, 4680.0], [80132.5, 15590.0], [80147.5, 5590.0], [80177.5, 5560.0], [80187.5, 5560.0], [80192.5, 6070.0], [80195.0, 20.0], [80202.5, 5460.0], [80222.5, 5460.0], [80232.5, 5460.0], [80237.5, 18940.0], [80242.5, 5590.0], [80255.0, 5600.0], [80260.0, 20.0], [80265.0, 5560.0], [80272.5, 36600.0], [80275.0, 5600.0], [80292.5, 5450.0], [80307.5, 5550.0]]}}}
{"jsonrpc": "2.0", "method": "subscription", "params": {"channel": "book.BTC-11APR25.none.20.100ms", "data": {"timestamp": 1744299110604, "change_id": 96664359663, "instrument_name": "BTC-11APR25", "bids": [[80017.5, 1170.0], [80015.0, 7400.0], [80012.5, 6500.0], [80002.5, 20.0], [80000.0, 100.0], [79987.5, 2000.0], [79985.0, 6460.0], [79975.0, 6460.0], [79965.0, 6460.0], [79955.0, 6360.0], [79945.0, 6520.0], [79942.5, 24490.0], [79940.0, 20.0], [79935.0, 6500.0], [79915.0, 6360.0], [79912.5, 26320.0], [79905.0, 6560.0], [79877.5, 25310.0], [79875.0, 6550.0], [79855.0, 6500.0]], "asks": [[80045.0, 220.0], [80050.0, 10000.0], [80052.5, 100.0], [80072.5, 80070.0], [80082.5, 13020.0], [80092.5, 6460.0], [80122.5, 25700.0], [80127.5, 6360.0], [80130.0, 20.0], [80180.0, 6350.0], [80192.5, 6350.0], [80195.0, 20.0], [80202.5, 6460.0], [80205.0, 25480.0], [80210.0, 48640.0], [80230.0, 6330.0], [80242.5, 111570.0], [80252.5, 23340.0], [80260.0, 20.0], [80267.5, 6560.0]]}}}
{"jsonrpc": "2.0", "method": "subscription", "params": {"channel": "book.BTC-18APR25.none.20.100ms", "data": {"timestamp": 1744299110610, "change_id": 96664359684, "instrument_name": "BTC-18APR25", "bids": [[80100.0, 7490.0], [80097.5, 11090.0], [80090.0, 3200.0], [80087.5, 20000.0], [80082.5, 5590.0], [80070.0, 5690.0], [80067.5, 20.0], [80062.5, 50000.0], [80060.0, 5590.0], [80050.0, 5560.0], [80040.0, 33930.0], [80020.0, 5560.0], [80010.0, 5540.0], [80002.5, 20.0], [80000.0, 5480.0], [79990.0, 11830.0], [79980.0, 5510.0], [79970.0, 5610.0], [79967.5, 18420.0], [79960.0, 5370.0]], "asks": [[80122.5, 11190.0], [80132.5, 15590.0], [80147.5, 5590.0], [80177.5, 5560.0], [80187.5, 5560.0], [80192.5, 6070.0], [80195.0, 20.0], [80202.5, 5460.0], [80222.5, 5460.0], [80232.5, 5460.0], [80237.5, 18940.0], [80242.5, 5590.0], [80255.0, 5600.0], [80260.0, 20.0], [80265.0, 5560.0], [80272.5, 36600.0], [80275.0, 5600.0], [80292.5, 5450.0], [80307.5, 5550.0], [80317.5, 5510.0]]}}}
{"jsonrpc": "2.0", "method": "subscription", "params": {"channel": "book.BTC-11APR25.none.20.100ms", "data": {"timestamp": 1744299110862, "change_id": 96664360584, "instrument_name": "BTC-11APR25", "bids": [[80020.0, 6800.0], [80017.5, 12260.0], [80015.0, 6500.0], [80002.5, 20.0], [80000.0, 100.0], [79997.5, 10000.0], [79990.0, 2540.0], [79987.5, 2000.0], [79985.0, 6460.0], [79977.5, 1940.0], [79975.0, 6460.0], [79967.5, 1940.0], [79965.0, 6460.0], [79957.5, 1910.0], [79955.0, 6360.0], [79947.5, 1960.0], [79945.0, 13870.0], [79942.5, 24490.0], [79940.0, 20.0], [79937.5, 1950.0]], "asks": [[80040.0, 100.0], [80045.0, 220.0], [80047.5, 3290.0], [80050.0, 10000.0], [80080.0, 3910.0], [80082.5, 13020.0], [80090.0, 1940.0], [80092.5, 6460.0], [80120.0, 7710.0], [80122.5, 25700.0], [80125.0, 1910.0], [80127.5, 6360.0], [80130.0, 20.0], [80177.5, 1910.0], [80180.0, 6350.0], [80190.0, 1910.0], [80192.5, 6350.0], [80195.0, 20.0], [80200.0, 9580.0], [80202.5, 6460.0]]}}}
{"jsonrpc": "2.0", "method": "subscription", "params": {"channel": "book.BTC-18APR25.none.20.100ms", "data": {"timestamp": 1744299110946, "change_id": 96664360660, "instrument_name": "BTC-18APR25", "bids": [[80105.0, 3200.0], [80102.5, 3200.0], [80100.0, 3200.0], [80095.0, 5590.0], [80090.0, 8060.0], [80087.5, 20000.0], [80082.5, 5590.0], [80070.0, 5690.0], [80067.5, 10020.0], [80062.5, 50000.0], [80060.0, 5590.0], [80050.0, 5560.0], [80042.5, 6070.0], [80040.0, 33930.0], [80020.0, 5560.0], [80010.0, 5540.0], [80002.5, 20.0], [80000.0, 5480.0], [79990.0, 5610.0], [79987.5, 6220.0]], "asks": [[80107.5, 5510.0], [80110.0, 100.0], [80115.0, 10000.0], [80120.0, 5590.0], [80122.5, 10360.0], [80130.0, 28410.0], [80132.5, 5590.0], [80147.5, 5590.0], [80177.5, 5560.0], [80187.5, 5560.0], [80192.5, 6070.0], [80195.0, 20.0], [80202.5, 5460.0], [80222.5, 5460.0], [80232.5, 5460.0], [80237.5, 18940.0], [80242.5, 5590.0], [80255.0, 5600.0], [80260.0, 20.0], [80265.0, 5560.0]]}}}
{"jsonrpc": "2.0", "method": "subscription", "params": {"channel": "book.BTC-11APR25.none.20.100ms", "data": {"timestamp": 1744299111187, "change_id": 96664361519, "instrument_name": "BTC-11APR25", "bids": [[80022.5, 900.0], [80020.0, 4580.0], [80017.5, 5760.0], [80015.0, 6500.0], [80002.5, 20.0], [80000.0, 100.0], [79997.5, 10000.0], [79987.5, 2000.0], [79985.0, 6460.0], [79977.5, 1940.0], [79975.0, 6460.0], [79967.5, 1940.0], [79965.0, 6460.0], [79957.5, 1910.0], [79955.0, 6360.0], [79947.5, 1960.0], [79945.0, 13870.0], [79942.5, 24490.0], [79940.0, 20.0], [79937.5, 1950.0]], "asks": [[80040.0, 100.0], [80045.0, 27300.0], [80047.5, 80260.0], [80050.0, 10000.0], [80082.5, 13020.0], [80092.5, 6460.0], [80122.5, 25700.0], [80125.0, 1910.0], [80127.5, 6360.0], [80130.0, 20.0], [80177.5, 1910.0], [80180.0, 6350.0], [80192.5, 6350.0], [80195.0, 20.0], [80200.0, 9580.0], [80202.5, 6460.0], [80205.0, 25480.0], [80210.0, 48640.0], [80230.0, 6330.0], [80242.5, 111570.0]]}}}
{"jsonrpc": "2.0", "method": "subscription", "params": {"channel": "book.BTC-18APR25.none.20.100ms", "data": {"timestamp": 1744299111269, "change_id": 96664361680, "instrument_name": "BTC-18APR25", "bids": [[80102.5, 8700.0], [80100.0, 3200.0], [80097.5, 7680.0], [80095.0, 24100.0], [80092.5, 5590.0], [80090.0, 8060.0], [80085.0, 1680.0], [80082.5, 5590.0], [80072.5, 50000.0], [80070.0, 5690.0], [80067.5, 10020.0], [80050.0, 5560.0], [80042.5, 6070.0], [80040.0, 7610.0], [80020.0, 5560.0], [80010.0, 5540.0], [80002.5, 20.0], [80000.0, 5480.0], [79990.0, 5610.0], [79987.5, 6220.0]], "asks": [[80105.0, 10.0], [80107.5, 5500.0], [80110.0, 100.0], [80112.5, 3000.0], [80115.0, 10000.0], [80117.5, 1680.0], [80120.0, 5590.0], [80122.5, 5500.0], [80130.0, 28410.0], [80147.5, 5590.0], [80177.5, 5560.0], [80187.5, 5560.0], [80192.5, 6070.0], [80195.0, 20.0], [80202.5, 5460.0], [80222.5, 5460.0], [80232.5, 5460.0], [80237.5, 18940.0], [80242.5, 5590.0], [80255.0, 5600.0]]}}}
{"jsonrpc": "2.0", "method": "subscription", "params": {"channel": "book.BTC-11APR25.none.20.100ms", "data": {"timestamp": 1744299111562, "change_id": 96664362722, "instrument_name": "BTC-11APR25", "bids": [[80022.5, 900.0], [80020.0, 4580.0], [80017.5, 5760.0], [80015.0, 6500.0], [80002.5, 320.0], [80000.0, 4000.0], [79997.5, 10000.0], [79990.0, 2540.0], [79987.5, 2000.0], [79985.0, 6460.0], [79977.5, 1940.0], [79975.0, 6460.0], [79967.5, 1940.0], [79965.0, 6460.0], [79957.5, 1910.0], [79955.0, 6360.0], [79947.5, 1960.0], [79945.0, 13870.0], [79942.5, 24490.0], [79940.0, 20.0]], "asks": [[80040.0, 100.0], [80045.0, 27300.0], [80047.5, 80260.0], [80050.0, 14860.0], [80080.0, 3910.0], [80082.5, 13020.0], [80090.0, 1940.0], [80092.5, 6460.0], [80120.0, 7710.0], [80122.5, 25700.0], [80125.0, 1910.0], [80127.5, 6360.0], [80130.0, 20.0], [80177.5, 1910.0], [80180.0, 6350.0], [80192.5, 6350.0], [80195.0, 20.0], [80200.0, 9580.0], [80202.5, 6460.0], [80205.0, 25480.0]]}}}
{"jsonrpc": "2.0", "method": "subscription", "params": {"channel": "book.BTC-18APR25.none.20.100ms", "data": {"timestamp": 1744299111620, "change_id": 96664362791, "instrument_name": "BTC-18APR25", "bids": [[80102.5, 8700.0], [80100.0, 3200.0], [80097.5, 9200.0], [80095.0, 23790.0], [80092.5, 5590.0], [80090.0, 4860.0], [80082.5, 5590.0], [80072.5, 50000.0], [80070.0, 5690.0], [80067.5, 10020.0], [80050.0, 5560.0], [80042.5, 6070.0], [80040.0, 7610.0], [80020.0, 5560.0], [80010.0, 5540.0], [80002.5, 20.0], [80000.0, 5480.0], [79990.0, 5610.0], [79987.5, 6220.0], [79980.0, 5510.0]], "asks": [[80107.5, 5500.0], [80110.0, 100.0], [80112.5, 3000.0], [80115.0, 10000.0], [80117.5, 1680.0], [80120.0, 8700.0], [80122.5, 5500.0], [80125.0, 4860.0], [80127.5, 8520.0], [80130.0, 28410.0], [80147.5, 5590.0], [80177.5, 5560.0], [80187.5, 5560.0], [80192.5, 6070.0], [80195.0, 20.0], [80202.5, 5460.0], [80222.5, 5460.0], [80232.5, 5460.0], [80237.5, 18940.0], [80242.5, 5590.0]]}}}
{"jsonrpc": "2.0", "method": "subscription", "params": {"channel": "book.BTC-11APR25.none.20.100ms", "data": {"timestamp": 1744299111847, "change_id": 96664363900, "instrument_name": "BTC-11APR25", "bids": [[80022.5, 900.0], [80020.0, 1170.0], [80017.5, 900.0], [80002.5, 320.0], [80000.0, 4000.0], [79997.5, 10000.0], [79975.0, 6460.0], [79967.5, 1940.0], [79965.0, 6460.0], [79955.0, 6360.0], [79950.0, 2000.0], [79945.0, 6520.0], [79940.0, 9320.0], [79937.5, 24490.0], [79935.0, 6500.0], [79915.0, 6360.0], [79907.5, 1970.0], [79905.0, 6560.0], [79877.5, 25310.0], [79875.0, 6550.0]], "asks": [[80040.0, 100.0], [80045.0, 220.0], [80047.5, 80260.0], [80050.0, 14860.0], [80055.0, 2920.0], [80070.0, 6520.0], [80082.5, 13020.0], [80090.0, 1940.0], [80092.5, 6460.0], [80122.5, 25700.0], [80127.5, 6360.0], [80130.0, 20.0], [80180.0, 6350.0], [80190.0, 1910.0], [80192.5, 6350.0], [80195.0, 20.0], [80202.5, 6460.0], [80205.0, 25480.0], [80210.0, 48640.0], [80230.0, 6330.0]]}}}
{"jsonrpc": "2.0", "method": "subscription", "params": {"channel": "book.BTC-18APR25.none.20.100ms", "data": {"timestamp": 1744299111852, "change_id": 96664363966, "instrument_name": "BTC-18APR25", "bids": [[80097.5, 3200.0], [80087.5, 5590.0], [80072.5, 20000.0], [80070.0, 5690.0], [80067.5, 10020.0], [80060.0, 5590.0], [80052.5, 50000.0], [80050.0, 5560.0], [80042.5, 6070.0], [80040.0, 5610.0], [80020.0, 5560.0], [80010.0, 5540.0], [80007.5, 2000.0], [80002.5, 20.0], [80000.0, 5480.0], [79990.0, 5610.0], [79987.5, 6220.0], [79980.0, 5510.0], [79970.0, 5610.0], [79967.5, 18420.0]], "asks": [[80100.0, 10.0], [80102.5, 5500.0], [80110.0, 100.0], [80115.0, 10000.0], [80117.5, 1680.0], [80120.0, 5590.0], [80125.0, 4860.0], [80130.0, 28410.0], [80147.5, 5590.0], [80177.5, 5560.0], [80187.5, 5560.0], [80192.5, 6070.0], [80195.0, 20.0], [80202.5, 5460.0], [80222.5, 5460.0], [80232.5, 5460.0], [80237.5, 18940.0], [80242.5, 5590.0], [80255.0, 5600.0], [80260.0, 20.0]]}}}
{"jsonrpc": "2.0", "method": "subscription", "params": {"channel": "book.BTC-11APR25.none.20.100ms", "data": {"timestamp": 1744299112223, "change_id": 96664364985, "instrument_name": "BTC-11APR25", "bids": [[80022.5, 900.0], [80020.0, 900.0], [80017.5, 900.0], [80002.5, 20.0], [80000.0, 900.0], [79997.5, 10000.0], [79992.5, 100.0], [79975.0, 6460.0], [79965.0, 6460.0], [79955.0, 6360.0], [79950.0, 2000.0], [79945.0, 6520.0], [79940.0, 20.0], [79937.5, 24490.0], [79935.0, 6500.0], [79915.0, 6360.0], [79905.0, 6560.0], [79877.5, 25310.0], [79875.0, 6550.0], [79855.0, 6500.0]], "asks": [[80037.5, 10000.0], [80040.0, 100.0], [80045.0, 220.0], [80047.5, 220.0], [80055.0, 2920.0], [80082.5, 13020.0], [80092.5, 6460.0], [80122.5, 25700.0], [80127.5, 6360.0], [80130.0, 20.0], [80180.0, 6350.0], [80192.5, 6350.0], [80195.0, 20.0], [80202.5, 6460.0], [80205.0, 25480.0], [80210.0, 48640.0], [80230.0, 6330.0], [80242.5, 111570.0], [80252.5, 6560.0], [80260.0, 20.0]]}}}
{"jsonrpc": "2.0", "method": "subscription", "params": {"channel": "book.BTC-18APR25.none.20.100ms", "data": {"timestamp": 1744299112278, "change_id": 96664365216, "instrument_name": "BTC-18APR25", "bids": [[80102.5, 3200.0], [80100.0, 11310.0], [80097.5, 8700.0], [80090.0, 21680.0], [80087.5, 5600.0], [80075.0, 7680.0], [80072.5, 50000.0], [80070.0, 8600.0], [80067.5, 10020.0], [80060.0, 5690.0], [80050.0, 5560.0], [80042.5, 6070.0], [80040.0, 5610.0], [80020.0, 5560.0], [80010.0, 5540.0], [80007.5, 2000.0], [80002.5, 20.0], [80000.0, 5480.0], [79990.0, 5610.0], [79987.5, 6220.0]], "asks": [[80107.5, 5500.0], [80110.0, 100.0], [80112.5, 3000.0], [80115.0, 10000.0], [80117.5, 1680.0], [80120.0, 5590.0], [80147.5, 5590.0], [80177.5, 5560.0], [80187.5, 5560.0], [80192.5, 6070.0], [80195.0, 20.0], [80202.5, 5460.0], [80222.5, 5460.0], [80232.5, 5460.0], [80237.5, 18940.0], [80242.5, 5590.0], [80255.0, 5600.0], [80260.0, 20.0], [80265.0, 5560.0], [80272.5, 36600.0]]}}}
{"jsonrpc": "2.0", "method": "subscription", "params": {"channel": "book.BTC-11APR25.none.20.100ms", "data": {"timestamp": 1744299112545, "change_id": 96664366315, "instrument_name": "BTC-11APR25", "bids": [[80022.5, 7400.0], [80020.0, 2630.0], [80017.5, 4860.0], [80002.5, 6810.0], [80000.0, 900.0], [79997.5, 10000.0], [79992.5, 100.0], [79975.0, 6460.0], [79965.0, 6460.0], [79955.0, 6360.0], [79950.0, 2000.0], [79945.0, 6520.0], [79940.0, 20.0], [79937.5, 24490.0], [79935.0, 6500.0], [79915.0, 6360.0], [79905.0, 6560.0], [79877.5, 25310.0], [79875.0, 6550.0], [79855.0, 6500.0]], "asks": [[80037.5, 10000.0], [80040.0, 100.0], [80045.0, 220.0], [80047.5, 220.0], [80050.0, 37180.0], [80055.0, 2920.0], [80082.5, 13020.0], [80092.5, 6460.0], [80122.5, 25700.0], [80127.5, 6360.0], [80130.0, 20.0], [80180.0, 6350.0], [80192.5, 6350.0], [80195.0, 20.0], [80202.5, 6460.0], [80205.0, 25480.0], [80210.0, 48640.0], [80230.0, 6330.0], [80242.5, 111570.0], [80252.5, 6560.0]]}}}
{"jsonrpc": "2.0", "method": "subscription", "params": {"channel": "book.BTC-18APR25.none.20.100ms", "data": {"timestamp": 1744299112582, "change_id": 96664366398, "instrument_name": "BTC-18APR25", "bids": [[80105.0, 15160.0], [80102.5, 3200.0], [80097.5, 9200.0], [80095.0, 20000.0], [80090.0, 4860.0], [80087.5, 5600.0], [80075.0, 7680.0], [80072.5, 50000.0], [80070.0, 5590.0], [80067.5, 10020.0], [80060.0, 5690.0], [80050.0, 5560.0], [80042.5, 6070.0], [80040.0, 5610.0], [80020.0, 5560.0], [80010.0, 5540.0], [80007.5, 2000.0], [80002.5, 20.0], [80000.0, 5480.0], [79990.0, 5610.0]], "asks": [[80110.0, 100.0], [80115.0, 10000.0], [80147.5, 5590.0], [80177.5, 5560.0], [80187.5, 5560.0], [80192.5, 6070.0], [80195.0, 20.0], [80202.5, 5460.0], [80222.5, 5460.0], [80232.5, 5460.0], [80237.5, 18940.0], [80242.5, 5590.0], [80255.0, 5600.0], [80260.0, 20.0], [80265.0, 5560.0], [80272.5, 36600.0], [80275.0, 5600.0], [80292.5, 5450.0], [80307.5, 5550.0], [80317.5, 5510.0]]}}}
{"jsonrpc": "2.0", "method": "subscription", "params": {"channel": "book.BTC-11APR25.none.20.100ms", "data": {"timestamp": 1744299112929, "change_id": 96664367491, "instrument_name": "BTC-11APR25", "bids": [[80040.0, 2830.0], [80037.5, 900.0], [80035.0, 5760.0], [80027.5, 2850.0], [80025.0, 8990.0], [80022.5, 7400.0], [80020.0, 900.0], [80002.5, 6910.0], [80000.0, 900.0], [79997.5, 10000.0], [79975.0, 6460.0], [79965.0, 6460.0], [79955.0, 6360.0], [79950.0, 26490.0], [79945.0, 6520.0], [79940.0, 20.0], [79935.0, 6500.0], [79915.0, 6360.0], [79905.0, 6560.0], [79880.0, 13410.0]], "asks": [[80045.0, 220.0], [80047.5, 220.0], [80052.5, 100.0], [80055.0, 2920.0], [80065.0, 1460.0], [80067.5, 4860.0], [80082.5, 6500.0], [80092.5, 6460.0], [80122.5, 25700.0], [80127.5, 6360.0], [80130.0, 20.0], [80180.0, 6350.0], [80192.5, 6350.0], [80195.0, 20.0], [80202.5, 6460.0], [80205.0, 25480.0], [80210.0, 48640.0], [80230.0, 6330.0], [80242.5, 111570.0], [80252.5, 6560.0]]}}}
{"jsonrpc": "2.0", "method": "subscription", "params": {"channel": "book.BTC-18APR25.none.20.100ms", "data": {"timestamp": 1744299112914, "change_id": 96664367451, "instrument_name": "BTC-18APR25", "bids": [[80110.0, 10360.0], [80107.5, 8700.0], [80105.0, 3210.0], [80100.0, 25600.0], [80097.5, 3200.0], [80087.5, 5600.0], [80072.5, 50000.0], [80070.0, 5690.0], [80067.5, 10020.0], [80060.0, 5590.0], [80052.5, 6070.0], [80050.0, 5560.0], [80040.0, 5610.0], [80020.0, 5560.0], [80010.0, 5540.0], [80007.5, 2000.0], [80002.5, 20.0], [80000.0, 5480.0], [79997.5, 6220.0], [79990.0, 5610.0]], "asks": [[80120.0, 5500.0], [80122.5, 100.0], [80142.5, 4860.0], [80147.5, 5590.0], [80177.5, 5560.0], [80187.5, 5560.0], [80192.5, 6070.0], [80195.0, 20.0], [80202.5, 5460.0], [80222.5, 5460.0], [80232.5, 5460.0], [80237.5, 18940.0], [80242.5, 5590.0], [80255.0, 5600.0], [80260.0, 20.0], [80265.0, 5560.0], [80272.5, 36600.0], [80275.0, 5600.0], [80292.5, 5450.0], [80307.5, 5550.0]]}}}
{"jsonrpc": "2.0", "method": "subscription", "params": {"channel": "book.BTC-11APR25.none.20.100ms", "data": {"timestamp": 1744299113267, "change_id": 96664368268, "instrument_name": "BTC-11APR25", "bids": [[80042.5, 1120.0], [80040.0, 900.0], [80037.5, 900.0], [80030.0, 270.0], [80027.5, 900.0], [80025.0, 2490.0], [80022.5, 6500.0], [80007.5, 10000.0], [80002.5, 6640.0], [79965.0, 6460.0], [79955.0, 6360.0], [79950.0, 26490.0], [79945.0, 6520.0], [79940.0, 20.0], [79935.0, 6500.0], [79915.0, 6360.0], [79905.0, 6560.0], [79880.0, 13410.0], [79877.5, 25310.0], [79875.0, 6550.0]], "asks": [[80045.0, 220.0], [80047.5, 220.0], [80052.5, 3980.0], [80055.0, 12920.0], [80060.0, 24020.0], [80062.5, 80060.0], [80082.5, 6500.0], [80092.5, 6460.0], [80122.5, 25700.0], [80127.5, 6360.0], [80130.0, 20.0], [80192.5, 6350.0], [80195.0, 20.0], [80202.5, 6460.0], [80205.0, 25480.0], [80210.0, 48640.0], [80230.0, 6330.0], [80242.5, 111570.0], [80252.5, 6560.0], [80260.0, 20.0]]}}}
{"jsonrpc": "2.0", "method": "subscription", "params": {"channel": "book.BTC-18APR25.none.20.100ms", "data": {"timestamp": 1744299113266, "change_id": 96664368266, "instrument_name": "BTC-18APR25", "bids": [[80110.0, 7430.0], [80107.5, 3200.0], [80105.0, 3200.0], [80102.5, 7680.0], [80100.0, 26560.0], [80097.5, 3200.0], [80087.5, 5600.0], [80077.5, 10000.0], [80070.0, 55690.0], [80067.5, 20.0], [80060.0, 5590.0], [80052.5, 6070.0], [80040.0, 5610.0], [80020.0, 5560.0], [80010.0, 5540.0], [80007.5, 2000.0], [80002.5, 20.0], [80000.0, 5480.0], [79997.5, 6220.0], [79990.0, 5610.0]], "asks": [[80115.0, 5500.0], [80117.5, 1650.0], [80120.0, 5500.0], [80122.5, 1780.0], [80125.0, 8600.0], [80127.5, 10000.0], [80132.5, 1680.0], [80135.0, 5600.0], [80142.5, 80140.0], [80177.5, 5560.0], [80187.5, 5560.0], [80192.5, 6070.0], [80195.0, 20.0], [80202.5, 5460.0], [80222.5, 5460.0], [80232.5, 5460.0], [80237.5, 18940.0], [80242.5, 5590.0], [80255.0, 5600.0], [80260.0, 20.0]]}}}
{"jsonrpc": "2.0", "method": "subscription", "params": {"channel": "book.BTC-11APR25.none.20.100ms", "data": {"timestamp": 1744299113578, "change_id": 96664369262, "instrument_name": "BTC-11APR25", "bids": [[80042.5, 140.0], [80040.0, 900.0], [80030.0, 1930.0], [80027.5, 5760.0], [80025.0, 3390.0], [80022.5, 6500.0], [80007.5, 10000.0], [80002.5, 120.0], [79965.0, 6460.0], [79955.0, 6360.0], [79950.0, 26490.0], [79945.0, 6520.0], [79940.0, 20.0], [79935.0, 6500.0], [79915.0, 6360.0], [79905.0, 6560.0], [79880.0, 13410.0], [79877.5, 25310.0], [79875.0, 6550.0], [79855.0, 6500.0]], "asks": [[80045.0, 220.0], [80047.5, 220.0], [80052.5, 3980.0], [80055.0, 10000.0], [80057.5, 1460.0], [80060.0, 28880.0], [80062.5, 80060.0], [80082.5, 6500.0], [80092.5, 6460.0], [80122.5, 25700.0], [80127.5, 6360.0], [80130.0, 20.0], [80192.5, 6350.0], [80195.0, 20.0], [80202.5, 6460.0], [80205.0, 25480.0], [80210.0, 48640.0], [80230.0, 6330.0], [80242.5, 111570.0], [80252.5, 6560.0]]}}}
{"jsonrpc": "2.0", "method": "subscription", "params": {"channel": "book.BTC-18APR25.none.20.100ms", "data": {"timestamp": 1744299113583, "change_id": 96664369288, "instrument_name": "BTC-18APR25", "bids": [[80110.0, 8700.0], [80107.5, 960.0], [80105.0, 3200.0], [80102.5, 15740.0], [80100.0, 20000.0], [80087.5, 5600.0], [80077.5, 10000.0], [80070.0, 55690.0], [80067.5, 20.0], [80060.0, 5590.0], [80052.5, 6070.0], [80050.0, 5600.0], [80040.0, 5610.0], [80020.0, 5560.0], [80010.0, 5540.0], [80007.5, 2000.0], [80002.5, 20.0], [80000.0, 7350.0], [79997.5, 6220.0], [79990.0, 5610.0]], "asks": [[80112.5, 10.0], [80115.0, 5500.0], [80122.5, 100.0], [80125.0, 3000.0], [80127.5, 10000.0], [80132.5, 2930.0], [80135.0, 10460.0], [80142.5, 80140.0], [80177.5, 5560.0], [80187.5, 5560.0], [80192.5, 6070.0], [80195.0, 20.0], [80202.5, 5460.0], [80222.5, 5460.0], [80232.5, 5460.0], [80237.5, 18940.0], [80242.5, 5590.0], [80255.0, 5600.0], [80260.0, 20.0], [80265.0, 5560.0]]}}}
{"jsonrpc": "2.0", "method": "subscription", "params": {"channel": "book.BTC-11APR25.none.20.100ms", "data": {"timestamp": 1744299113717, "change_id": 96664369676, "instrument_name": "BTC-11APR25", "bids": [[80042.5, 140.0], [80040.0, 900.0], [80030.0, 1930.0], [80027.5, 5760.0], [80025.0, 3390.0], [80022.5, 6500.0], [80010.0, 3000.0], [80007.5, 10000.0], [80002.5, 6640.0], [79967.5, 1940.0], [79965.0, 6460.0], [79955.0, 6360.0], [79950.0, 26490.0], [79945.0, 6520.0], [79940.0, 20.0], [79937.5, 1950.0], [79935.0, 6500.0], [79915.0, 6360.0], [79907.5, 1970.0], [79905.0, 6560.0]], "asks": [[80045.0, 220.0], [80047.5, 220.0], [80052.5, 3980.0], [80055.0, 10000.0], [80057.5, 1460.0], [80060.0, 4860.0], [80080.0, 1950.0], [80082.5, 6500.0], [80092.5, 6460.0], [80120.0, 7710.0], [80122.5, 25700.0], [80127.5, 6360.0], [80130.0, 20.0], [80192.5, 6350.0], [80195.0, 20.0], [80200.0, 9580.0], [80202.5, 6460.0], [80205.0, 25480.0], [80210.0, 48640.0], [80230.0, 6330.0]]}}}
{"jsonrpc": "2.0", "method": "subscription", "params": {"channel": "book.BTC-18APR25.none.20.100ms", "data": {"timestamp": 1744299113729, "change_id": 96664370081, "instrument_name": "BTC-18APR25", "bids": [[80110.0, 8700.0], [80107.5, 960.0], [80105.0, 3200.0], [80102.5, 15740.0], [80100.0, 20000.0], [80087.5, 5600.0], [80077.5, 10000.0], [80070.0, 55690.0], [80067.5, 20.0], [80060.0, 5590.0], [80052.5, 6070.0], [80050.0, 5600.0], [80040.0, 5610.0], [80020.0, 5560.0], [80010.0, 5540.0], [80007.5, 2000.0], [80002.5, 20.0], [80000.0, 7350.0], [79997.5, 6220.0], [79990.0, 5610.0]], "asks": [[80112.5, 10.0], [80122.5, 100.0], [80125.0, 3000.0], [80127.5, 10000.0], [80132.5, 2930.0], [80135.0, 10460.0], [80177.5, 5560.0], [80187.5, 5560.0], [80192.5, 6070.0], [80195.0, 20.0], [80202.5, 5460.0], [80222.5, 5460.0], [80232.5, 5460.0], [80237.5, 18940.0], [80242.5, 5590.0], [80255.0, 5600.0], [80260.0, 20.0], [80265.0, 5560.0], [80272.5, 36600.0], [80275.0, 5600.0]]}}}
{"jsonrpc": "2.0", "method": "subscription", "params": {"channel": "book.BTC-11APR25.none.20.100ms", "data": {"timestamp": 1744299114262, "change_id": 96664370967, "instrument_name": "BTC-11APR25", "bids": [[80042.5, 140.0], [80027.5, 2630.0], [80025.0, 5760.0], [80010.0, 3000.0], [80007.5, 10000.0], [80002.5, 120.0], [79982.5, 6520.0], [79967.5, 1940.0], [79965.0, 6460.0], [79955.0, 6360.0], [79950.0, 26490.0], [79945.0, 6520.0], [79940.0, 20.0], [79935.0, 6500.0], [79915.0, 6360.0], [79905.0, 6560.0], [79880.0, 22970.0], [79877.5, 25310.0], [79875.0, 6550.0], [79855.0, 6500.0]], "asks": [[80045.0, 220.0], [80047.5, 12880.0], [80050.0, 80040.0], [80052.5, 100.0], [80055.0, 10000.0], [80057.5, 1460.0], [80060.0, 4860.0], [80075.0, 6520.0], [80082.5, 6500.0], [80092.5, 6460.0], [80122.5, 25700.0], [80127.5, 6360.0], [80130.0, 20.0], [80192.5, 6350.0], [80195.0, 20.0], [80200.0, 9580.0], [80202.5, 6460.0], [80205.0, 25480.0], [80210.0, 48640.0], [80230.0, 6330.0]]}}}
{"jsonrpc": "2.0", "method": "subscription", "params": {"channel": "book.BTC-18APR25.none.20.100ms", "data": {"timestamp": 1744299114196, "change_id": 96664370965, "instrument_name": "BTC-18APR25", "bids": [[80102.5, 3200.0], [80100.0, 1460.0], [80097.5, 4860.0], [80095.0, 6000.0], [80090.0, 20000.0], [80087.5, 1680.0], [80085.0, 5600.0], [80080.0, 3100.0], [80077.5, 10000.0], [80070.0, 55590.0], [80067.5, 20.0], [80060.0, 5590.0], [80052.5, 6070.0], [80050.0, 5600.0], [80040.0, 5610.0], [80020.0, 5560.0], [80010.0, 5540.0], [80007.5, 2000.0], [80002.5, 20.0], [80000.0, 5480.0]], "asks": [[80107.5, 5500.0], [80110.0, 1650.0], [80112.5, 5510.0], [80115.0, 1680.0], [80117.5, 5600.0], [80122.5, 100.0], [80125.0, 23660.0], [80127.5, 10000.0], [80130.0, 80120.0], [80132.5, 2930.0], [80135.0, 10460.0], [80175.0, 1670.0], [80177.5, 5560.0], [80187.5, 5560.0], [80192.5, 6070.0], [80195.0, 20.0], [80202.5, 5460.0], [80220.0, 1640.0], [80222.5, 5460.0], [80232.5, 5460.0]]}}}
{"jsonrpc": "2.0", "method": "subscription", "params": {"channel": "book.BTC-11APR25.none.20.100ms", "data": {"timestamp": 1744299114522, "change_id": 96664371514, "instrument_name": "BTC-11APR25", "bids": [[80042.5, 140.0], [80027.5, 2630.0], [80025.0, 4860.0], [80010.0, 3000.0], [80007.5, 10000.0], [80002.5, 120.0], [79982.5, 6520.0], [79967.5, 1940.0], [79965.0, 6460.0], [79955.0, 6360.0], [79950.0, 26490.0], [79945.0, 6520.0], [79940.0, 20.0], [79935.0, 6500.0], [79915.0, 6360.0], [79905.0, 6560.0], [79880.0, 22970.0], [79877.5, 25310.0], [79875.0, 6550.0], [79855.0, 6500.0]], "asks": [[80045.0, 220.0], [80047.5, 24390.0], [80050.0, 80040.0], [80052.5, 100.0], [80055.0, 10000.0], [80057.5, 1460.0], [80060.0, 4860.0], [80075.0, 6520.0], [80082.5, 6500.0], [80092.5, 6460.0], [80122.5, 25700.0], [80127.5, 6360.0], [80130.0, 20.0], [80192.5, 6350.0], [80195.0, 20.0], [80200.0, 9580.0], [80202.5, 6460.0], [80205.0, 25480.0], [80210.0, 48640.0], [80230.0, 6330.0]]}}}
{"jsonrpc": "2.0", "method": "subscription", "params": {"channel": "book.BTC-18APR25.none.20.100ms", "data": {"timestamp": 1744299114540, "change_id": 96664371610, "instrument_name": "BTC-18APR25", "bids": [[80102.5, 3200.0], [80100.0, 1460.0], [80097.5, 4860.0], [80095.0, 6000.0], [80090.0, 20000.0], [80087.5, 1680.0], [80085.0, 5600.0], [80082.5, 15030.0], [80080.0, 53100.0], [80077.5, 10000.0], [80070.0, 5590.0], [80067.5, 20.0], [80060.0, 5590.0], [80055.0, 3500.0], [80052.5, 6070.0], [80050.0, 5600.0], [80040.0, 5610.0], [80022.5, 1670.0], [80020.0, 5560.0], [80010.0, 5540.0]], "asks": [[80107.5, 5500.0], [80110.0, 1650.0], [80112.5, 5510.0], [80115.0, 1680.0], [80117.5, 5600.0], [80122.5, 100.0], [80125.0, 23660.0], [80127.5, 10000.0], [80130.0, 80120.0], [80132.5, 2930.0], [80135.0, 10460.0], [80175.0, 1670.0], [80177.5, 5560.0], [80187.5, 5560.0], [80192.5, 6070.0], [80195.0, 20.0], [80202.5, 5460.0], [80220.0, 1640.0], [80222.5, 5460.0], [80232.5, 5460.0]]}}}
{"jsonrpc": "2.0", "method": "subscription", "params": {"channel": "book.BTC-11APR25.none.20.100ms", "data": {"timestamp": 1744299114888, "change_id": 96664372491, "instrument_name": "BTC-11APR25", "bids": [[80042.5, 140.0], [80027.5, 900.0], [80010.0, 3000.0], [80007.5, 10000.0], [80002.5, 120.0], [79985.0, 1960.0], [79982.5, 6520.0], [79967.5, 1940.0], [79965.0, 6460.0], [79955.0, 6360.0], [79952.5, 7950.0], [79950.0, 26490.0], [79945.0, 6520.0], [79940.0, 20.0], [79935.0, 6500.0], [79917.5, 1910.0], [79915.0, 6360.0], [79905.0, 6560.0], [79882.5, 4020.0], [79880.0, 22970.0]], "asks": [[80045.0, 220.0], [80047.5, 24390.0], [80050.0, 80040.0], [80052.5, 4960.0], [80055.0, 10000.0], [80072.5, 1960.0], [80075.0, 6520.0], [80082.5, 6500.0], [80092.5, 6460.0], [80120.0, 7710.0], [80122.5, 25700.0], [80127.5, 6360.0], [80130.0, 20.0], [80192.5, 6350.0], [80195.0, 20.0], [80200.0, 9580.0], [80202.5, 6460.0], [80205.0, 25480.0], [80207.5, 14590.0], [80210.0, 48640.0]]}}}
{"jsonrpc": "2.0", "method": "subscription", "params": {"channel": "book.BTC-18APR25.none.20.100ms", "data": {"timestamp": 1744299114858, "change_id": 96664372354, "instrument_name": "BTC-18APR25", "bids": [[80102.5, 3200.0], [80095.0, 6000.0], [80092.5, 20000.0], [80090.0, 16680.0], [80087.5, 50000.0], [80085.0, 5600.0], [80080.0, 3100.0], [80077.5, 10000.0], [80070.0, 5590.0], [80067.5, 20.0], [80060.0, 5590.0], [80055.0, 3500.0], [80052.5, 6070.0], [80050.0, 5600.0], [80040.0, 5610.0], [80022.5, 1670.0], [80020.0, 5560.0], [80010.0, 5540.0], [80007.5, 2000.0], [80002.5, 20.0]], "asks": [[80107.5, 5500.0], [80112.5, 5510.0], [80122.5, 100.0], [80125.0, 23660.0], [80127.5, 10000.0], [80130.0, 84980.0], [80132.5, 1680.0], [80135.0, 5600.0], [80175.0, 1670.0], [80177.5, 5560.0], [80187.5, 5560.0], [80192.5, 6070.0], [80195.0, 20.0], [80202.5, 5460.0], [80220.0, 1640.0], [80222.5, 5460.0], [80232.5, 5460.0], [80237.5, 18940.0], [80242.5, 5590.0], [80252.5, 1680.0]]}}}
{"jsonrpc": "2.0", "method": "subscription", "params": {"channel": "book.BTC-11APR25.none.20.100ms", "data": {"timestamp": 1744299115221, "change_id": 96664373291, "instrument_name": "BTC-11APR25", "bids": [[80042.5, 140.0], [80017.5, 1460.0], [80015.0, 4860.0], [80010.0, 3000.0], [80007.5, 10000.0], [80002.5, 120.0], [79985.0, 1960.0], [79982.5, 6520.0], [79967.5, 1940.0], [79965.0, 6460.0], [79955.0, 6360.0], [79950.0, 2000.0], [79945.0, 6520.0], [79940.0, 20.0], [79937.5, 24490.0], [79935.0, 6500.0], [79917.5, 1910.0], [79915.0, 32680.0], [79905.0, 6560.0], [79882.5, 4020.0]], "asks": [[80045.0, 21580.0], [80047.5, 24390.0], [80050.0, 80040.0], [80052.5, 100.0], [80072.5, 1960.0], [80075.0, 6520.0], [80082.5, 6500.0], [80092.5, 6460.0], [80120.0, 7710.0], [80122.5, 25700.0], [80127.5, 6360.0], [80130.0, 20.0], [80192.5, 6350.0], [80195.0, 20.0], [80200.0, 9580.0], [80202.5, 6460.0], [80205.0, 25480.0], [80207.5, 14590.0], [80210.0, 48640.0], [80230.0, 6330.0]]}}}
{"jsonrpc": "2.0", "method": "subscription", "params": {"channel": "book.BTC-18APR25.none.20.100ms", "data": {"timestamp": 1744299115197, "change_id": 96664373289, "instrument_name": "BTC-18APR25", "bids": [[80097.5, 16980.0], [80095.0, 31000.0], [80092.5, 3200.0], [80090.0, 6540.0], [80085.0, 20630.0], [80082.5, 50000.0], [80080.0, 3000.0], [80077.5, 10000.0], [80072.5, 1680.0], [80070.0, 5590.0], [80067.5, 20.0], [80065.0, 100.0], [80060.0, 5590.0], [80050.0, 5600.0], [80045.0, 6070.0], [80042.5, 26320.0], [80040.0, 5610.0], [80022.5, 1670.0], [80020.0, 5560.0], [80010.0, 5540.0]], "asks": [[80102.5, 5500.0], [80105.0, 1480.0], [80107.5, 5500.0], [80112.5, 110.0], [80115.0, 4470.0], [80117.5, 15600.0], [80120.0, 1460.0], [80122.5, 4860.0], [80125.0, 23660.0], [80130.0, 80120.0], [80132.5, 1680.0], [80135.0, 5600.0], [80175.0, 1670.0], [80177.5, 5560.0], [80187.5, 5560.0], [80190.0, 1830.0], [80192.5, 6070.0], [80195.0, 20.0], [80202.5, 5460.0], [80220.0, 1640.0]]}}}
{"jsonrpc": "2.0", "method": "subscription", "params": {"channel": "book.BTC-11APR25.none.20.100ms", "data": {"timestamp": 1744299115588, "change_id": 96664374227, "instrument_name": "BTC-11APR25", "bids": [[80042.5, 140.0], [80022.5, 270.0], [80020.0, 900.0], [80010.0, 3000.0], [80007.5, 10000.0], [80002.5, 120.0], [79992.5, 6520.0], [79985.0, 1960.0], [79982.5, 6520.0], [79955.0, 6360.0], [79950.0, 2000.0], [79945.0, 6520.0], [79942.5, 24490.0], [79940.0, 20.0], [79935.0, 6500.0], [79917.5, 1910.0], [79915.0, 32680.0], [79905.0, 6560.0], [79882.5, 4020.0], [79880.0, 22970.0]], "asks": [[80045.0, 10220.0], [80047.5, 24390.0], [80050.0, 80040.0], [80052.5, 100.0], [80055.0, 2270.0], [80057.5, 4860.0], [80060.0, 2690.0], [80082.5, 6500.0], [80092.5, 6460.0], [80120.0, 7710.0], [80122.5, 25700.0], [80127.5, 6360.0], [80130.0, 20.0], [80192.5, 6350.0], [80195.0, 20.0], [80200.0, 9580.0], [80202.5, 6460.0], [80205.0, 25480.0], [80207.5, 14590.0], [80210.0, 48640.0]]}}}
{"jsonrpc": "2.0", "method": "subscription", "params": {"channel": "book.BTC-18APR25.none.20.100ms", "data": {"timestamp": 1744299115586, "change_id": 96664374222, "instrument_name": "BTC-18APR25", "bids": [[80105.0, 960.0], [80100.0, 3200.0], [80097.5, 11480.0], [80095.0, 29760.0], [80092.5, 3200.0], [80090.0, 1680.0], [80085.0, 20630.0], [80082.5, 50000.0], [80080.0, 3000.0], [80077.5, 10000.0], [80072.5, 1680.0], [80070.0, 5590.0], [80067.5, 20.0], [80065.0, 100.0], [80052.5, 6070.0], [80050.0, 5600.0], [80042.5, 26320.0], [80040.0, 5610.0], [80020.0, 5560.0], [80010.0, 5540.0]], "asks": [[80110.0, 5500.0], [80112.5, 110.0], [80115.0, 3000.0], [80117.5, 10000.0], [80120.0, 1680.0], [80122.5, 5600.0], [80125.0, 23660.0], [80130.0, 80120.0], [80132.5, 1680.0], [80135.0, 5600.0], [80187.5, 5560.0], [80190.0, 1830.0], [80192.5, 6070.0], [80195.0, 20.0], [80202.5, 5460.0], [80220.0, 1640.0], [80222.5, 5460.0], [80232.5, 5460.0], [80237.5, 18940.0], [80242.5, 5590.0]]}}}
{"jsonrpc": "2.0", "method": "subscription", "params": {"channel": "book.BTC-11APR25.none.20.100ms", "data": {"timestamp": 1744299115740, "change_id": 96664375301, "instrument_name": "BTC-11APR25", "bids": [[80042.5, 140.0], [80025.0, 4860.0], [80022.5, 270.0], [80020.0, 900.0], [80010.0, 3000.0], [80007.5, 10000.0], [80002.5, 120.0], [79995.0, 1960.0], [79992.5, 6520.0], [79985.0, 1960.0], [79982.5, 6520.0], [79955.0, 6360.0], [79950.0, 2000.0], [79945.0, 13870.0], [79942.5, 24490.0], [79940.0, 20.0], [79935.0, 6500.0], [79917.5, 1910.0], [79915.0, 32680.0], [79907.5, 1970.0]], "asks": [[80045.0, 10220.0], [80047.5, 24390.0], [80050.0, 84900.0], [80052.5, 100.0], [80055.0, 810.0], [80060.0, 2690.0], [80075.0, 6520.0], [80080.0, 1950.0], [80082.5, 6500.0], [80092.5, 6460.0], [80120.0, 7710.0], [80122.5, 25700.0], [80125.0, 1910.0], [80127.5, 6360.0], [80130.0, 20.0], [80190.0, 1910.0], [80192.5, 6350.0], [80195.0, 20.0], [80200.0, 9580.0], [80202.5, 6460.0]]}}}
{"jsonrpc": "2.0", "method": "subscription", "params": {"channel": "book.BTC-18APR25.none.20.100ms", "data": {"timestamp": 1744299115831, "change_id": 96664375144, "instrument_name": "BTC-18APR25", "bids": [[80102.5, 3200.0], [80100.0, 29980.0], [80097.5, 3200.0], [80095.0, 4160.0], [80092.5, 3200.0], [80090.0, 1680.0], [80085.0, 20630.0], [80082.5, 50000.0], [80080.0, 3000.0], [80077.5, 10000.0], [80072.5, 1680.0], [80070.0, 5590.0], [80067.5, 20.0], [80065.0, 100.0], [80055.0, 6070.0], [80050.0, 5600.0], [80042.5, 26320.0], [80040.0, 5610.0], [80020.0, 5560.0], [80010.0, 5540.0]], "asks": [[80105.0, 5500.0], [80112.5, 110.0], [80115.0, 3000.0], [80117.5, 10000.0], [80120.0, 1680.0], [80122.5, 5600.0], [80127.5, 24040.0], [80130.0, 83260.0], [80132.5, 4860.0], [80135.0, 5600.0], [80187.5, 5560.0], [80190.0, 1830.0], [80192.5, 6070.0], [80195.0, 20.0], [80202.5, 5460.0], [80222.5, 5460.0], [80232.5, 5460.0], [80237.5, 18940.0], [80242.5, 5590.0], [80255.0, 5600.0]]}}}
{"jsonrpc": "2.0", "method": "subscription", "params": {"channel": "book.BTC-18APR25.none.20.100ms", "data": {"timestamp": 1744299116182, "change_id": 96664376078, "instrument_name": "BTC-18APR25", "bids": [[80105.0, 12770.0], [80102.5, 3200.0], [80100.0, 26560.0], [80097.5, 3200.0], [80095.0, 11100.0], [80092.5, 8060.0], [80090.0, 1680.0], [80085.0, 20630.0], [80082.5, 50000.0], [80080.0, 3000.0], [80077.5, 10000.0], [80072.5, 1680.0], [80070.0, 5590.0], [80067.5, 20.0], [80065.0, 100.0], [80050.0, 11670.0], [80042.5, 26320.0], [80040.0, 5610.0], [80020.0, 5560.0], [80010.0, 5540.0]], "asks": [[80110.0, 5500.0], [80112.5, 110.0], [80115.0, 3000.0], [80117.5, 10000.0], [80120.0, 2930.0], [80122.5, 5600.0], [80125.0, 4860.0], [80127.5, 24040.0], [80130.0, 80120.0], [80132.5, 1680.0], [80135.0, 5600.0], [80185.0, 1670.0], [80187.5, 5560.0], [80190.0, 1830.0], [80192.5, 6070.0], [80195.0, 20.0], [80202.5, 5460.0], [80220.0, 1640.0], [80222.5, 5460.0], [80232.5, 5460.0]]}}}
{"jsonrpc": "2.0", "method": "subscription", "params": {"channel": "book.BTC-11APR25.none.20.100ms", "data": {"timestamp": 1744299116582, "change_id": 96664376862, "instrument_name": "BTC-11APR25", "bids": [[80042.5, 140.0], [80027.5, 270.0], [80025.0, 900.0], [80022.5, 1460.0], [80020.0, 4860.0], [80010.0, 3000.0], [80007.5, 10000.0], [80002.5, 6640.0], [79995.0, 1960.0], [79992.5, 6520.0], [79985.0, 1960.0], [79982.5, 6520.0], [79955.0, 6360.0], [79950.0, 2000.0], [79945.0, 13870.0], [79942.5, 24490.0], [79940.0, 20.0], [79935.0, 6500.0], [79917.5, 1910.0], [79915.0, 32680.0]], "asks": [[80045.0, 10220.0], [80047.5, 220.0], [80050.0, 84900.0], [80052.5, 100.0], [80055.0, 810.0], [80060.0, 2690.0], [80080.0, 1950.0], [80082.5, 6500.0], [80092.5, 6460.0], [80120.0, 7710.0], [80122.5, 25700.0], [80125.0, 1910.0], [80127.5, 6360.0], [80130.0, 20.0], [80190.0, 1910.0], [80192.5, 6350.0], [80195.0, 20.0], [80200.0, 9580.0], [80202.5, 6460.0], [80205.0, 25480.0]]}}}
{"jsonrpc": "2.0", "method": "subscription", "params": {"channel": "book.BTC-18APR25.none.20.100ms", "data": {"timestamp": 1744299116582, "change_id": 96664376866, "instrument_name": "BTC-18APR25", "bids": [[80107.5, 16910.0], [80105.0, 8700.0], [80102.5, 10160.0], [80100.0, 23780.0], [80097.5, 3200.0], [80095.0, 11420.0], [80092.5, 3200.0], [80090.0, 1680.0], [80085.0, 20630.0], [80082.5, 50000.0], [80080.0, 3000.0], [80077.5, 10000.0], [80072.5, 1680.0], [80070.0, 5590.0], [80067.5, 20.0], [80065.0, 100.0], [80050.0, 11670.0], [80045.0, 9580.0], [80042.5, 26320.0], [80040.0, 5610.0]], "asks": [[80112.5, 110.0], [80117.5, 10000.0], [80120.0, 1680.0], [80125.0, 4860.0], [80127.5, 24040.0], [80130.0, 80120.0], [80132.5, 1680.0], [80135.0, 5600.0], [80185.0, 1670.0], [80187.5, 5560.0], [80190.0, 1830.0], [80192.5, 6070.0], [80195.0, 20.0], [80202.5, 5460.0], [80220.0, 1640.0], [80222.5, 5460.0], [80232.5, 5460.0], [80237.5, 18940.0], [80242.5, 5590.0], [80252.5, 1680.0]]}}}
{"jsonrpc": "2.0", "method": "subscription", "params": {"channel": "book.BTC-11APR25.none.20.100ms", "data": {"timestamp": 1744299116907, "change_id": 96664378351, "instrument_name": "BTC-11APR25", "bids": [[80042.5, 1120.0], [80040.0, 1170.0], [80037.5, 900.0], [80035.0, 270.0], [80032.5, 900.0], [80030.0, 1950.0], [80027.5, 6500.0], [80015.0, 100.0], [80010.0, 3000.0], [80007.5, 10000.0], [80005.0, 1990.0], [80002.5, 6540.0], [79992.5, 6520.0], [79985.0, 1960.0], [79982.5, 6520.0], [79957.5, 1910.0], [79955.0, 30850.0], [79950.0, 2000.0], [79945.0, 6520.0], [79940.0, 20.0]], "asks": [[80045.0, 10080.0], [80060.0, 2690.0], [80062.5, 100.0], [80082.5, 6500.0], [80095.0, 6520.0], [80102.5, 1960.0], [80105.0, 6520.0], [80120.0, 7710.0], [80122.5, 25700.0], [80125.0, 1910.0], [80127.5, 6360.0], [80130.0, 20.0], [80190.0, 1910.0], [80192.5, 6350.0], [80195.0, 20.0], [80200.0, 9580.0], [80202.5, 6460.0], [80205.0, 25480.0], [80207.5, 14590.0], [80210.0, 48640.0]]}}}
{"jsonrpc": "2.0", "method": "subscription", "params": {"channel": "book.BTC-18APR25.none.20.100ms", "data": {"timestamp": 1744299116904, "change_id": 96664378355, "instrument_name": "BTC-18APR25", "bids": [[80112.5, 8700.0], [80110.0, 13570.0], [80107.5, 3200.0], [80105.0, 3200.0], [80102.5, 23200.0], [80100.0, 50000.0], [80097.5, 3200.0], [80095.0, 5600.0], [80092.5, 3200.0], [80085.0, 5600.0], [80082.5, 100.0], [80077.5, 10000.0], [80070.0, 5590.0], [80067.5, 20.0], [80055.0, 6070.0], [80050.0, 5600.0], [80040.0, 5610.0], [80020.0, 5560.0], [80010.0, 5540.0], [80007.5, 2000.0]], "asks": [[80142.5, 5500.0], [80187.5, 5560.0], [80192.5, 6070.0], [80195.0, 20.0], [80202.5, 5460.0], [80222.5, 5460.0], [80232.5, 5460.0], [80237.5, 18940.0], [80242.5, 5590.0], [80255.0, 5600.0], [80260.0, 20.0], [80265.0, 5560.0], [80272.5, 36600.0], [80275.0, 5600.0], [80292.5, 5450.0], [80307.5, 5550.0], [80317.5, 5510.0], [80322.5, 20.0], [80330.0, 5530.0], [80360.0, 5480.0]]}}}
{"jsonrpc": "2.0", "method": "subscription", "params": {"channel": "book.BTC-11APR25.none.20.100ms", "data": {"timestamp": 1744299117148, "change_id": 96664379551, "instrument_name": "BTC-11APR25", "bids": [[80047.5, 220.0], [80042.5, 5760.0], [80040.0, 1170.0], [80037.5, 900.0], [80035.0, 270.0], [80032.5, 900.0], [80030.0, 1950.0], [80027.5, 6500.0], [80017.5, 10000.0], [80015.0, 100.0], [80005.0, 1990.0], [80002.5, 6540.0], [79992.5, 6520.0], [79985.0, 1960.0], [79982.5, 6520.0], [79957.5, 26400.0], [79955.0, 6360.0], [79950.0, 2000.0], [79945.0, 6520.0], [79940.0, 20.0]], "asks": [[80052.5, 160.0], [80060.0, 3030.0], [80062.5, 10100.0], [80065.0, 4080.0], [80067.5, 13600.0], [80070.0, 1460.0], [80072.5, 4860.0], [80082.5, 6500.0], [80095.0, 6520.0], [80102.5, 1960.0], [80105.0, 6520.0], [80120.0, 7710.0], [80122.5, 25700.0], [80125.0, 1910.0], [80127.5, 6360.0], [80130.0, 20.0], [80190.0, 1910.0], [80192.5, 6350.0], [80195.0, 20.0], [80200.0, 9580.0]]}}}
{"jsonrpc": "2.0", "method": "subscription", "params": {"channel": "book.BTC-18APR25.none.20.100ms", "data": {"timestamp": 1744299116970, "change_id": 96664379488, "instrument_name": "BTC-18APR25", "bids": [[80112.5, 3200.0], [80110.0, 13570.0], [80107.5, 3200.0], [80105.0, 3200.0], [80102.5, 23200.0], [80097.5, 53200.0], [80095.0, 5600.0], [80092.5, 3200.0], [80087.5, 10000.0], [80085.0, 5600.0], [80082.5, 100.0], [80070.0, 11660.0], [80067.5, 20.0], [80060.0, 31940.0], [80050.0, 5600.0], [80040.0, 5610.0], [80020.0, 5560.0], [80010.0, 5540.0], [80007.5, 8220.0], [80002.5, 20.0]], "asks": [[80130.0, 11100.0], [80132.5, 100.0], [80135.0, 10000.0], [80140.0, 5600.0], [80142.5, 5500.0], [80147.5, 4860.0], [80187.5, 5560.0], [80192.5, 6070.0], [80195.0, 20.0], [80202.5, 5460.0], [80222.5, 5460.0], [80232.5, 5460.0], [80237.5, 18940.0], [80242.5, 5590.0], [80255.0, 5600.0], [80260.0, 20.0], [80265.0, 5560.0], [80272.5, 36600.0], [80275.0, 5600.0], [80292.5, 5450.0]]}}}
{"jsonrpc": "2.0", "method": "subscription", "params": {"channel": "book.BTC-11APR25.none.20.100ms", "data": {"timestamp": 1744299117529, "change_id": 96664380398, "instrument_name": "BTC-11APR25", "bids": [[80047.5, 220.0], [80045.0, 540.0], [80042.5, 900.0], [80040.0, 2590.0], [80037.5, 900.0], [80035.0, 5130.0], [80032.5, 900.0], [80030.0, 1950.0], [80027.5, 6500.0], [80017.5, 10000.0], [80015.0, 100.0], [80005.0, 1990.0], [80002.5, 6540.0], [79992.5, 6520.0], [79985.0, 1960.0], [79982.5, 6520.0], [79957.5, 26400.0], [79955.0, 6360.0], [79950.0, 2000.0], [79945.0, 6520.0]], "asks": [[80055.0, 130.0], [80060.0, 3030.0], [80062.5, 10100.0], [80065.0, 8940.0], [80067.5, 13600.0], [80082.5, 6500.0], [80095.0, 6520.0], [80102.5, 1960.0], [80105.0, 6520.0], [80120.0, 7710.0], [80122.5, 25700.0], [80125.0, 1910.0], [80127.5, 6360.0], [80130.0, 20.0], [80190.0, 1910.0], [80192.5, 6350.0], [80195.0, 20.0], [80200.0, 9580.0], [80202.5, 6460.0], [80205.0, 25480.0]]}}}
{"jsonrpc": "2.0", "method": "subscription", "params": {"channel": "book.BTC-18APR25.none.20.100ms", "data": {"timestamp": 1744299117525, "change_id": 96664380390, "instrument_name": "BTC-18APR25", "bids": [[80120.0, 1920.0], [80117.5, 3200.0], [80115.0, 3200.0], [80112.5, 7270.0], [80110.0, 10370.0], [80107.5, 2520.0], [80105.0, 29050.0], [80102.5, 70000.0], [80100.0, 1680.0], [80095.0, 5600.0], [80090.0, 4680.0], [80087.5, 10000.0], [80085.0, 5600.0], [80082.5, 100.0], [80072.5, 1680.0], [80070.0, 7420.0], [80067.5, 6090.0], [80062.5, 9580.0], [80060.0, 31940.0], [80052.5, 1680.0]], "asks": [[80125.0, 5500.0], [80132.5, 3100.0], [80135.0, 10000.0], [80137.5, 3140.0], [80140.0, 10460.0], [80147.5, 24040.0], [80150.0, 85740.0], [80185.0, 1670.0], [80187.5, 5560.0], [80190.0, 1830.0], [80192.5, 6070.0], [80195.0, 20.0], [80200.0, 1640.0], [80202.5, 5460.0], [80220.0, 1640.0], [80222.5, 5460.0], [80230.0, 1640.0], [80232.5, 5460.0], [80235.0, 5680.0], [80237.5, 18940.0]]}}}
{"jsonrpc": "2.0", "method": "subscription", "params": {"channel": "book.BTC-11APR25.none.20.100ms", "data": {"timestamp": 1744299117761, "change_id": 96664381154, "instrument_name": "BTC-11APR25", "bids": [[80047.5, 220.0], [80045.0, 270.0], [80042.5, 900.0], [80040.0, 900.0], [80037.5, 900.0], [80035.0, 270.0], [80032.5, 900.0], [80030.0, 1950.0], [80027.5, 6500.0], [80017.5, 10000.0], [80015.0, 100.0], [80005.0, 1990.0], [80002.5, 6540.0], [79992.5, 6520.0], [79985.0, 1960.0], [79982.5, 6520.0], [79957.5, 24490.0], [79955.0, 6360.0], [79950.0, 2000.0], [79945.0, 6520.0]], "asks": [[80062.5, 10100.0], [80065.0, 4860.0], [80067.5, 13600.0], [80080.0, 1950.0], [80082.5, 6500.0], [80095.0, 6520.0], [80102.5, 1960.0], [80105.0, 6520.0], [80120.0, 7710.0], [80122.5, 25700.0], [80125.0, 1910.0], [80127.5, 6360.0], [80130.0, 20.0], [80190.0, 1910.0], [80192.5, 6350.0], [80195.0, 20.0], [80202.5, 6460.0], [80205.0, 25480.0], [80207.5, 14590.0], [80210.0, 48640.0]]}}}
{"jsonrpc": "2.0", "method": "subscription", "params": {"channel": "book.BTC-18APR25.none.20.100ms", "data": {"timestamp": 1744299117819, "change_id": 96664381185, "instrument_name": "BTC-18APR25", "bids": [[80120.0, 5120.0], [80117.5, 3200.0], [80115.0, 3200.0], [80112.5, 23200.0], [80110.0, 5510.0], [80105.0, 8800.0], [80097.5, 50000.0], [80095.0, 5600.0], [80090.0, 4680.0], [80087.5, 10000.0], [80085.0, 5600.0], [80082.5, 100.0], [80072.5, 1680.0], [80070.0, 7420.0], [80067.5, 6090.0], [80060.0, 31940.0], [80050.0, 5600.0], [80042.5, 1680.0], [80040.0, 5610.0], [80022.5, 1670.0]], "asks": [[80125.0, 5500.0], [80132.5, 3100.0], [80135.0, 10000.0], [80140.0, 5600.0], [80142.5, 4860.0], [80150.0, 85740.0], [80185.0, 1670.0], [80187.5, 5560.0], [80190.0, 1830.0], [80192.5, 6070.0], [80195.0, 20.0], [80200.0, 1640.0], [80202.5, 5460.0], [80220.0, 1640.0], [80222.5, 5460.0], [80230.0, 1640.0], [80232.5, 5460.0], [80235.0, 5680.0], [80237.5, 18940.0], [80242.5, 5590.0]]}}}
{"jsonrpc": "2.0", "method": "subscription", "params": {"channel": "book.BTC-11APR25.none.20.100ms", "data": {"timestamp": 1744299118170, "change_id": 96664381982, "instrument_name": "BTC-11APR25", "bids": [[80047.5, 220.0], [80045.0, 540.0], [80042.5, 900.0], [80040.0, 2630.0], [80037.5, 5760.0], [80035.0, 270.0], [80032.5, 900.0], [80030.0, 1950.0], [80027.5, 6500.0], [80017.5, 10000.0], [80015.0, 100.0], [80005.0, 1990.0], [80002.5, 6540.0], [79992.5, 6520.0], [79985.0, 1960.0], [79982.5, 6520.0], [79957.5, 24490.0], [79955.0, 6360.0], [79950.0, 2000.0], [79945.0, 6520.0]], "asks": [[80057.5, 220.0], [80062.5, 10100.0], [80065.0, 4080.0], [80067.5, 13600.0], [80080.0, 1950.0], [80082.5, 6500.0], [80095.0, 6520.0], [80102.5, 1960.0], [80105.0, 6520.0], [80120.0, 7710.0], [80122.5, 25700.0], [80125.0, 1910.0], [80127.5, 6360.0], [80130.0, 20.0], [80190.0, 1910.0], [80192.5, 6350.0], [80195.0, 20.0], [80202.5, 6460.0], [80205.0, 25480.0], [80207.5, 14590.0]]}}}
{"jsonrpc": "2.0", "method": "subscription", "params": {"channel": "book.BTC-18APR25.none.20.100ms", "data": {"timestamp": 1744299118172, "change_id": 96664381997, "instrument_name": "BTC-18APR25", "bids": [[80120.0, 5120.0], [80117.5, 3200.0], [80115.0, 13270.0], [80112.5, 23200.0], [80110.0, 10370.0], [80107.5, 960.0], [80105.0, 3200.0], [80100.0, 16680.0], [80097.5, 50000.0], [80095.0, 5600.0], [80090.0, 4680.0], [80087.5, 10000.0], [80085.0, 5600.0], [80082.5, 100.0], [80072.5, 1680.0], [80070.0, 7420.0], [80067.5, 6090.0], [80062.5, 9580.0], [80060.0, 31940.0], [80052.5, 1680.0]], "asks": [[80125.0, 5500.0], [80132.5, 3100.0], [80135.0, 10000.0], [80137.5, 1680.0], [80140.0, 5600.0], [80147.5, 25720.0], [80150.0, 85740.0], [80185.0, 1670.0], [80187.5, 5560.0], [80190.0, 1830.0], [80192.5, 6070.0], [80195.0, 20.0], [80200.0, 1640.0], [80202.5, 5460.0], [80220.0, 1640.0], [80222.5, 5460.0], [80230.0, 1640.0], [80232.5, 5460.0], [80235.0, 5680.0], [80237.5, 18940.0]]}}}
{"jsonrpc": "2.0", "method": "subscription", "params": {"channel": "book.BTC-11APR25.none.20.100ms", "data": {"timestamp": 1744299118493, "change_id": 96664382926, "instrument_name": "BTC-11APR25", "bids": [[80055.0, 1120.0], [80045.0, 270.0], [80042.5, 900.0], [80040.0, 510.0], [80037.5, 900.0], [80035.0, 2590.0], [80032.5, 900.0], [80030.0, 1950.0], [80027.5, 6500.0], [80017.5, 10000.0], [80015.0, 100.0], [80005.0, 1990.0], [80002.5, 6540.0], [79992.5, 6520.0], [79985.0, 1960.0], [79982.5, 6520.0], [79955.0, 30850.0], [79945.0, 6520.0], [79940.0, 20.0], [79935.0, 6500.0]], "asks": [[80057.5, 220.0], [80062.5, 10100.0], [80065.0, 4080.0], [80067.5, 4860.0], [80082.5, 6500.0], [80102.5, 1960.0], [80105.0, 6520.0], [80120.0, 7710.0], [80122.5, 25700.0], [80125.0, 1910.0], [80127.5, 6360.0], [80130.0, 20.0], [80190.0, 1910.0], [80192.5, 6350.0], [80195.0, 20.0], [80202.5, 6460.0], [80205.0, 25480.0], [80207.5, 14590.0], [80210.0, 48640.0], [80230.0, 6330.0]]}}}
{"jsonrpc": "2.0", "method": "subscription", "params": {"channel": "book.BTC-18APR25.none.20.100ms", "data": {"timestamp": 1744299118457, "change_id": 96664382921, "instrument_name": "BTC-18APR25", "bids": [[80125.0, 5120.0], [80122.5, 3200.0], [80120.0, 12320.0], [80117.5, 8700.0], [80115.0, 42270.0], [80112.5, 53200.0], [80110.0, 12050.0], [80107.5, 5600.0], [80097.5, 1680.0], [80095.0, 5600.0], [80090.0, 4680.0], [80087.5, 10000.0], [80085.0, 5600.0], [80082.5, 100.0], [80072.5, 1130.0], [80070.0, 5590.0], [80067.5, 1840.0], [80065.0, 6070.0], [80062.5, 9580.0], [80060.0, 31940.0]], "asks": [[80130.0, 5500.0], [80132.5, 3100.0], [80135.0, 10000.0], [80137.5, 1680.0], [80140.0, 7060.0], [80142.5, 4860.0], [80150.0, 5600.0], [80185.0, 1670.0], [80187.5, 5560.0], [80190.0, 1830.0], [80192.5, 6070.0], [80195.0, 20.0], [80200.0, 1640.0], [80202.5, 5460.0], [80220.0, 1640.0], [80222.5, 5460.0], [80230.0, 1640.0], [80232.5, 5460.0], [80235.0, 5680.0], [80237.5, 18940.0]]}}}
{"jsonrpc": "2.0", "method": "subscription", "params": {"channel": "book.BTC-11APR25.none.20.100ms", "data": {"timestamp": 1744299118841, "change_id": 96664383715, "instrument_name": "BTC-11APR25", "bids": [[80055.0, 1120.0], [80042.5, 2360.0], [80040.0, 5400.0], [80037.5, 900.0], [80035.0, 1170.0], [80032.5, 900.0], [80030.0, 1950.0], [80027.5, 6500.0], [80017.5, 10000.0], [80015.0, 100.0], [80005.0, 1990.0], [80002.5, 6540.0], [79992.5, 6520.0], [79985.0, 1960.0], [79982.5, 6520.0], [79980.0, 2000.0], [79972.5, 6520.0], [79965.0, 24490.0], [79955.0, 6360.0], [79945.0, 6520.0]], "asks": [[80057.5, 220.0], [80062.5, 10100.0], [80070.0, 1460.0], [80072.5, 4860.0], [80080.0, 1950.0], [80082.5, 6500.0], [80102.5, 1960.0], [80105.0, 6520.0], [80120.0, 7710.0], [80122.5, 25700.0], [80125.0, 1910.0], [80127.5, 6360.0], [80130.0, 20.0], [80190.0, 1910.0], [80192.5, 6350.0], [80195.0, 20.0], [80202.5, 6460.0], [80205.0, 25480.0], [80207.5, 14590.0], [80210.0, 48640.0]]}}}
{"jsonrpc": "2.0", "method": "subscription", "params": {"channel": "book.BTC-18APR25.none.20.100ms", "data": {"timestamp": 1744299118770, "change_id": 96664383201, "instrument_name": "BTC-18APR25", "bids": [[80125.0, 3200.0], [80122.5, 3200.0], [80120.0, 3200.0], [80117.5, 13560.0], [80115.0, 23200.0], [80112.5, 53200.0], [80110.0, 5510.0], [80107.5, 5600.0], [80095.0, 5600.0], [80087.5, 10000.0], [80085.0, 5600.0], [80082.5, 100.0], [80075.0, 6070.0], [80070.0, 5590.0], [80067.5, 20.0], [80060.0, 31940.0], [80050.0, 5600.0], [80040.0, 5610.0], [80020.0, 5560.0], [80012.5, 6220.0]], "asks": [[80130.0, 5500.0], [80132.5, 100.0], [80135.0, 10000.0], [80140.0, 5600.0], [80150.0, 10460.0], [80187.5, 5560.0], [80192.5, 6070.0], [80195.0, 20.0], [80202.5, 5460.0], [80222.5, 5460.0], [80232.5, 5460.0], [80237.5, 18940.0], [80242.5, 5590.0], [80255.0, 5600.0], [80260.0, 20.0], [80265.0, 5560.0], [80272.5, 36600.0], [80292.5, 5450.0], [80307.5, 5550.0], [80317.5, 5510.0]]}}}
{"jsonrpc": "2.0", "method": "subscription", "params": {"channel": "book.BTC-11APR25.none.20.100ms", "data": {"timestamp": 1744299119077, "change_id": 96664384431, "instrument_name": "BTC-11APR25", "bids": [[80052.5, 220.0], [80047.5, 900.0], [80042.5, 2360.0], [80040.0, 5130.0], [80037.5, 900.0], [80035.0, 270.0], [80032.5, 900.0], [80030.0, 1950.0], [80027.5, 6500.0], [80020.0, 3030.0], [80017.5, 10000.0], [80015.0, 100.0], [80012.5, 6520.0], [80005.0, 1990.0], [80002.5, 6540.0], [79992.5, 6520.0], [79985.0, 1960.0], [79982.5, 6520.0], [79980.0, 2000.0], [79972.5, 6520.0]], "asks": [[80057.5, 220.0], [80060.0, 3030.0], [80062.5, 10100.0], [80067.5, 7800.0], [80070.0, 21280.0], [80072.5, 4860.0], [80080.0, 1950.0], [80082.5, 6500.0], [80102.5, 1960.0], [80105.0, 6520.0], [80120.0, 7710.0], [80122.5, 25700.0], [80125.0, 1910.0], [80127.5, 6360.0], [80130.0, 20.0], [80190.0, 1910.0], [80192.5, 6350.0], [80195.0, 20.0], [80200.0, 9580.0], [80202.5, 6460.0]]}}}
{"jsonrpc": "2.0", "method": "subscription", "params": {"channel": "book.BTC-18APR25.none.20.100ms", "data": {"timestamp": 1744299119204, "change_id": 96664384432, "instrument_name": "BTC-18APR25", "bids": [[80125.0, 1920.0], [80122.5, 3200.0], [80120.0, 12770.0], [80117.5, 3200.0], [80115.0, 40810.0], [80112.5, 53200.0], [80110.0, 12050.0], [80107.5, 5600.0], [80097.5, 1680.0], [80095.0, 5600.0], [80090.0, 4680.0], [80087.5, 10000.0], [80085.0, 5600.0], [80082.5, 100.0], [80075.0, 3500.0], [80072.5, 6070.0], [80070.0, 5590.0], [80067.5, 20.0], [80062.5, 9580.0], [80060.0, 31940.0]], "asks": [[80130.0, 5500.0], [80132.5, 3100.0], [80135.0, 10000.0], [80137.5, 1680.0], [80140.0, 7060.0], [80142.5, 4860.0], [80147.5, 7420.0], [80150.0, 25440.0], [80185.0, 1670.0], [80187.5, 5560.0], [80190.0, 1830.0], [80192.5, 6070.0], [80195.0, 20.0], [80200.0, 1640.0], [80202.5, 5460.0], [80220.0, 1640.0], [80222.5, 5460.0], [80230.0, 1640.0], [80232.5, 5460.0], [80235.0, 5680.0]]}}}
{"jsonrpc": "2.0", "method": "subscription", "params": {"channel": "book.BTC-11APR25.none.20.100ms", "data": {"timestamp": 1744299119417, "change_id": 96664385785, "instrument_name": "BTC-11APR25", "bids": [[80042.5, 220.0], [80037.5, 900.0], [80032.5, 1460.0], [80030.0, 4860.0], [80015.0, 100.0], [80005.0, 10000.0], [80002.5, 20.0], [79992.5, 6520.0], [79982.5, 6520.0], [79980.0, 2000.0], [79972.5, 6520.0], [79955.0, 6360.0], [79947.5, 24490.0], [79945.0, 6520.0], [79940.0, 20.0], [79935.0, 14400.0], [79932.5, 26340.0], [79925.0, 6520.0], [79917.5, 1910.0], [79915.0, 6360.0]], "asks": [[80047.5, 110.0], [80052.5, 100.0], [80060.0, 3030.0], [80062.5, 14860.0], [80067.5, 5950.0], [80070.0, 19820.0], [80082.5, 6500.0], [80085.0, 1960.0], [80087.5, 6520.0], [80105.0, 6520.0], [80120.0, 7710.0], [80122.5, 25700.0], [80125.0, 1910.0], [80127.5, 6360.0], [80130.0, 20.0], [80192.5, 6350.0], [80195.0, 20.0], [80200.0, 9580.0], [80202.5, 6460.0], [80205.0, 25480.0]]}}}
{"jsonrpc": "2.0", "method": "subscription", "params": {"channel": "book.BTC-18APR25.none.20.100ms", "data": {"timestamp": 1744299119385, "change_id": 96664385597, "instrument_name": "BTC-18APR25", "bids": [[80112.5, 3200.0], [80110.0, 10.0], [80102.5, 4860.0], [80095.0, 5600.0], [80087.5, 20000.0], [80085.0, 5600.0], [80082.5, 100.0], [80075.0, 10000.0], [80072.5, 50000.0], [80070.0, 5590.0], [80067.5, 20.0], [80060.0, 38010.0], [80050.0, 5600.0], [80040.0, 5610.0], [80020.0, 5560.0], [80010.0, 5540.0], [80007.5, 2000.0], [80002.5, 20.0], [80000.0, 5600.0], [79997.5, 6220.0]], "asks": [[80120.0, 5500.0], [80122.5, 100.0], [80130.0, 5600.0], [80135.0, 14860.0], [80140.0, 5600.0], [80150.0, 25440.0], [80187.5, 5560.0], [80192.5, 6070.0], [80195.0, 20.0], [80202.5, 5460.0], [80222.5, 5460.0], [80232.5, 5460.0], [80237.5, 18940.0], [80242.5, 5590.0], [80255.0, 5600.0], [80260.0, 20.0], [80265.0, 5560.0], [80272.5, 36600.0], [80292.5, 5450.0], [80307.5, 5550.0]]}}}
{"jsonrpc": "2.0", "method": "subscription", "params": {"channel": "book.BTC-11APR25.none.20.100ms", "data": {"timestamp": 1744299119792, "change_id": 96664386260, "instrument_name": "BTC-11APR25", "bids": [[80042.5, 220.0], [80037.5, 900.0], [80032.5, 1460.0], [80030.0, 4860.0], [80015.0, 100.0], [80005.0, 10000.0], [80002.5, 20.0], [79982.5, 6520.0], [79980.0, 2000.0], [79972.5, 6520.0], [79955.0, 6360.0], [79947.5, 24490.0], [79945.0, 6520.0], [79940.0, 20.0], [79935.0, 14400.0], [79932.5, 26340.0], [79925.0, 6520.0], [79917.5, 1910.0], [79915.0, 6360.0], [79905.0, 6560.0]], "asks": [[80047.5, 110.0], [80052.5, 10100.0], [80055.0, 1460.0], [80057.5, 4860.0], [80082.5, 6500.0], [80105.0, 6520.0], [80120.0, 7710.0], [80122.5, 25700.0], [80125.0, 1910.0], [80127.5, 6360.0], [80130.0, 20.0], [80192.5, 6350.0], [80195.0, 20.0], [80200.0, 9580.0], [80202.5, 6460.0], [80205.0, 25480.0], [80210.0, 48640.0], [80230.0, 6330.0], [80242.5, 111570.0], [80252.5, 6560.0]]}}}
{"jsonrpc": "2.0", "method": "subscription", "params": {"channel": "book.BTC-18APR25.none.20.100ms", "data": {"timestamp": 1744299119814, "change_id": 96664386463, "instrument_name": "BTC-18APR25", "bids": [[80115.0, 3200.0], [80112.5, 3200.0], [80110.0, 10.0], [80105.0, 1460.0], [80102.5, 4860.0], [80097.5, 1680.0], [80095.0, 5600.0], [80090.0, 21720.0], [80087.5, 70000.0], [80085.0, 5600.0], [80082.5, 100.0], [80077.5, 3000.0], [80075.0, 10000.0], [80072.5, 1680.0], [80070.0, 5590.0], [80067.5, 20.0], [80062.5, 11400.0], [80060.0, 38010.0], [80042.5, 1680.0], [80040.0, 5610.0]], "asks": [[80117.5, 5500.0], [80122.5, 3100.0], [80125.0, 10000.0], [80127.5, 1680.0], [80130.0, 7060.0], [80132.5, 4860.0], [80137.5, 1680.0], [80140.0, 5600.0], [80147.5, 1680.0], [80150.0, 5600.0], [80185.0, 1670.0], [80187.5, 5560.0], [80190.0, 1830.0], [80192.5, 6070.0], [80195.0, 1700.0], [80197.5, 5600.0], [80220.0, 1640.0], [80222.5, 5460.0], [80230.0, 1640.0], [80232.5, 5460.0]]}}}
{"jsonrpc": "2.0", "method": "subscription", "params": {"channel": "book.BTC-11APR25.none.20.100ms", "data": {"timestamp": 1744299120138, "change_id": 96664387923, "instrument_name": "BTC-11APR25", "bids": [[80007.5, 4580.0], [80005.0, 16500.0], [80002.5, 120.0], [80000.0, 7500.0], [79997.5, 25000.0], [79985.0, 2560.0], [79982.5, 6520.0], [79980.0, 2000.0], [79975.0, 1960.0], [79972.5, 6520.0], [79957.5, 1910.0], [79955.0, 6360.0], [79947.5, 1960.0], [79945.0, 13870.0], [79942.5, 24490.0], [79940.0, 20.0], [79937.5, 1950.0], [79935.0, 14400.0], [79932.5, 26340.0], [79927.5, 1960.0]], "asks": [[80045.0, 1980.0], [80047.5, 6610.0], [80050.0, 23640.0], [80052.5, 90150.0], [80075.0, 1980.0], [80077.5, 6610.0], [80080.0, 1950.0], [80082.5, 6500.0], [80102.5, 1960.0], [80105.0, 6520.0], [80120.0, 7710.0], [80122.5, 25700.0], [80125.0, 1910.0], [80127.5, 6360.0], [80130.0, 20.0], [80192.5, 6350.0], [80195.0, 20.0], [80200.0, 9580.0], [80202.5, 6460.0], [80205.0, 25480.0]]}}}
{"jsonrpc": "2.0", "method": "subscription", "params": {"channel": "book.BTC-18APR25.none.20.100ms", "data": {"timestamp": 1744299120188, "change_id": 96664387845, "instrument_name": "BTC-18APR25", "bids": [[80100.0, 960.0], [80097.5, 3200.0], [80092.5, 20000.0], [80090.0, 21720.0], [80087.5, 50000.0], [80085.0, 5600.0], [80075.0, 10000.0], [80072.5, 1680.0], [80070.0, 5690.0], [80067.5, 20.0], [80062.5, 11400.0], [80060.0, 31940.0], [80045.0, 6070.0], [80040.0, 5610.0], [80022.5, 1670.0], [80020.0, 5560.0], [80012.5, 1660.0], [80010.0, 5540.0], [80007.5, 2000.0], [80002.5, 20.0]], "asks": [[80105.0, 10.0], [80110.0, 5500.0], [80120.0, 5600.0], [80122.5, 100.0], [80125.0, 10000.0], [80130.0, 7060.0], [80132.5, 80130.0], [80137.5, 1680.0], [80140.0, 5600.0], [80147.5, 1680.0], [80150.0, 5600.0], [80185.0, 1670.0], [80187.5, 5560.0], [80190.0, 1830.0], [80192.5, 6070.0], [80195.0, 1700.0], [80197.5, 5600.0], [80220.0, 1640.0], [80222.5, 5460.0], [80230.0, 1640.0]]}}}
{"jsonrpc": "2.0", "method": "subscription", "params": {"channel": "book.BTC-11APR25.none.20.100ms", "data": {"timestamp": 1744299120403, "change_id": 96664389291, "instrument_name": "BTC-11APR25", "bids": [[80002.5, 6620.0], [79980.0, 2000.0], [79977.5, 10000.0], [79972.5, 6520.0], [79955.0, 6360.0], [79945.0, 6520.0], [79940.0, 20.0], [79935.0, 6500.0], [79932.5, 26340.0], [79925.0, 6520.0], [79915.0, 6360.0], [79905.0, 6560.0], [79885.0, 6520.0], [79882.5, 3350.0], [79880.0, 13410.0], [79877.5, 25310.0], [79875.0, 6550.0], [79855.0, 6500.0], [79847.5, 105000.0], [79845.0, 6650.0]], "asks": [[80040.0, 21360.0], [80042.5, 6600.0], [80047.5, 110.0], [80052.5, 80050.0], [80077.5, 6610.0], [80102.5, 25700.0], [80105.0, 6520.0], [80127.5, 6360.0], [80130.0, 20.0], [80192.5, 6350.0], [80195.0, 20.0], [80202.5, 6460.0], [80205.0, 25480.0], [80210.0, 48640.0], [80230.0, 6330.0], [80242.5, 111570.0], [80252.5, 6560.0], [80260.0, 20.0], [80265.0, 19500.0], [80267.5, 6560.0]]}}}
{"jsonrpc": "2.0", "method": "subscription", "params": {"channel": "book.BTC-18APR25.none.20.100ms", "data": {"timestamp": 1744299120459, "change_id": 96664389312, "instrument_name": "BTC-18APR25", "bids": [[80095.0, 3200.0], [80092.5, 20000.0], [80080.0, 4860.0], [80072.5, 3200.0], [80070.0, 5590.0], [80067.5, 20.0], [80062.5, 50000.0], [80060.0, 31940.0], [80047.5, 10000.0], [80042.5, 6070.0], [80040.0, 5610.0], [80020.0, 5560.0], [80010.0, 5540.0], [80007.5, 2000.0], [80002.5, 20.0], [80000.0, 5600.0], [79990.0, 5610.0], [79980.0, 5510.0], [79970.0, 5610.0], [79967.5, 18420.0]], "asks": [[80100.0, 10.0], [80102.5, 5500.0], [80112.5, 10100.0], [80115.0, 4860.0], [80120.0, 5600.0], [80130.0, 5600.0], [80132.5, 80130.0], [80140.0, 5600.0], [80150.0, 5600.0], [80187.5, 5560.0], [80192.5, 6070.0], [80195.0, 20.0], [80197.5, 5600.0], [80222.5, 5460.0], [80232.5, 5460.0], [80237.5, 18940.0], [80242.5, 5590.0], [80255.0, 5600.0], [80260.0, 20.0], [80265.0, 5560.0]]}}}
{"jsonrpc": "2.0", "method": "subscription", "params": {"channel": "book.BTC-11APR25.none.20.100ms", "data": {"timestamp": 1744299120816, "change_id": 96664390610, "instrument_name": "BTC-11APR25", "bids": [[80005.0, 1960.0], [80002.5, 6520.0], [79990.0, 100.0], [79980.0, 5000.0], [79977.5, 10000.0], [79972.5, 6520.0], [79955.0, 6360.0], [79945.0, 6520.0], [79940.0, 20.0], [79935.0, 6500.0], [79932.5, 26340.0], [79925.0, 6520.0], [79915.0, 6360.0], [79905.0, 6560.0], [79885.0, 6520.0], [79882.5, 3350.0], [79880.0, 13410.0], [79877.5, 25310.0], [79875.0, 6550.0], [79855.0, 6500.0]], "asks": [[80037.5, 6500.0], [80040.0, 16500.0], [80042.5, 100.0], [80047.5, 110.0], [80077.5, 6610.0], [80102.5, 25700.0], [80105.0, 6520.0], [80127.5, 6360.0], [80130.0, 20.0], [80192.5, 6350.0], [80195.0, 20.0], [80202.5, 6460.0], [80205.0, 25480.0], [80210.0, 48640.0], [80230.0, 6330.0], [80242.5, 111570.0], [80252.5, 6560.0], [80260.0, 20.0], [80265.0, 19500.0], [80267.5, 6560.0]]}}}
{"jsonrpc": "2.0", "method": "subscription", "params": {"channel": "book.BTC-18APR25.none.20.100ms", "data": {"timestamp": 1744299120820, "change_id": 96664390618, "instrument_name": "BTC-18APR25", "bids": [[80095.0, 3200.0], [80087.5, 7680.0], [80085.0, 20000.0], [80075.0, 17310.0], [80072.5, 53200.0], [80070.0, 5590.0], [80067.5, 20.0], [80062.5, 9580.0], [80060.0, 34970.0], [80057.5, 10100.0], [80052.5, 1680.0], [80050.0, 5600.0], [80045.0, 3500.0], [80042.5, 6070.0], [80040.0, 5610.0], [80022.5, 1670.0], [80020.0, 5560.0], [80012.5, 1660.0], [80010.0, 6140.0], [80007.5, 2000.0]], "asks": [[80097.5, 5500.0], [80100.0, 1660.0], [80102.5, 5500.0], [80107.5, 1680.0], [80110.0, 5600.0], [80112.5, 10100.0], [80117.5, 1680.0], [80120.0, 5600.0], [80127.5, 1680.0], [80130.0, 5600.0], [80137.5, 1680.0], [80140.0, 5600.0], [80147.5, 1680.0], [80150.0, 5600.0], [80185.0, 1670.0], [80187.5, 5560.0], [80190.0, 1830.0], [80192.5, 6070.0], [80195.0, 1700.0], [80197.5, 5600.0]]}}}
{"jsonrpc": "2.0", "method": "subscription", "params": {"channel": "book.BTC-11APR25.none.20.100ms", "data": {"timestamp": 1744299121196, "change_id": 96664392249, "instrument_name": "BTC-11APR25", "bids": [[80002.5, 20.0], [79990.0, 3100.0], [79987.5, 10000.0], [79982.5, 600.0], [79980.0, 2000.0], [79975.0, 1960.0], [79972.5, 6520.0], [79957.5, 1910.0], [79955.0, 6360.0], [79947.5, 1960.0], [79945.0, 6520.0], [79940.0, 20.0], [79935.0, 14400.0], [79932.5, 26340.0], [79925.0, 6520.0], [79915.0, 6360.0], [79905.0, 6560.0], [79887.5, 1960.0], [79885.0, 6520.0], [79882.5, 3350.0]], "asks": [[80030.0, 220.0], [80032.5, 100.0], [80035.0, 6900.0], [80037.5, 6500.0], [80040.0, 16500.0], [80062.5, 1980.0], [80065.0, 6610.0], [80075.0, 1980.0], [80077.5, 6610.0], [80102.5, 25700.0], [80105.0, 6520.0], [80127.5, 6360.0], [80130.0, 20.0], [80190.0, 1910.0], [80192.5, 6350.0], [80195.0, 20.0], [80200.0, 9580.0], [80202.5, 6460.0], [80205.0, 25480.0], [80210.0, 48640.0]]}}}
{"jsonrpc": "2.0", "method": "subscription", "params": {"channel": "book.BTC-18APR25.none.20.100ms", "data": {"timestamp": 1744299121208, "change_id": 96664392327, "instrument_name": "BTC-18APR25", "bids": [[80085.0, 20000.0], [80075.0, 2640.0], [80072.5, 3200.0], [80070.0, 5590.0], [80067.5, 15020.0], [80065.0, 50000.0], [80060.0, 34970.0], [80057.5, 10100.0], [80050.0, 5600.0], [80045.0, 3500.0], [80042.5, 6070.0], [80040.0, 5610.0], [80022.5, 1670.0], [80020.0, 5560.0], [80010.0, 5540.0], [80007.5, 2000.0], [80002.5, 20.0], [80000.0, 5600.0], [79990.0, 5610.0], [79982.5, 1650.0]], "asks": [[80090.0, 1650.0], [80092.5, 5500.0], [80100.0, 10.0], [80102.5, 100.0], [80110.0, 5600.0], [80112.5, 10000.0], [80117.5, 1680.0], [80120.0, 5600.0], [80130.0, 5600.0], [80140.0, 5600.0], [80150.0, 5600.0], [80187.5, 5560.0], [80192.5, 6070.0], [80195.0, 20.0], [80197.5, 5600.0], [80222.5, 5460.0], [80232.5, 5460.0], [80235.0, 5680.0], [80237.5, 18940.0], [80242.5, 5590.0]]}}}
{"jsonrpc": "2.0", "method": "subscription", "params": {"channel": "book.BTC-11APR25.none.20.100ms", "data": {"timestamp": 1744299121532, "change_id": 96664393591, "instrument_name": "BTC-11APR25", "bids": [[80005.0, 4860.0], [80002.5, 20.0], [79990.0, 100.0], [79987.5, 10000.0], [79980.0, 2000.0], [79972.5, 6520.0], [79955.0, 6360.0], [79945.0, 6520.0], [79940.0, 20.0], [79935.0, 6500.0], [79927.5, 24490.0], [79925.0, 6520.0], [79915.0, 6360.0], [79905.0, 6560.0], [79885.0, 8680.0], [79882.5, 3350.0], [79880.0, 13410.0], [79877.5, 25310.0], [79875.0, 6550.0], [79855.0, 6500.0]], "asks": [[80030.0, 220.0], [80032.5, 4960.0], [80037.5, 6500.0], [80040.0, 16500.0], [80045.0, 82350.0], [80065.0, 6610.0], [80077.5, 6610.0], [80102.5, 25700.0], [80105.0, 6520.0], [80127.5, 6360.0], [80130.0, 20.0], [80192.5, 6350.0], [80195.0, 20.0], [80202.5, 6460.0], [80205.0, 25480.0], [80210.0, 48640.0], [80230.0, 6330.0], [80242.5, 111570.0], [80252.5, 6560.0], [80260.0, 20.0]]}}}
{"jsonrpc": "2.0", "method": "subscription", "params": {"channel": "book.BTC-18APR25.none.20.100ms", "data": {"timestamp": 1744299121524, "change_id": 96664393589, "instrument_name": "BTC-18APR25", "bids": [[80082.5, 960.0], [80080.0, 4660.0], [80077.5, 4860.0], [80075.0, 8640.0], [80072.5, 73200.0], [80070.0, 5590.0], [80067.5, 20.0], [80065.0, 16680.0], [80060.0, 8630.0], [80057.5, 10100.0], [80052.5, 1680.0], [80050.0, 5600.0], [80042.5, 1680.0], [80040.0, 5610.0], [80025.0, 3490.0], [80022.5, 6070.0], [80020.0, 5560.0], [80010.0, 5540.0], [80007.5, 2000.0], [80002.5, 1700.0]], "asks": [[80092.5, 5500.0], [80095.0, 1650.0], [80097.5, 5500.0], [80100.0, 10.0], [80102.5, 100.0], [80105.0, 3140.0], [80107.5, 4860.0], [80110.0, 8600.0], [80112.5, 10000.0], [80117.5, 1680.0], [80120.0, 5600.0], [80127.5, 1680.0], [80130.0, 5600.0], [80137.5, 1680.0], [80140.0, 5600.0], [80147.5, 1680.0], [80150.0, 5600.0], [80185.0, 1670.0], [80187.5, 5560.0], [80192.5, 6070.0]]}}}
{"jsonrpc": "2.0", "method": "subscription", "params": {"channel": "book.BTC-11APR25.none.20.100ms", "data": {"timestamp": 1744299121877, "change_id": 96664394532, "instrument_name": "BTC-11APR25", "bids": [[80002.5, 20.0], [79990.0, 3100.0], [79987.5, 10000.0], [79982.5, 600.0], [79980.0, 2000.0], [79955.0, 6360.0], [79945.0, 6520.0], [79940.0, 20.0], [79935.0, 6500.0], [79927.5, 24490.0], [79915.0, 6360.0], [79905.0, 6560.0], [79885.0, 8680.0], [79882.5, 3350.0], [79880.0, 13410.0], [79877.5, 25310.0], [79875.0, 6550.0], [79855.0, 6500.0], [79847.5, 105000.0], [79845.0, 6650.0]], "asks": [[80022.5, 100.0], [80027.5, 10000.0], [80030.0, 6500.0], [80032.5, 4960.0], [80037.5, 6500.0], [80045.0, 82350.0], [80077.5, 6610.0], [80102.5, 25700.0], [80105.0, 6520.0], [80127.5, 6360.0], [80130.0, 20.0], [80192.5, 6350.0], [80195.0, 20.0], [80202.5, 6460.0], [80205.0, 25480.0], [80210.0, 48640.0], [80230.0, 6330.0], [80242.5, 111570.0], [80252.5, 6560.0], [80260.0, 20.0]]}}}
{"jsonrpc": "2.0", "method": "subscription", "params": {"channel": "book.BTC-18APR25.none.20.100ms", "data": {"timestamp": 1744299121860, "change_id": 96664394526, "instrument_name": "BTC-18APR25", "bids": [[80082.5, 3200.0], [80072.5, 23200.0], [80070.0, 5590.0], [80067.5, 20.0], [80062.5, 16470.0], [80060.0, 58630.0], [80057.5, 10100.0], [80050.0, 5600.0], [80040.0, 5610.0], [80027.5, 6070.0], [80020.0, 5560.0], [80012.5, 1660.0], [80010.0, 5540.0], [80007.5, 2000.0], [80002.5, 20.0], [80000.0, 5600.0], [79990.0, 5610.0], [79980.0, 5510.0], [79975.0, 6220.0], [79970.0, 5610.0]], "asks": [[80087.5, 8700.0], [80090.0, 3200.0], [80092.5, 5500.0], [80097.5, 5600.0], [80100.0, 10010.0], [80102.5, 100.0], [80107.5, 4860.0], [80110.0, 5600.0], [80120.0, 5600.0], [80130.0, 5600.0], [80140.0, 5600.0], [80150.0, 5600.0], [80187.5, 5560.0], [80192.5, 6070.0], [80195.0, 20.0], [80222.5, 5460.0], [80232.5, 5460.0], [80237.5, 18940.0], [80242.5, 5590.0], [80255.0, 5600.0]]}}}
{"jsonrpc": "2.0", "method": "subscription", "params": {"channel": "book.BTC-11APR25.none.20.100ms", "data": {"timestamp": 1744299122164, "change_id": 96664395616, "instrument_name": "BTC-11APR25", "bids": [[80007.5, 220.0], [80002.5, 20.0], [79977.5, 2510.0], [79975.0, 10000.0], [79972.5, 6610.0], [79955.0, 6360.0], [79945.0, 6520.0], [79940.0, 20.0], [79935.0, 6500.0], [79917.5, 24490.0], [79915.0, 6360.0], [79905.0, 6560.0], [79885.0, 6520.0], [79882.5, 3350.0], [79880.0, 22970.0], [79877.5, 25310.0], [79875.0, 6550.0], [79855.0, 6500.0], [79847.5, 105000.0], [79845.0, 6650.0]], "asks": [[80022.5, 100.0], [80027.5, 10000.0], [80045.0, 2310.0], [80067.5, 6610.0], [80075.0, 1980.0], [80077.5, 6610.0], [80100.0, 9670.0], [80102.5, 25700.0], [80105.0, 6520.0], [80127.5, 6360.0], [80130.0, 20.0], [80192.5, 6350.0], [80195.0, 20.0], [80202.5, 6460.0], [80205.0, 25480.0], [80210.0, 48640.0], [80230.0, 6330.0], [80242.5, 111570.0], [80252.5, 6560.0], [80260.0, 20.0]]}}}
{"jsonrpc": "2.0", "method": "subscription", "params": {"channel": "book.BTC-18APR25.none.20.100ms", "data": {"timestamp": 1744299122175, "change_id": 96664395823, "instrument_name": "BTC-18APR25", "bids": [[80080.0, 5500.0], [80072.5, 23200.0], [80070.0, 5570.0], [80067.5, 20.0], [80060.0, 5600.0], [80050.0, 5600.0], [80047.5, 50000.0], [80045.0, 10000.0], [80040.0, 5610.0], [80027.5, 6070.0], [80020.0, 5560.0], [80010.0, 5540.0], [80007.5, 2000.0], [80002.5, 20.0], [80000.0, 5600.0], [79990.0, 5610.0], [79980.0, 5510.0], [79975.0, 6220.0], [79970.0, 5610.0], [79967.5, 18420.0]], "asks": [[80092.5, 100.0], [80097.5, 8700.0], [80100.0, 10010.0], [80105.0, 80100.0], [80110.0, 5600.0], [80120.0, 5600.0], [80130.0, 5600.0], [80140.0, 5600.0], [80150.0, 5600.0], [80187.5, 5560.0], [80192.5, 6070.0], [80195.0, 20.0], [80222.5, 5460.0], [80232.5, 5460.0], [80237.5, 18940.0], [80242.5, 5590.0], [80255.0, 5600.0], [80260.0, 20.0], [80265.0, 5560.0], [80272.5, 36600.0]]}}}
{"jsonrpc": "2.0", "method": "subscription", "params": {"channel": "book.BTC-11APR25.none.20.100ms", "data": {"timestamp": 1744299122449, "change_id": 96664396906, "instrument_name": "BTC-11APR25", "bids": [[80017.5, 220.0], [80002.5, 20.0], [79987.5, 3100.0], [79985.0, 10000.0], [79972.5, 6610.0], [79957.5, 1910.0], [79955.0, 6360.0], [79945.0, 6520.0], [79940.0, 20.0], [79937.5, 1950.0], [79935.0, 6500.0], [79917.5, 24490.0], [79915.0, 6360.0], [79907.5, 1970.0], [79905.0, 6560.0], [79887.5, 1960.0], [79885.0, 6520.0], [79877.5, 25310.0], [79875.0, 6550.0], [79855.0, 6500.0]], "asks": [[80020.0, 220.0], [80022.5, 100.0], [80027.5, 10000.0], [80045.0, 7170.0], [80075.0, 1980.0], [80077.5, 6610.0], [80100.0, 9670.0], [80102.5, 25700.0], [80105.0, 6520.0], [80127.5, 6360.0], [80130.0, 20.0], [80192.5, 6350.0], [80195.0, 20.0], [80200.0, 9580.0], [80202.5, 6460.0], [80205.0, 25480.0], [80210.0, 48640.0], [80230.0, 6330.0], [80242.5, 111570.0], [80252.5, 6560.0]]}}}
{"jsonrpc": "2.0", "method": "subscription", "params": {"channel": "book.BTC-18APR25.none.20.100ms", "data": {"timestamp": 1744299122541, "change_id": 96664397001, "instrument_name": "BTC-18APR25", "bids": [[80090.0, 3200.0], [80085.0, 8870.0], [80082.5, 23200.0], [80080.0, 20570.0], [80077.5, 50000.0], [80070.0, 5570.0], [80067.5, 20.0], [80060.0, 5600.0], [80057.5, 10100.0], [80050.0, 5600.0], [80040.0, 5610.0], [80027.5, 6070.0], [80020.0, 5560.0], [80010.0, 5540.0], [80007.5, 2000.0], [80002.5, 20.0], [80000.0, 5600.0], [79990.0, 5610.0], [79980.0, 5510.0], [79975.0, 6220.0]], "asks": [[80092.5, 5600.0], [80100.0, 10010.0], [80110.0, 5600.0], [80120.0, 10460.0], [80130.0, 5600.0], [80140.0, 5600.0], [80150.0, 5600.0], [80187.5, 5560.0], [80192.5, 6070.0], [80195.0, 20.0], [80222.5, 5460.0], [80232.5, 5460.0], [80237.5, 18940.0], [80242.5, 5590.0], [80255.0, 5600.0], [80260.0, 20.0], [80265.0, 5560.0], [80272.5, 36600.0], [80292.5, 5450.0], [80307.5, 5550.0]]}}}
{"jsonrpc": "2.0", "method": "subscription", "params": {"channel": "book.BTC-11APR25.none.20.100ms", "data": {"timestamp": 1744299122840, "change_id": 96664397983, "instrument_name": "BTC-11APR25", "bids": [[80002.5, 20.0], [79987.5, 3100.0], [79985.0, 10000.0], [79975.0, 1980.0], [79972.5, 6610.0], [79957.5, 1910.0], [79955.0, 6360.0], [79950.0, 2560.0], [79947.5, 2000.0], [79945.0, 6520.0], [79940.0, 20.0], [79937.5, 1950.0], [79935.0, 6500.0], [79920.0, 9260.0], [79917.5, 24490.0], [79915.0, 6360.0], [79907.5, 1970.0], [79905.0, 6560.0], [79887.5, 1960.0], [79885.0, 6520.0]], "asks": [[80020.0, 130.0], [80022.5, 100.0], [80025.0, 3000.0], [80027.5, 10000.0], [80042.5, 690.0], [80045.0, 2310.0], [80075.0, 1980.0], [80077.5, 6610.0], [80100.0, 9670.0], [80102.5, 25700.0], [80105.0, 6520.0], [80125.0, 1910.0], [80127.5, 6360.0], [80130.0, 20.0], [80192.5, 6350.0], [80195.0, 20.0], [80200.0, 9580.0], [80202.5, 6460.0], [80205.0, 25480.0], [80210.0, 48640.0]]}}}
{"jsonrpc": "2.0", "method": "subscription", "params": {"channel": "book.BTC-18APR25.none.20.100ms", "data": {"timestamp": 1744299122865, "change_id": 96664397999, "instrument_name": "BTC-18APR25", "bids": [[80090.0, 3200.0], [80085.0, 23200.0], [80082.5, 3200.0], [80080.0, 5570.0], [80072.5, 1670.0], [80070.0, 5570.0], [80067.5, 20.0], [80065.0, 16680.0], [80062.5, 50000.0], [80060.0, 8630.0], [80057.5, 10100.0], [80050.0, 5600.0], [80040.0, 5610.0], [80027.5, 6070.0], [80020.0, 5560.0], [80010.0, 5540.0], [80007.5, 2000.0], [80002.5, 20.0], [80000.0, 5600.0], [79990.0, 5610.0]], "asks": [[80092.5, 5600.0], [80097.5, 3000.0], [80100.0, 10010.0], [80107.5, 1680.0], [80110.0, 5600.0], [80120.0, 5600.0], [80130.0, 5600.0], [80140.0, 5600.0], [80150.0, 5600.0], [80187.5, 5560.0], [80192.5, 6070.0], [80195.0, 20.0], [80222.5, 5460.0], [80232.5, 5460.0], [80237.5, 18940.0], [80242.5, 5590.0], [80255.0, 5600.0], [80260.0, 20.0], [80265.0, 5560.0], [80272.5, 36600.0]]}}}
{"jsonrpc": "2.0", "method": "subscription", "params": {"channel": "book.BTC-11APR25.none.20.100ms", "data": {"timestamp": 1744299123180, "change_id": 96664398916, "instrument_name": "BTC-11APR25", "bids": [[80007.5, 220.0], [80002.5, 20.0], [79987.5, 3100.0], [79985.0, 10000.0], [79975.0, 1980.0], [79972.5, 6610.0], [79957.5, 1910.0], [79955.0, 6360.0], [79950.0, 2560.0], [79947.5, 2000.0], [79945.0, 6520.0], [79940.0, 20.0], [79937.5, 1950.0], [79935.0, 6500.0], [79920.0, 9260.0], [79917.5, 24490.0], [79915.0, 6360.0], [79907.5, 1970.0], [79905.0, 6560.0], [79887.5, 1960.0]], "asks": [[80022.5, 100.0], [80027.5, 10000.0], [80035.0, 1460.0], [80037.5, 4860.0], [80042.5, 690.0], [80045.0, 2310.0], [80075.0, 1980.0], [80077.5, 6610.0], [80100.0, 9670.0], [80102.5, 25700.0], [80105.0, 6520.0], [80125.0, 1910.0], [80127.5, 6360.0], [80130.0, 20.0], [80190.0, 1910.0], [80192.5, 6350.0], [80195.0, 20.0], [80200.0, 9580.0], [80202.5, 6460.0], [80205.0, 25480.0]]}}}
{"jsonrpc": "2.0", "method": "subscription", "params": {"channel": "book.BTC-18APR25.none.20.100ms", "data": {"timestamp": 1744299123143, "change_id": 96664398827, "instrument_name": "BTC-18APR25", "bids": [[80090.0, 3200.0], [80087.5, 960.0], [80085.0, 5830.0], [80082.5, 3200.0], [80075.0, 36670.0], [80072.5, 50000.0], [80070.0, 5570.0], [80067.5, 20.0], [80062.5, 1680.0], [80060.0, 5600.0], [80057.5, 10100.0], [80050.0, 5600.0], [80040.0, 5610.0], [80032.5, 1670.0], [80030.0, 7390.0], [80027.5, 6070.0], [80022.5, 1670.0], [80020.0, 5560.0], [80010.0, 5540.0], [80007.5, 2000.0]], "asks": [[80092.5, 5600.0], [80097.5, 3000.0], [80100.0, 10010.0], [80107.5, 2930.0], [80110.0, 10460.0], [80120.0, 5600.0], [80130.0, 5600.0], [80140.0, 5600.0], [80150.0, 5600.0], [80187.5, 5560.0], [80192.5, 6070.0], [80195.0, 20.0], [80222.5, 5460.0], [80232.5, 5460.0], [80237.5, 18940.0], [80242.5, 5590.0], [80255.0, 5600.0], [80260.0, 20.0], [80265.0, 5560.0], [80272.5, 36600.0]]}}}
{"jsonrpc": "2.0", "method": "subscription", "params": {"channel": "book.BTC-11APR25.none.20.100ms", "data": {"timestamp": 1744299123480, "change_id": 96664399987, "instrument_name": "BTC-11APR25", "bids": [[80015.0, 220.0], [80002.5, 20.0], [79987.5, 3100.0], [79985.0, 10000.0], [79975.0, 1980.0], [79972.5, 6610.0], [79957.5, 1910.0], [79955.0, 6360.0], [79947.5, 2000.0], [79945.0, 6520.0], [79940.0, 20.0], [79937.5, 1950.0], [79935.0, 6500.0], [79920.0, 9260.0], [79917.5, 24490.0], [79915.0, 6360.0], [79907.5, 1970.0], [79905.0, 6560.0], [79887.5, 1960.0], [79885.0, 6520.0]], "asks": [[80040.0, 3690.0], [80042.5, 10100.0], [80075.0, 1980.0], [80077.5, 6610.0], [80100.0, 9670.0], [80102.5, 25700.0], [80105.0, 6520.0], [80125.0, 1910.0], [80127.5, 6360.0], [80130.0, 20.0], [80190.0, 1910.0], [80192.5, 6350.0], [80195.0, 20.0], [80200.0, 9580.0], [80202.5, 6460.0], [80205.0, 25480.0], [80210.0, 48640.0], [80230.0, 6330.0], [80242.5, 111570.0], [80252.5, 6560.0]]}}}
{"jsonrpc": "2.0", "method": "subscription", "params": {"channel": "book.BTC-18APR25.none.20.100ms", "data": {"timestamp": 1744299123534, "change_id": 96664400150, "instrument_name": "BTC-18APR25", "bids": [[80097.5, 3200.0], [80095.0, 8700.0], [80085.0, 20000.0], [80082.5, 3200.0], [80080.0, 5570.0], [80072.5, 50000.0], [80070.0, 5570.0], [80067.5, 20.0], [80060.0, 5600.0], [80057.5, 10100.0], [80050.0, 5600.0], [80040.0, 5610.0], [80030.0, 5570.0], [80027.5, 6070.0], [80020.0, 5560.0], [80010.0, 5540.0], [80007.5, 2000.0], [80002.5, 20.0], [80000.0, 5600.0], [79990.0, 5610.0]], "asks": [[80100.0, 5510.0], [80110.0, 3200.0], [80112.5, 10100.0], [80120.0, 5600.0], [80130.0, 5600.0], [80140.0, 5600.0], [80150.0, 5600.0], [80187.5, 5560.0], [80192.5, 6070.0], [80195.0, 20.0], [80222.5, 5460.0], [80232.5, 5460.0], [80237.5, 18940.0], [80242.5, 5590.0], [80255.0, 5600.0], [80260.0, 20.0], [80265.0, 5560.0], [80272.5, 36600.0], [80292.5, 5450.0], [80307.5, 5550.0]]}}}
{"jsonrpc": "2.0", "method": "subscription", "params": {"channel": "book.BTC-11APR25.none.20.100ms", "data": {"timestamp": 1744299123645, "change_id": 96664401010, "instrument_name": "BTC-11APR25", "bids": [[80015.0, 220.0], [80002.5, 20.0], [79987.5, 3100.0], [79985.0, 10000.0], [79975.0, 1980.0], [79972.5, 6610.0], [79957.5, 1910.0], [79955.0, 6360.0], [79950.0, 2560.0], [79947.5, 2000.0], [79945.0, 6520.0], [79940.0, 20.0], [79937.5, 1950.0], [79935.0, 6500.0], [79932.5, 7350.0], [79930.0, 24490.0], [79927.5, 1980.0], [79925.0, 6610.0], [79920.0, 1910.0], [79915.0, 6360.0]], "asks": [[80040.0, 3030.0], [80042.5, 10100.0], [80075.0, 1980.0], [80077.5, 6610.0], [80100.0, 9670.0], [80102.5, 25700.0], [80105.0, 6520.0], [80125.0, 1910.0], [80127.5, 6360.0], [80130.0, 20.0], [80190.0, 1910.0], [80192.5, 6350.0], [80195.0, 20.0], [80200.0, 9580.0], [80202.5, 6460.0], [80205.0, 25480.0], [80207.5, 14590.0], [80210.0, 48640.0], [80230.0, 6330.0], [80242.5, 111570.0]]}}}
{"jsonrpc": "2.0", "method": "subscription", "params": {"channel": "book.BTC-18APR25.none.20.100ms", "data": {"timestamp": 1744299123819, "change_id": 96664401026, "instrument_name": "BTC-18APR25", "bids": [[80097.5, 3210.0], [80095.0, 3200.0], [80082.5, 23200.0], [80080.0, 5570.0], [80075.0, 16170.0], [80072.5, 50000.0], [80070.0, 5570.0], [80067.5, 20.0], [80062.5, 1680.0], [80060.0, 8630.0], [80057.5, 10100.0], [80050.0, 5600.0], [80042.5, 6070.0], [80040.0, 5610.0], [80032.5, 1670.0], [80030.0, 5570.0], [80022.5, 1670.0], [80020.0, 5560.0], [80012.5, 1660.0], [80010.0, 5540.0]], "asks": [[80100.0, 5500.0], [80107.5, 8700.0], [80110.0, 8770.0], [80112.5, 10100.0], [80117.5, 1680.0], [80120.0, 5600.0], [80127.5, 1680.0], [80130.0, 5600.0], [80137.5, 1680.0], [80140.0, 5600.0], [80147.5, 1680.0], [80150.0, 5600.0], [80187.5, 5560.0], [80190.0, 1830.0], [80192.5, 6070.0], [80195.0, 20.0], [80220.0, 1640.0], [80222.5, 5460.0], [80232.5, 5460.0], [80235.0, 5680.0]]}}}
{"jsonrpc": "2.0", "method": "subscription", "params": {"channel": "book.BTC-11APR25.none.20.100ms", "data": {"timestamp": 1744299124190, "change_id": 96664402350, "instrument_name": "BTC-11APR25", "bids": [[80025.0, 2020.0], [80022.5, 6720.0], [80020.0, 1950.0], [80017.5, 6500.0], [80002.5, 20.0], [79997.5, 3100.0], [79995.0, 10000.0], [79990.0, 1980.0], [79987.5, 6610.0], [79980.0, 1980.0], [79977.5, 6610.0], [79957.5, 1910.0], [79955.0, 6360.0], [79950.0, 2560.0], [79947.5, 2000.0], [79945.0, 6520.0], [79940.0, 20.0], [79937.5, 1950.0], [79935.0, 6500.0], [79932.5, 7350.0]], "asks": [[80042.5, 10100.0], [80055.0, 47310.0], [80080.0, 1980.0], [80082.5, 6610.0], [80100.0, 7710.0], [80102.5, 25700.0], [80127.5, 6360.0], [80130.0, 20.0], [80192.5, 6350.0], [80195.0, 20.0], [80202.5, 6460.0], [80205.0, 25480.0], [80207.5, 14590.0], [80210.0, 48640.0], [80230.0, 6330.0], [80242.5, 111570.0], [80252.5, 6560.0], [80260.0, 20.0], [80267.5, 6560.0], [80270.0, 10.0]]}}}
{"jsonrpc": "2.0", "method": "subscription", "params": {"channel": "book.BTC-18APR25.none.20.100ms", "data": {"timestamp": 1744299124181, "change_id": 96664402399, "instrument_name": "BTC-18APR25", "bids": [[80105.0, 5500.0], [80102.5, 8710.0], [80100.0, 3200.0], [80090.0, 25570.0], [80082.5, 53200.0], [80080.0, 5570.0], [80070.0, 15570.0], [80067.5, 120.0], [80060.0, 5600.0], [80052.5, 6070.0], [80050.0, 5600.0], [80030.0, 5570.0], [80020.0, 5560.0], [80017.5, 26340.0], [80010.0, 5540.0], [80007.5, 2000.0], [80002.5, 20.0], [80000.0, 5600.0], [79990.0, 11830.0], [79980.0, 5510.0]], "asks": [[80110.0, 5500.0], [80112.5, 15600.0], [80130.0, 5600.0], [80140.0, 5600.0], [80187.5, 5560.0], [80192.5, 6070.0], [80195.0, 20.0], [80197.5, 5570.0], [80222.5, 5460.0], [80232.5, 5460.0], [80237.5, 18940.0], [80242.5, 5590.0], [80255.0, 5600.0], [80260.0, 20.0], [80265.0, 5560.0], [80272.5, 36600.0], [80292.5, 5450.0], [80307.5, 5550.0], [80317.5, 5510.0], [80322.5, 20.0]]}}}
{"jsonrpc": "2.0", "method": "subscription", "params": {"channel": "book.BTC-11APR25.none.20.100ms", "data": {"timestamp": 1744299124496, "change_id": 96664403505, "instrument_name": "BTC-11APR25", "bids": [[80027.5, 4860.0], [80022.5, 220.0], [80005.0, 10000.0], [80002.5, 20.0], [79997.5, 100.0], [79990.0, 1980.0], [79987.5, 6610.0], [79977.5, 6610.0], [79975.0, 2000.0], [79957.5, 1910.0], [79955.0, 6360.0], [79945.0, 6520.0], [79940.0, 20.0], [79937.5, 1950.0], [79935.0, 6500.0], [79930.0, 24490.0], [79925.0, 6610.0], [79915.0, 6360.0], [79905.0, 6560.0], [79895.0, 14510.0]], "asks": [[80042.5, 100.0], [80052.5, 14190.0], [80055.0, 57310.0], [80062.5, 4860.0], [80092.5, 6610.0], [80100.0, 7710.0], [80102.5, 32310.0], [80127.5, 6360.0], [80130.0, 20.0], [80192.5, 6350.0], [80195.0, 20.0], [80202.5, 6460.0], [80205.0, 25480.0], [80210.0, 48640.0], [80230.0, 6330.0], [80242.5, 111570.0], [80252.5, 6560.0], [80260.0, 20.0], [80267.5, 6560.0], [80270.0, 10.0]]}}}
{"jsonrpc": "2.0", "method": "subscription", "params": {"channel": "book.BTC-18APR25.none.20.100ms", "data": {"timestamp": 1744299124506, "change_id": 96664403558, "instrument_name": "BTC-18APR25", "bids": [[80107.5, 3200.0], [80105.0, 5500.0], [80102.5, 3200.0], [80100.0, 4860.0], [80095.0, 3200.0], [80090.0, 25570.0], [80082.5, 50000.0], [80080.0, 5570.0], [80070.0, 15570.0], [80067.5, 120.0], [80060.0, 5600.0], [80052.5, 6070.0], [80050.0, 5600.0], [80030.0, 5570.0], [80020.0, 5560.0], [80017.5, 26340.0], [80010.0, 5540.0], [80007.5, 2000.0], [80002.5, 20.0], [80000.0, 5600.0]], "asks": [[80110.0, 5500.0], [80112.5, 5600.0], [80125.0, 13200.0], [80130.0, 5600.0], [80137.5, 4860.0], [80140.0, 5600.0], [80187.5, 5560.0], [80192.5, 6070.0], [80195.0, 20.0], [80197.5, 5570.0], [80222.5, 5460.0], [80232.5, 5460.0], [80237.5, 18940.0], [80242.5, 5590.0], [80255.0, 5600.0], [80260.0, 20.0], [80265.0, 5560.0], [80272.5, 36600.0], [80292.5, 5450.0], [80307.5, 5550.0]]}}}
{"jsonrpc": "2.0", "method": "subscription", "params": {"channel": "book.BTC-11APR25.none.20.100ms", "data": {"timestamp": 1744299124822, "change_id": 96664404317, "instrument_name": "BTC-11APR25", "bids": [[80025.0, 1520.0], [80022.5, 5080.0], [80007.5, 3100.0], [80005.0, 10000.0], [80002.5, 20.0], [79990.0, 1980.0], [79987.5, 6610.0], [79980.0, 2580.0], [79977.5, 6610.0], [79975.0, 2000.0], [79957.5, 1910.0], [79955.0, 6360.0], [79950.0, 9300.0], [79947.5, 24490.0], [79945.0, 6520.0], [79940.0, 20.0], [79937.5, 1950.0], [79935.0, 6500.0], [79925.0, 6610.0], [79917.5, 1910.0]], "asks": [[80052.5, 14190.0], [80055.0, 62270.0], [80080.0, 1980.0], [80082.5, 6610.0], [80090.0, 1980.0], [80092.5, 6610.0], [80100.0, 7710.0], [80102.5, 32310.0], [80125.0, 1910.0], [80127.5, 6360.0], [80130.0, 20.0], [80192.5, 6350.0], [80195.0, 20.0], [80200.0, 9580.0], [80202.5, 6460.0], [80205.0, 25480.0], [80210.0, 48640.0], [80230.0, 6330.0], [80242.5, 111570.0], [80252.5, 6560.0]]}}}
{"jsonrpc": "2.0", "method": "subscription", "params": {"channel": "book.BTC-18APR25.none.20.100ms", "data": {"timestamp": 1744299124823, "change_id": 96664404578, "instrument_name": "BTC-18APR25", "bids": [[80107.5, 3200.0], [80102.5, 3200.0], [80095.0, 28060.0], [80092.5, 21710.0], [80090.0, 55570.0], [80082.5, 1670.0], [80080.0, 5570.0], [80070.0, 15570.0], [80067.5, 120.0], [80060.0, 5600.0], [80052.5, 6070.0], [80050.0, 5600.0], [80030.0, 5570.0], [80020.0, 5560.0], [80017.5, 26340.0], [80010.0, 5540.0], [80007.5, 2000.0], [80002.5, 20.0], [80000.0, 5600.0], [79990.0, 11830.0]], "asks": [[80110.0, 5500.0], [80125.0, 13300.0], [80130.0, 10460.0], [80140.0, 5600.0], [80187.5, 5560.0], [80192.5, 6070.0], [80195.0, 20.0], [80197.5, 5570.0], [80222.5, 5460.0], [80232.5, 5460.0], [80237.5, 18940.0], [80242.5, 5590.0], [80255.0, 5600.0], [80260.0, 20.0], [80265.0, 5560.0], [80272.5, 36600.0], [80292.5, 5450.0], [80307.5, 5550.0], [80317.5, 5510.0], [80322.5, 20.0]]}}}
{"jsonrpc": "2.0", "method": "subscription", "params": {"channel": "book.BTC-11APR25.none.20.100ms", "data": {"timestamp": 1744299125189, "change_id": 96664405522, "instrument_name": "BTC-11APR25", "bids": [[80022.5, 220.0], [80007.5, 3100.0], [80005.0, 10000.0], [80002.5, 20.0], [79977.5, 6610.0], [79975.0, 2000.0], [79970.0, 1980.0], [79967.5, 6610.0], [79957.5, 1910.0], [79955.0, 6360.0], [79947.5, 1960.0], [79945.0, 6520.0], [79940.0, 20.0], [79937.5, 24490.0], [79935.0, 6500.0], [79925.0, 6610.0], [79915.0, 6360.0], [79905.0, 6560.0], [79895.0, 6610.0], [79892.5, 26340.0]], "asks": [[80045.0, 6500.0], [80055.0, 57410.0], [80082.5, 6610.0], [80092.5, 6610.0], [80102.5, 32310.0], [80127.5, 6360.0], [80130.0, 20.0], [80192.5, 6350.0], [80195.0, 20.0], [80202.5, 6460.0], [80205.0, 25480.0], [80210.0, 48640.0], [80222.5, 21900.0], [80230.0, 6330.0], [80242.5, 111570.0], [80252.5, 6560.0], [80260.0, 20.0], [80267.5, 6560.0], [80270.0, 10.0], [80295.0, 500.0]]}}}
{"jsonrpc": "2.0", "method": "subscription", "params": {"channel": "book.BTC-18APR25.none.20.100ms", "data": {"timestamp": 1744299125182, "change_id": 96664405535, "instrument_name": "BTC-18APR25", "bids": [[80097.5, 8420.0], [80095.0, 23200.0], [80092.5, 6370.0], [80090.0, 50000.0], [80080.0, 5570.0], [80072.5, 4670.0], [80070.0, 15570.0], [80067.5, 120.0], [80062.5, 1680.0], [80060.0, 5600.0], [80055.0, 1680.0], [80050.0, 5600.0], [80032.5, 1670.0], [80030.0, 5570.0], [80022.5, 1670.0], [80020.0, 13460.0], [80017.5, 26340.0], [80012.5, 1660.0], [80010.0, 6140.0], [80007.5, 2000.0]], "asks": [[80105.0, 8700.0], [80107.5, 3200.0], [80110.0, 5500.0], [80115.0, 5570.0], [80122.5, 3990.0], [80125.0, 13300.0], [80127.5, 1680.0], [80130.0, 5600.0], [80137.5, 1680.0], [80140.0, 5600.0], [80187.5, 5560.0], [80192.5, 6070.0], [80195.0, 20.0], [80197.5, 5570.0], [80222.5, 5460.0], [80232.5, 5460.0], [80237.5, 18940.0], [80242.5, 5590.0], [80255.0, 5600.0], [80260.0, 20.0]]}}}
