{"jsonrpc": "2.0", "id": 1, "result": ["book.BTC-22AUG25.none.20.100ms"], "usIn": 1755789980285085, "usOut": 1755789980285767, "usDiff": 682, "testnet": false}
{"jsonrpc": "2.0", "method": "subscription", "params": {"channel": "book.BTC-22AUG25.none.20.100ms", "data": {"timestamp": 1755789980279, "change_id": 114389096330, "instrument_name": "BTC-22AUG25", "bids": [[113070.0, 3420.0], [113065.0, 6900.0], [113062.5, 20000.0], [113060.0, 13780.0], [113055.0, 50000.0], [113052.5, 20810.0], [113037.5, 13350.0], [113030.0, 5000.0], [113020.0, 160.0], [113017.5, 3390.0], [113015.0, 2000.0], [113012.5, 43450.0], [113005.0, 3330.0], [113000.0, 3000.0], [112992.5, 3610.0], [112985.0, 2000.0], [112980.0, 3410.0], [112972.5, 16480.0], [112967.5, 3410.0], [112955.0, 5360.0]], "asks": [[113075.0, 14780.0], [113085.0, 160.0], [113102.5, 690.0], [113160.0, 3330.0], [113162.5, 10000.0], [113170.0, 15690.0], [113180.0, 3440.0], [113192.5, 3410.0], [113197.5, 40.0], [113217.5, 28340.0], [113230.0, 20000.0], [113267.5, 3330.0], [113282.5, 1020.0], [113285.0, 3400.0], [113287.5, 40.0], [113335.0, 28610.0], [113357.5, 31500.0], [113360.0, 105000.0], [113372.5, 3380.0], [113377.5, 40.0]]}}}
{"jsonrpc": "2.0", "method": "subscription", "params": {"channel": "book.BTC-22AUG25.none.20.100ms", "data": {"timestamp": 1755789980440, "change_id": 114389096701, "instrument_name": "BTC-22AUG25", "bids": [[113070.0, 3420.0], [113067.5, 1500.0], [113065.0, 11900.0], [113062.5, 20000.0], [113060.0, 13780.0], [113055.0, 50000.0], [113052.5, 16030.0], [113047.5, 3000.0], [113045.0, 10000.0], [113037.5, 3350.0], [113032.5, 160.0], [113030.0, 5000.0], [113017.5, 3390.0], [113015.0, 2000.0], [113012.5, 43450.0], [113005.0, 3330.0], [113000.0, 3000.0], [112995.0, 10000.0], [112992.5, 3610.0], [112985.0, 2000.0]], "asks": [[113075.0, 10000.0], [113082.5, 1550.0], [113085.0, 5160.0], [113102.5, 690.0], [113160.0, 3330.0], [113162.5, 10000.0], [113170.0, 15690.0], [113180.0, 3440.0], [113192.5, 3410.0], [113197.5, 40.0], [113217.5, 28340.0], [113230.0, 20000.0], [113267.5, 3330.0], [113282.5, 1020.0], [113285.0, 3400.0], [113287.5, 40.0], [113335.0, 28610.0], [113357.5, 31500.0], [113360.0, 105000.0], [113372.5, 3380.0]]}}}
{"jsonrpc": "2.0", "method": "subscription", "params": {"channel": "book.BTC-22AUG25.none.20.100ms", "data": {"timestamp": 1755789980640, "change_id": 114389097024, "instrument_name": "BTC-22AUG25", "bids": [[113070.0, 3420.0], [113065.0, 6900.0], [113062.5, 20000.0], [113060.0, 18560.0], [113055.0, 50000.0], [113052.5, 26030.0], [113037.5, 3350.0], [113032.5, 160.0], [113030.0, 5000.0], [113017.5, 3390.0], [113015.0, 2000.0], [113012.5, 43450.0], [113005.0, 3330.0], [113000.0, 3000.0], [112995.0, 10000.0], [112992.5, 3610.0], [112985.0, 2000.0], [112980.0, 3410.0], [112972.5, 16480.0], [112967.5, 3410.0]], "asks": [[113075.0, 10000.0], [113082.5, 4780.0], [113085.0, 5160.0], [113102.5, 690.0], [113160.0, 3330.0], [113162.5, 10000.0], [113170.0, 15690.0], [113180.0, 3440.0], [113192.5, 3410.0], [113197.5, 40.0], [113217.5, 28340.0], [113230.0, 20000.0], [113267.5, 3330.0], [113282.5, 1020.0], [113285.0, 3400.0], [113287.5, 40.0], [113335.0, 28610.0], [113357.5, 31500.0], [113360.0, 105000.0], [113372.5, 3380.0]]}}}
{"jsonrpc": "2.0", "method": "subscription", "params": {"channel": "book.BTC-22AUG25.none.20.100ms", "data": {"timestamp": 1755789981075, "change_id": 114389097818, "instrument_name": "BTC-22AUG25", "bids": [[113070.0, 3420.0], [113065.0, 6900.0], [113062.5, 20000.0], [113060.0, 18560.0], [113055.0, 50000.0], [113052.5, 26030.0], [113047.5, 13510.0], [113045.0, 86940.0], [113037.5, 3350.0], [113032.5, 1660.0], [113030.0, 5000.0], [113017.5, 3390.0], [113015.0, 2000.0], [113012.5, 43450.0], [113005.0, 3330.0], [113000.0, 3000.0], [112995.0, 10000.0], [112992.5, 3410.0], [112985.0, 2000.0], [112980.0, 3410.0]], "asks": [[113075.0, 10000.0], [113082.5, 4780.0], [113085.0, 5160.0], [113102.5, 690.0], [113157.5, 1000.0], [113160.0, 3330.0], [113162.5, 10000.0], [113170.0, 15690.0], [113180.0, 3440.0], [113192.5, 3410.0], [113197.5, 40.0], [113217.5, 28340.0], [113230.0, 20000.0], [113267.5, 3330.0], [113282.5, 1020.0], [113285.0, 3400.0], [113287.5, 40.0], [113335.0, 28610.0], [113357.5, 31500.0], [113360.0, 105000.0]]}}}
{"jsonrpc": "2.0", "method": "subscription", "params": {"channel": "book.BTC-22AUG25.none.20.100ms", "data": {"timestamp": 1755789981345, "change_id": 114389098089, "instrument_name": "BTC-22AUG25", "bids": [[113070.0, 3420.0], [113065.0, 6900.0], [113062.5, 20000.0], [113060.0, 18560.0], [113055.0, 50000.0], [113052.5, 26030.0], [113047.5, 13510.0], [113045.0, 86940.0], [113037.5, 3350.0], [113032.5, 1660.0], [113030.0, 5000.0], [113017.5, 3390.0], [113015.0, 2000.0], [113012.5, 43450.0], [113005.0, 3330.0], [113000.0, 3000.0], [112995.0, 10000.0], [112992.5, 3410.0], [112985.0, 2000.0], [112980.0, 3410.0]], "asks": [[113075.0, 10000.0], [113080.0, 2980.0], [113082.5, 4780.0], [113085.0, 5160.0], [113102.5, 690.0], [113157.5, 1000.0], [113160.0, 3330.0], [113162.5, 10000.0], [113170.0, 15690.0], [113192.5, 3410.0], [113197.5, 40.0], [113217.5, 28340.0], [113230.0, 20000.0], [113267.5, 3330.0], [113282.5, 1020.0], [113285.0, 3400.0], [113287.5, 40.0], [113335.0, 28610.0], [113357.5, 31500.0], [113360.0, 105000.0]]}}}
{"jsonrpc": "2.0", "method": "subscription", "params": {"channel": "book.BTC-22AUG25.none.20.100ms", "data": {"timestamp": 1755789981756, "change_id": 114389099068, "instrument_name": "BTC-22AUG25", "bids": [[113070.0, 3420.0], [113065.0, 6900.0], [113062.5, 25000.0], [113060.0, 13780.0], [113055.0, 54780.0], [113052.5, 16030.0], [113047.5, 13510.0], [113045.0, 86940.0], [113042.5, 10000.0], [113037.5, 3350.0], [113032.5, 1500.0], [113030.0, 5000.0], [113017.5, 3550.0], [113015.0, 2000.0], [113012.5, 43450.0], [113005.0, 3330.0], [113000.0, 3000.0], [112995.0, 10000.0], [112992.5, 3410.0], [112985.0, 2000.0]], "asks": [[113075.0, 10000.0], [113080.0, 2980.0], [113082.5, 4780.0], [113085.0, 5160.0], [113097.5, 1030.0], [113100.0, 3420.0], [113102.5, 690.0], [113112.5, 8310.0], [113115.0, 16300.0], [113157.5, 1000.0], [113160.0, 3330.0], [113162.5, 10000.0], [113192.5, 3410.0], [113197.5, 40.0], [113217.5, 28340.0], [113230.0, 20000.0], [113267.5, 3330.0], [113282.5, 1020.0], [113285.0, 3400.0], [113287.5, 40.0]]}}}
{"jsonrpc": "2.0", "method": "subscription", "params": {"channel": "book.BTC-22AUG25.none.20.100ms", "data": {"timestamp": 1755789982089, "change_id": 114389099510, "instrument_name": "BTC-22AUG25", "bids": [[113070.0, 3420.0], [113065.0, 6900.0], [113062.5, 25000.0], [113060.0, 13780.0], [113055.0, 54780.0], [113052.5, 16030.0], [113047.5, 13510.0], [113045.0, 86940.0], [113042.5, 10000.0], [113037.5, 3350.0], [113032.5, 1500.0], [113030.0, 5160.0], [113017.5, 3390.0], [113015.0, 15040.0], [113012.5, 43450.0], [113005.0, 3330.0], [113000.0, 3000.0], [112995.0, 10000.0], [112992.5, 3410.0], [112985.0, 2000.0]], "asks": [[113075.0, 10000.0], [113080.0, 2980.0], [113082.5, 4780.0], [113085.0, 5160.0], [113097.5, 1030.0], [113100.0, 3420.0], [113102.5, 690.0], [113112.5, 8310.0], [113115.0, 16300.0], [113125.0, 3420.0], [113157.5, 1000.0], [113160.0, 6330.0], [113162.5, 10000.0], [113190.0, 1020.0], [113192.5, 3410.0], [113197.5, 40.0], [113217.5, 28340.0], [113227.5, 6000.0], [113230.0, 20000.0], [113265.0, 1000.0]]}}}
{"jsonrpc": "2.0", "method": "subscription", "params": {"channel": "book.BTC-22AUG25.none.20.100ms", "data": {"timestamp": 1755789982297, "change_id": 114389099795, "instrument_name": "BTC-22AUG25", "bids": [[113070.0, 3420.0], [113065.0, 6900.0], [113062.5, 25000.0], [113060.0, 13780.0], [113057.5, 4780.0], [113055.0, 50000.0], [113052.5, 16030.0], [113047.5, 13510.0], [113045.0, 86940.0], [113042.5, 10000.0], [113037.5, 3350.0], [113032.5, 1500.0], [113030.0, 5160.0], [113017.5, 3390.0], [113015.0, 15040.0], [113012.5, 43450.0], [113005.0, 3330.0], [113000.0, 3000.0], [112995.0, 10000.0], [112992.5, 3410.0]], "asks": [[113075.0, 10000.0], [113080.0, 2980.0], [113082.5, 4780.0], [113085.0, 5160.0], [113097.5, 1030.0], [113100.0, 3420.0], [113102.5, 690.0], [113112.5, 8310.0], [113115.0, 16300.0], [113125.0, 3420.0], [113157.5, 1000.0], [113160.0, 6330.0], [113162.5, 10000.0], [113190.0, 1020.0], [113192.5, 3410.0], [113197.5, 40.0], [113217.5, 28340.0], [113227.5, 6000.0], [113230.0, 20000.0], [113265.0, 1000.0]]}}}
{"jsonrpc": "2.0", "method": "subscription", "params": {"channel": "book.BTC-22AUG25.none.20.100ms", "data": {"timestamp": 1755789982746, "change_id": 114389100489, "instrument_name": "BTC-22AUG25", "bids": [[113070.0, 3420.0], [113065.0, 6900.0], [113062.5, 25000.0], [113060.0, 13780.0], [113057.5, 4780.0], [113055.0, 50000.0], [113052.5, 16030.0], [113047.5, 13510.0], [113045.0, 86940.0], [113042.5, 10000.0], [113037.5, 3350.0], [113032.5, 1500.0], [113030.0, 5160.0], [113017.5, 3390.0], [113015.0, 15040.0], [113012.5, 43450.0], [113005.0, 3330.0], [113000.0, 3000.0], [112995.0, 10000.0], [112992.5, 3410.0]], "asks": [[113075.0, 10000.0], [113080.0, 2980.0], [113082.5, 4780.0], [113085.0, 5160.0], [113097.5, 1030.0], [113100.0, 3420.0], [113102.5, 690.0], [113112.5, 8310.0], [113115.0, 16300.0], [113125.0, 3420.0], [113157.5, 1000.0], [113160.0, 6330.0], [113162.5, 10000.0], [113190.0, 1020.0], [113192.5, 3410.0], [113197.5, 40.0], [113217.5, 28340.0], [113227.5, 6000.0], [113230.0, 20000.0], [113265.0, 1000.0]]}}}
{"jsonrpc": "2.0", "method": "subscription", "params": {"channel": "book.BTC-22AUG25.none.20.100ms", "data": {"timestamp": 1755789983017, "change_id": 114389101095, "instrument_name": "BTC-22AUG25", "bids": [[113065.0, 6900.0], [113062.5, 25000.0], [113060.0, 10780.0], [113057.5, 4780.0], [113055.0, 50000.0], [113052.5, 16030.0], [113047.5, 16510.0], [113045.0, 86940.0], [113042.5, 10000.0], [113037.5, 3350.0], [113030.0, 2000.0], [113020.0, 2360.0], [113017.5, 6390.0], [113015.0, 2160.0], [113012.5, 43450.0], [113005.0, 3330.0], [112997.5, 3000.0], [112995.0, 11020.0], [112992.5, 3410.0], [112990.0, 1500.0]], "asks": [[113075.0, 10000.0], [113077.5, 1500.0], [113080.0, 6480.0], [113082.5, 4780.0], [113085.0, 160.0], [113097.5, 1030.0], [113100.0, 3420.0], [113102.5, 690.0], [113112.5, 8310.0], [113115.0, 16300.0], [113122.5, 1030.0], [113125.0, 3420.0], [113157.5, 1000.0], [113160.0, 6330.0], [113162.5, 10000.0], [113190.0, 1020.0], [113192.5, 3410.0], [113197.5, 40.0], [113215.0, 8500.0], [113217.5, 28340.0]]}}}
{"jsonrpc": "2.0", "method": "subscription", "params": {"channel": "book.BTC-22AUG25.none.20.100ms", "data": {"timestamp": 1755789983415, "change_id": 114389101946, "instrument_name": "BTC-22AUG25", "bids": [[113070.0, 2530.0], [113067.5, 8420.0], [113065.0, 6900.0], [113062.5, 25000.0], [113060.0, 10780.0], [113057.5, 4780.0], [113055.0, 50000.0], [113052.5, 16030.0], [113047.5, 16510.0], [113045.0, 86940.0], [113042.5, 10000.0], [113037.5, 3350.0], [113030.0, 2000.0], [113020.0, 2360.0], [113017.5, 6390.0], [113015.0, 15200.0], [113012.5, 43450.0], [113005.0, 3330.0], [112997.5, 3000.0], [112995.0, 11020.0]], "asks": [[113075.0, 10000.0], [113077.5, 1500.0], [113080.0, 6480.0], [113082.5, 4780.0], [113085.0, 160.0], [113097.5, 1030.0], [113100.0, 3420.0], [113102.5, 690.0], [113112.5, 8310.0], [113115.0, 16300.0], [113122.5, 1030.0], [113125.0, 3420.0], [113157.5, 1000.0], [113160.0, 6330.0], [113162.5, 10000.0], [113190.0, 1020.0], [113192.5, 3410.0], [113197.5, 40.0], [113215.0, 8500.0], [113217.5, 28340.0]]}}}
{"jsonrpc": "2.0", "method": "subscription", "params": {"channel": "book.BTC-22AUG25.none.20.100ms", "data": {"timestamp": 1755789983641, "change_id": 114389102200, "instrument_name": "BTC-22AUG25", "bids": [[113070.0, 1030.0], [113067.5, 3420.0], [113065.0, 6900.0], [113062.5, 25000.0], [113060.0, 10780.0], [113057.5, 4780.0], [113055.0, 50000.0], [113052.5, 16030.0], [113047.5, 16510.0], [113045.0, 86940.0], [113042.5, 10000.0], [113037.5, 3350.0], [113030.0, 2000.0], [113027.5, 160.0], [113020.0, 2360.0], [113017.5, 6390.0], [113015.0, 15040.0], [113012.5, 43450.0], [113005.0, 3330.0], [112997.5, 3000.0]], "asks": [[113075.0, 10000.0], [113077.5, 1500.0], [113080.0, 6480.0], [113082.5, 4780.0], [113085.0, 160.0], [113097.5, 1030.0], [113100.0, 3420.0], [113102.5, 690.0], [113112.5, 8310.0], [113115.0, 16300.0], [113122.5, 1030.0], [113125.0, 3420.0], [113157.5, 1000.0], [113160.0, 6330.0], [113162.5, 10000.0], [113190.0, 1020.0], [113192.5, 3410.0], [113197.5, 40.0], [113215.0, 8500.0], [113217.5, 28340.0]]}}}
{"jsonrpc": "2.0", "method": "subscription", "params": {"channel": "book.BTC-22AUG25.none.20.100ms", "data": {"timestamp": 1755789983907, "change_id": 114389102860, "instrument_name": "BTC-22AUG25", "bids": [[113070.0, 1030.0], [113067.5, 3420.0], [113065.0, 6900.0], [113062.5, 25000.0], [113060.0, 10780.0], [113057.5, 4780.0], [113055.0, 50000.0], [113052.5, 16030.0], [113047.5, 16510.0], [113045.0, 86940.0], [113042.5, 10000.0], [113037.5, 3350.0], [113030.0, 2000.0], [113027.5, 160.0], [113020.0, 2360.0], [113017.5, 6390.0], [113015.0, 15040.0], [113012.5, 43450.0], [113005.0, 3330.0], [112997.5, 3000.0]], "asks": [[113075.0, 10000.0], [113077.5, 1500.0], [113080.0, 6480.0], [113082.5, 4780.0], [113085.0, 160.0], [113097.5, 1030.0], [113100.0, 3420.0], [113102.5, 690.0], [113112.5, 8310.0], [113115.0, 16300.0], [113122.5, 1030.0], [113125.0, 3420.0], [113157.5, 1000.0], [113160.0, 6330.0], [113162.5, 10000.0], [113190.0, 1020.0], [113192.5, 3410.0], [113197.5, 40.0], [113215.0, 8500.0], [113217.5, 28340.0]]}}}
{"jsonrpc": "2.0", "method": "subscription", "params": {"channel": "book.BTC-22AUG25.none.20.100ms", "data": {"timestamp": 1755789984413, "change_id": 114389104748, "instrument_name": "BTC-22AUG25", "bids": [[113067.5, 3470.0], [113055.0, 20000.0], [113052.5, 3360.0], [113047.5, 50000.0], [113045.0, 86940.0], [113037.5, 6350.0], [113032.5, 12670.0], [113017.5, 3390.0], [113012.5, 43450.0], [113010.0, 160.0], [113007.5, 3000.0], [113005.0, 3330.0], [113002.5, 2000.0], [112997.5, 2000.0], [112992.5, 3410.0], [112980.0, 3410.0], [112977.5, 3000.0], [112972.5, 18480.0], [112967.5, 3410.0], [112962.5, 10200.0]], "asks": [[113072.5, 160.0], [113075.0, 14780.0], [113100.0, 3420.0], [113102.5, 690.0], [113112.5, 3420.0], [113115.0, 16300.0], [113125.0, 3420.0], [113160.0, 3330.0], [113162.5, 10000.0], [113172.5, 24930.0], [113192.5, 3410.0], [113197.5, 40.0], [113217.5, 3410.0], [113230.0, 20000.0], [113267.5, 3330.0], [113285.0, 3400.0], [113287.5, 40.0], [113335.0, 28610.0], [113360.0, 105000.0], [113372.5, 3380.0]]}}}
{"jsonrpc": "2.0", "method": "subscription", "params": {"channel": "book.BTC-22AUG25.none.20.100ms", "data": {"timestamp": 1755789984695, "change_id": 114389105872, "instrument_name": "BTC-22AUG25", "bids": [[113067.5, 3470.0], [113055.0, 20000.0], [113052.5, 3360.0], [113037.5, 6350.0], [113032.5, 4780.0], [113022.5, 10000.0], [113017.5, 3390.0], [113015.0, 50000.0], [113012.5, 43450.0], [113010.0, 160.0], [113007.5, 3000.0], [113005.0, 3330.0], [113000.0, 2000.0], [112997.5, 2000.0], [112995.0, 12670.0], [112992.5, 3410.0], [112980.0, 3410.0], [112977.5, 3000.0], [112972.5, 16480.0], [112970.0, 2000.0]], "asks": [[113072.5, 160.0], [113075.0, 14780.0], [113100.0, 3420.0], [113102.5, 690.0], [113112.5, 3420.0], [113115.0, 16300.0], [113125.0, 3420.0], [113130.0, 10000.0], [113160.0, 3330.0], [113172.5, 24930.0], [113192.5, 3410.0], [113197.5, 40.0], [113217.5, 3410.0], [113230.0, 20000.0], [113267.5, 3330.0], [113285.0, 3400.0], [113287.5, 40.0], [113335.0, 28610.0], [113360.0, 105000.0], [113372.5, 3380.0]]}}}
{"jsonrpc": "2.0", "method": "subscription", "params": {"channel": "book.BTC-22AUG25.none.20.100ms", "data": {"timestamp": 1755789985078, "change_id": 114389107272, "instrument_name": "BTC-22AUG25", "bids": [[113050.0, 3470.0], [113047.5, 20000.0], [113040.0, 1910.0], [113037.5, 6350.0], [113025.0, 3000.0], [113022.5, 10000.0], [113020.0, 16020.0], [113017.5, 53390.0], [113015.0, 13080.0], [113012.5, 43450.0], [113010.0, 160.0], [113007.5, 3000.0], [113005.0, 3330.0], [112997.5, 2000.0], [112992.5, 3410.0], [112990.0, 14670.0], [112980.0, 3410.0], [112977.5, 3000.0], [112972.5, 16480.0], [112967.5, 3410.0]], "asks": [[113052.5, 4780.0], [113055.0, 10000.0], [113060.0, 160.0], [113072.5, 5000.0], [113100.0, 3420.0], [113102.5, 690.0], [113112.5, 3420.0], [113115.0, 16300.0], [113125.0, 3420.0], [113127.5, 3000.0], [113130.0, 10000.0], [113160.0, 3330.0], [113170.0, 7480.0], [113172.5, 24930.0], [113192.5, 3410.0], [113197.5, 40.0], [113217.5, 3410.0], [113230.0, 20000.0], [113267.5, 3330.0], [113285.0, 3400.0]]}}}
{"jsonrpc": "2.0", "method": "subscription", "params": {"channel": "book.BTC-22AUG25.none.20.100ms", "data": {"timestamp": 1755789985351, "change_id": 114389107918, "instrument_name": "BTC-22AUG25", "bids": [[113050.0, 6890.0], [113045.0, 6000.0], [113042.5, 20000.0], [113040.0, 1910.0], [113037.5, 11350.0], [113030.0, 12140.0], [113027.5, 4780.0], [113025.0, 50000.0], [113022.5, 10000.0], [113017.5, 3390.0], [113015.0, 13080.0], [113012.5, 43450.0], [113010.0, 160.0], [113007.5, 3000.0], [113005.0, 3330.0], [112997.5, 2000.0], [112992.5, 7810.0], [112990.0, 14670.0], [112982.5, 1020.0], [112980.0, 4310.0]], "asks": [[113052.5, 4780.0], [113055.0, 10000.0], [113057.5, 1550.0], [113060.0, 5160.0], [113100.0, 3420.0], [113102.5, 690.0], [113112.5, 8310.0], [113115.0, 16300.0], [113125.0, 3420.0], [113130.0, 10000.0], [113160.0, 3330.0], [113170.0, 7480.0], [113172.5, 24930.0], [113192.5, 3410.0], [113197.5, 40.0], [113217.5, 3410.0], [113230.0, 20000.0], [113267.5, 3330.0], [113285.0, 3400.0], [113287.5, 40.0]]}}}
{"jsonrpc": "2.0", "method": "subscription", "params": {"channel": "book.BTC-22AUG25.none.20.100ms", "data": {"timestamp": 1755789985739, "change_id": 114389108976, "instrument_name": "BTC-22AUG25", "bids": [[113052.5, 3420.0], [113050.0, 4970.0], [113047.5, 5000.0], [113045.0, 6000.0], [113042.5, 24780.0], [113040.0, 16070.0], [113037.5, 56350.0], [113022.5, 10000.0], [113020.0, 1020.0], [113017.5, 3390.0], [113015.0, 13080.0], [113012.5, 43450.0], [113010.0, 160.0], [113007.5, 3000.0], [113005.0, 3330.0], [113000.0, 600.0], [112997.5, 2000.0], [112992.5, 3410.0], [112990.0, 14670.0], [112980.0, 3410.0]], "asks": [[113055.0, 10000.0], [113060.0, 160.0], [113067.5, 4780.0], [113097.5, 1030.0], [113100.0, 3420.0], [113102.5, 690.0], [113112.5, 8310.0], [113115.0, 16300.0], [113122.5, 1030.0], [113125.0, 3420.0], [113127.5, 3000.0], [113130.0, 10000.0], [113160.0, 3330.0], [113170.0, 7480.0], [113172.5, 24930.0], [113192.5, 3410.0], [113197.5, 40.0], [113217.5, 3410.0], [113230.0, 20000.0], [113267.5, 3330.0]]}}}
{"jsonrpc": "2.0", "method": "subscription", "params": {"channel": "book.BTC-22AUG25.none.20.100ms", "data": {"timestamp": 1755789986003, "change_id": 114389109551, "instrument_name": "BTC-22AUG25", "bids": [[113052.5, 3420.0], [113050.0, 12060.0], [113047.5, 25000.0], [113042.5, 4780.0], [113040.0, 12560.0], [113037.5, 56350.0], [113030.0, 10000.0], [113022.5, 16180.0], [113020.0, 74000.0], [113017.5, 3390.0], [113012.5, 43450.0], [113010.0, 160.0], [113007.5, 3000.0], [113005.0, 3330.0], [113000.0, 600.0], [112997.5, 2000.0], [112992.5, 3410.0], [112990.0, 14670.0], [112980.0, 3410.0], [112977.5, 3000.0]], "asks": [[113055.0, 10000.0], [113060.0, 160.0], [113065.0, 1430.0], [113067.5, 4780.0], [113100.0, 3420.0], [113102.5, 690.0], [113112.5, 3420.0], [113115.0, 16300.0], [113122.5, 1030.0], [113125.0, 3420.0], [113130.0, 10000.0], [113157.5, 1000.0], [113160.0, 3330.0], [113170.0, 7480.0], [113172.5, 24930.0], [113190.0, 1020.0], [113192.5, 3410.0], [113197.5, 40.0], [113217.5, 3410.0], [113230.0, 20000.0]]}}}
{"jsonrpc": "2.0", "method": "subscription", "params": {"channel": "book.BTC-22AUG25.none.20.100ms", "data": {"timestamp": 1755789986103, "change_id": 114389109668, "instrument_name": "BTC-22AUG25", "bids": [[113052.5, 3420.0], [113050.0, 12060.0], [113047.5, 25000.0], [113042.5, 4780.0], [113040.0, 12560.0], [113037.5, 56350.0], [113030.0, 10000.0], [113017.5, 3390.0], [113012.5, 43450.0], [113010.0, 160.0], [113007.5, 3000.0], [113005.0, 3330.0], [113000.0, 600.0], [112997.5, 2000.0], [112992.5, 3410.0], [112990.0, 14670.0], [112980.0, 3410.0], [112977.5, 3000.0], [112975.0, 4940.0], [112972.5, 16480.0]], "asks": [[113055.0, 10000.0], [113060.0, 160.0], [113065.0, 1430.0], [113067.5, 4780.0], [113100.0, 3420.0], [113102.5, 690.0], [113112.5, 3420.0], [113115.0, 16300.0], [113122.5, 1030.0], [113125.0, 3420.0], [113130.0, 10000.0], [113157.5, 1000.0], [113160.0, 3330.0], [113170.0, 7480.0], [113172.5, 24930.0], [113190.0, 1020.0], [113192.5, 3410.0], [113197.5, 40.0], [113217.5, 3410.0], [113230.0, 20000.0]]}}}
{"jsonrpc": "2.0", "method": "subscription", "params": {"channel": "book.BTC-22AUG25.none.20.100ms", "data": {"timestamp": 1755789986635, "change_id": 114389110566, "instrument_name": "BTC-22AUG25", "bids": [[113052.5, 3420.0], [113050.0, 12060.0], [113047.5, 25000.0], [113042.5, 1430.0], [113040.0, 17340.0], [113037.5, 56350.0], [113030.0, 79510.0], [113017.5, 3390.0], [113012.5, 43450.0], [113010.0, 160.0], [113007.5, 3000.0], [113005.0, 3330.0], [113000.0, 600.0], [112997.5, 2000.0], [112992.5, 3410.0], [112990.0, 14670.0], [112980.0, 3410.0], [112977.5, 3000.0], [112975.0, 4940.0], [112972.5, 16480.0]], "asks": [[113055.0, 10000.0], [113060.0, 160.0], [113065.0, 2760.0], [113067.5, 4780.0], [113070.0, 5000.0], [113100.0, 3420.0], [113102.5, 690.0], [113112.5, 3420.0], [113115.0, 16300.0], [113122.5, 1030.0], [113125.0, 3420.0], [113130.0, 10000.0], [113157.5, 1000.0], [113160.0, 3330.0], [113170.0, 7480.0], [113172.5, 24930.0], [113190.0, 1020.0], [113192.5, 3410.0], [113197.5, 40.0], [113217.5, 3410.0]]}}}
{"jsonrpc": "2.0", "method": "subscription", "params": {"channel": "book.BTC-22AUG25.none.20.100ms", "data": {"timestamp": 1755789987007, "change_id": 114389111350, "instrument_name": "BTC-22AUG25", "bids": [[113052.5, 3420.0], [113050.0, 3470.0], [113047.5, 25000.0], [113040.0, 14000.0], [113037.5, 56350.0], [113030.0, 79510.0], [113017.5, 3390.0], [113012.5, 43450.0], [113010.0, 160.0], [113007.5, 3000.0], [113005.0, 3330.0], [112997.5, 2000.0], [112992.5, 3410.0], [112990.0, 14670.0], [112980.0, 3410.0], [112977.5, 3000.0], [112972.5, 16480.0], [112967.5, 3410.0], [112962.5, 10200.0], [112960.0, 2000.0]], "asks": [[113055.0, 10000.0], [113060.0, 160.0], [113067.5, 4780.0], [113070.0, 5000.0], [113100.0, 3420.0], [113102.5, 690.0], [113112.5, 3420.0], [113115.0, 16300.0], [113125.0, 3420.0], [113130.0, 10000.0], [113160.0, 3330.0], [113172.5, 24930.0], [113192.5, 3410.0], [113197.5, 40.0], [113217.5, 3410.0], [113230.0, 20000.0], [113285.0, 3400.0], [113287.5, 40.0], [113335.0, 28610.0], [113360.0, 105000.0]]}}}
{"jsonrpc": "2.0", "method": "subscription", "params": {"channel": "book.BTC-22AUG25.none.20.100ms", "data": {"timestamp": 1755789987206, "change_id": 114389111633, "instrument_name": "BTC-22AUG25", "bids": [[113057.5, 3410.0], [113052.5, 1040.0], [113050.0, 10970.0], [113047.5, 25000.0], [113040.0, 9220.0], [113037.5, 66350.0], [113032.5, 10090.0], [113030.0, 69510.0], [113017.5, 3390.0], [113012.5, 43450.0], [113010.0, 160.0], [113007.5, 3000.0], [113005.0, 3330.0], [112997.5, 2000.0], [112992.5, 3410.0], [112990.0, 14670.0], [112980.0, 3410.0], [112977.5, 3000.0], [112972.5, 16480.0], [112967.5, 3410.0]], "asks": [[113060.0, 160.0], [113065.0, 12930.0], [113067.5, 4780.0], [113070.0, 5000.0], [113100.0, 3420.0], [113102.5, 690.0], [113112.5, 3420.0], [113115.0, 16300.0], [113125.0, 3420.0], [113130.0, 10000.0], [113160.0, 3330.0], [113172.5, 24930.0], [113192.5, 3410.0], [113197.5, 40.0], [113217.5, 3410.0], [113230.0, 20000.0], [113285.0, 3400.0], [113287.5, 40.0], [113335.0, 28610.0], [113360.0, 105000.0]]}}}
{"jsonrpc": "2.0", "method": "subscription", "params": {"channel": "book.BTC-22AUG25.none.20.100ms", "data": {"timestamp": 1755789987548, "change_id": 114389112028, "instrument_name": "BTC-22AUG25", "bids": [[113057.5, 3410.0], [113052.5, 1040.0], [113050.0, 10970.0], [113047.5, 25000.0], [113042.5, 1990.0], [113040.0, 16100.0], [113037.5, 66350.0], [113032.5, 10090.0], [113030.0, 69510.0], [113017.5, 3390.0], [113015.0, 13080.0], [113012.5, 43450.0], [113010.0, 160.0], [113007.5, 3000.0], [113005.0, 3330.0], [112997.5, 2000.0], [112992.5, 3410.0], [112990.0, 14670.0], [112980.0, 3410.0], [112977.5, 3000.0]], "asks": [[113060.0, 160.0], [113065.0, 12930.0], [113067.5, 4780.0], [113070.0, 5000.0], [113100.0, 3420.0], [113102.5, 690.0], [113112.5, 8310.0], [113115.0, 16300.0], [113125.0, 3420.0], [113130.0, 10000.0], [113160.0, 3330.0], [113172.5, 24930.0], [113192.5, 3410.0], [113197.5, 40.0], [113217.5, 3410.0], [113230.0, 20000.0], [113285.0, 3400.0], [113287.5, 40.0], [113335.0, 28610.0], [113360.0, 105000.0]]}}}
{"jsonrpc": "2.0", "method": "subscription", "params": {"channel": "book.BTC-22AUG25.none.20.100ms", "data": {"timestamp": 1755789989273, "change_id": 114389114748, "instrument_name": "BTC-22AUG25", "bids": [[113057.5, 3410.0], [113052.5, 1040.0], [113050.0, 10970.0], [113047.5, 25000.0], [113042.5, 630.0], [113040.0, 15170.0], [113037.5, 66350.0], [113030.0, 69510.0], [113017.5, 3390.0], [113015.0, 13080.0], [113012.5, 43450.0], [113010.0, 160.0], [113007.5, 3000.0], [113005.0, 3330.0], [112997.5, 2000.0], [112992.5, 7810.0], [112990.0, 14670.0], [112980.0, 3410.0], [112977.5, 3000.0], [112972.5, 16480.0]], "asks": [[113060.0, 160.0], [113065.0, 10000.0], [113070.0, 5000.0], [113097.5, 1030.0], [113100.0, 3420.0], [113102.5, 690.0], [113112.5, 8310.0], [113115.0, 16300.0], [113125.0, 3420.0], [113127.5, 3000.0], [113130.0, 10000.0], [113157.5, 1000.0], [113160.0, 3330.0], [113172.5, 24930.0], [113190.0, 1020.0], [113192.5, 3410.0], [113197.5, 40.0], [113217.5, 3410.0], [113227.5, 6000.0], [113230.0, 20000.0]]}}}
{"jsonrpc": "2.0", "method": "subscription", "params": {"channel": "book.BTC-22AUG25.none.20.100ms", "data": {"timestamp": 1755789989714, "change_id": 114389115434, "instrument_name": "BTC-22AUG25", "bids": [[113062.5, 3410.0], [113052.5, 6040.0], [113050.0, 14380.0], [113047.5, 20000.0], [113042.5, 1990.0], [113040.0, 19950.0], [113037.5, 66350.0], [113032.5, 11320.0], [113030.0, 69510.0], [113017.5, 3390.0], [113015.0, 13080.0], [113012.5, 43450.0], [113010.0, 160.0], [113007.5, 3000.0], [113005.0, 3330.0], [112997.5, 2000.0], [112992.5, 7810.0], [112990.0, 14670.0], [112980.0, 3410.0], [112977.5, 3000.0]], "asks": [[113065.0, 10000.0], [113075.0, 1500.0], [113077.5, 5000.0], [113082.5, 160.0], [113097.5, 1030.0], [113100.0, 3420.0], [113102.5, 690.0], [113112.5, 8310.0], [113115.0, 16300.0], [113125.0, 3420.0], [113127.5, 3000.0], [113130.0, 10000.0], [113157.5, 1000.0], [113160.0, 3330.0], [113172.5, 24930.0], [113190.0, 1020.0], [113192.5, 3410.0], [113197.5, 40.0], [113217.5, 3410.0], [113227.5, 6000.0]]}}}
{"jsonrpc": "2.0", "method": "subscription", "params": {"channel": "book.BTC-22AUG25.none.20.100ms", "data": {"timestamp": 1755789989964, "change_id": 114389115994, "instrument_name": "BTC-22AUG25", "bids": [[113062.5, 3410.0], [113055.0, 9250.0], [113052.5, 25000.0], [113050.0, 8310.0], [113047.5, 4780.0], [113042.5, 630.0], [113040.0, 15170.0], [113037.5, 66350.0], [113032.5, 11320.0], [113030.0, 69510.0], [113022.5, 160.0], [113017.5, 3390.0], [113015.0, 13080.0], [113012.5, 43450.0], [113007.5, 3000.0], [113005.0, 3330.0], [112997.5, 2000.0], [112992.5, 7810.0], [112990.0, 14670.0], [112980.0, 3410.0]], "asks": [[113065.0, 10000.0], [113070.0, 4780.0], [113075.0, 1500.0], [113077.5, 5000.0], [113082.5, 160.0], [113097.5, 1030.0], [113100.0, 3420.0], [113102.5, 690.0], [113112.5, 8310.0], [113115.0, 16300.0], [113125.0, 3420.0], [113127.5, 3000.0], [113130.0, 10000.0], [113157.5, 1000.0], [113160.0, 3330.0], [113172.5, 24930.0], [113190.0, 1020.0], [113192.5, 3410.0], [113197.5, 40.0], [113217.5, 3410.0]]}}}
{"jsonrpc": "2.0", "method": "subscription", "params": {"channel": "book.BTC-22AUG25.none.20.100ms", "data": {"timestamp": 1755789990375, "change_id": 114389116461, "instrument_name": "BTC-22AUG25", "bids": [[113062.5, 3410.0], [113060.0, 4430.0], [113057.5, 3410.0], [113055.0, 9250.0], [113052.5, 20000.0], [113050.0, 4900.0], [113047.5, 4780.0], [113042.5, 630.0], [113040.0, 15170.0], [113037.5, 66350.0], [113032.5, 11320.0], [113030.0, 69510.0], [113022.5, 160.0], [113017.5, 3390.0], [113015.0, 13080.0], [113012.5, 43450.0], [113007.5, 3000.0], [113005.0, 3330.0], [112997.5, 2000.0], [112992.5, 7810.0]], "asks": [[113065.0, 10000.0], [113067.5, 1430.0], [113070.0, 4940.0], [113097.5, 1030.0], [113100.0, 3420.0], [113102.5, 690.0], [113112.5, 8310.0], [113115.0, 16300.0], [113122.5, 1030.0], [113125.0, 3420.0], [113127.5, 3000.0], [113130.0, 10000.0], [113157.5, 1000.0], [113160.0, 3330.0], [113170.0, 7480.0], [113172.5, 24930.0], [113190.0, 1020.0], [113192.5, 3410.0], [113197.5, 40.0], [113215.0, 1020.0]]}}}
{"jsonrpc": "2.0", "method": "subscription", "params": {"channel": "book.BTC-22AUG25.none.20.100ms", "data": {"timestamp": 1755789990633, "change_id": 114389116827, "instrument_name": "BTC-22AUG25", "bids": [[113062.5, 3410.0], [113055.0, 9250.0], [113052.5, 20000.0], [113050.0, 8310.0], [113047.5, 4780.0], [113042.5, 9650.0], [113040.0, 57010.0], [113037.5, 16350.0], [113032.5, 11320.0], [113030.0, 69510.0], [113022.5, 160.0], [113020.0, 13690.0], [113017.5, 3390.0], [113015.0, 13080.0], [113012.5, 43450.0], [113007.5, 3000.0], [113005.0, 3330.0], [112997.5, 2000.0], [112992.5, 3410.0], [112990.0, 2000.0]], "asks": [[113065.0, 10000.0], [113070.0, 4940.0], [113075.0, 5000.0], [113097.5, 1030.0], [113100.0, 3420.0], [113102.5, 690.0], [113112.5, 8310.0], [113115.0, 16300.0], [113122.5, 1030.0], [113125.0, 3420.0], [113127.5, 3000.0], [113130.0, 10000.0], [113157.5, 1000.0], [113160.0, 3330.0], [113170.0, 7480.0], [113172.5, 24930.0], [113190.0, 1020.0], [113192.5, 3410.0], [113197.5, 40.0], [113215.0, 1020.0]]}}}
{"jsonrpc": "2.0", "method": "subscription", "params": {"channel": "book.BTC-22AUG25.none.20.100ms", "data": {"timestamp": 1755789990875, "change_id": 114389117362, "instrument_name": "BTC-22AUG25", "bids": [[113062.5, 3410.0], [113055.0, 9250.0], [113052.5, 20000.0], [113050.0, 8310.0], [113047.5, 4780.0], [113042.5, 9650.0], [113040.0, 57010.0], [113037.5, 16350.0], [113032.5, 11320.0], [113030.0, 69510.0], [113022.5, 160.0], [113020.0, 13690.0], [113017.5, 3390.0], [113015.0, 13080.0], [113012.5, 43450.0], [113007.5, 3000.0], [113005.0, 3330.0], [112997.5, 2000.0], [112992.5, 3410.0], [112990.0, 2000.0]], "asks": [[113065.0, 14780.0], [113070.0, 160.0], [113072.5, 1500.0], [113075.0, 5000.0], [113097.5, 1030.0], [113100.0, 3420.0], [113102.5, 690.0], [113112.5, 8310.0], [113115.0, 16300.0], [113122.5, 1030.0], [113125.0, 3420.0], [113127.5, 3000.0], [113130.0, 10000.0], [113157.5, 1000.0], [113160.0, 3330.0], [113170.0, 7480.0], [113172.5, 24930.0], [113190.0, 1020.0], [113192.5, 3410.0], [113197.5, 40.0]]}}}
{"jsonrpc": "2.0", "method": "subscription", "params": {"channel": "book.BTC-22AUG25.none.20.100ms", "data": {"timestamp": 1755789991500, "change_id": 114389117999, "instrument_name": "BTC-22AUG25", "bids": [[113057.5, 1500.0], [113055.0, 14250.0], [113052.5, 20000.0], [113050.0, 8310.0], [113047.5, 4780.0], [113042.5, 9650.0], [113040.0, 57010.0], [113037.5, 16350.0], [113032.5, 11320.0], [113030.0, 69510.0], [113022.5, 160.0], [113020.0, 13690.0], [113017.5, 3390.0], [113015.0, 13080.0], [113012.5, 43450.0], [113007.5, 3000.0], [113005.0, 3330.0], [112997.5, 2000.0], [112992.5, 3410.0], [112990.0, 2000.0]], "asks": [[113065.0, 14780.0], [113070.0, 160.0], [113072.5, 1500.0], [113075.0, 5000.0], [113097.5, 1030.0], [113100.0, 3420.0], [113102.5, 690.0], [113112.5, 8310.0], [113115.0, 16300.0], [113122.5, 1030.0], [113125.0, 3420.0], [113127.5, 3000.0], [113130.0, 10000.0], [113157.5, 1000.0], [113160.0, 3330.0], [113170.0, 7480.0], [113172.5, 24930.0], [113190.0, 1020.0], [113192.5, 3410.0], [113197.5, 40.0]]}}}
{"jsonrpc": "2.0", "method": "subscription", "params": {"channel": "book.BTC-22AUG25.none.20.100ms", "data": {"timestamp": 1755789992007, "change_id": 114389118770, "instrument_name": "BTC-22AUG25", "bids": [[113057.5, 4910.0], [113055.0, 14250.0], [113052.5, 20000.0], [113050.0, 4900.0], [113047.5, 4780.0], [113042.5, 9650.0], [113040.0, 57010.0], [113037.5, 16350.0], [113032.5, 11320.0], [113030.0, 69510.0], [113022.5, 160.0], [113020.0, 13690.0], [113017.5, 3390.0], [113015.0, 13080.0], [113012.5, 43450.0], [113007.5, 3000.0], [113005.0, 3330.0], [112997.5, 2000.0], [112992.5, 3410.0], [112990.0, 2000.0]], "asks": [[113065.0, 14780.0], [113070.0, 160.0], [113072.5, 1500.0], [113075.0, 5000.0], [113097.5, 1030.0], [113100.0, 3420.0], [113102.5, 690.0], [113112.5, 8310.0], [113115.0, 16300.0], [113122.5, 1030.0], [113125.0, 3420.0], [113127.5, 3000.0], [113130.0, 10000.0], [113157.5, 1000.0], [113160.0, 3330.0], [113170.0, 7480.0], [113172.5, 24930.0], [113190.0, 1020.0], [113192.5, 3410.0], [113197.5, 40.0]]}}}
{"jsonrpc": "2.0", "method": "subscription", "params": {"channel": "book.BTC-22AUG25.none.20.100ms", "data": {"timestamp": 1755789992359, "change_id": 114389119103, "instrument_name": "BTC-22AUG25", "bids": [[113055.0, 9250.0], [113052.5, 20000.0], [113050.0, 4900.0], [113047.5, 4780.0], [113042.5, 9650.0], [113040.0, 57010.0], [113037.5, 16350.0], [113032.5, 11320.0], [113030.0, 69510.0], [113020.0, 13690.0], [113017.5, 3390.0], [113015.0, 13080.0], [113012.5, 43450.0], [113007.5, 3000.0], [113005.0, 3330.0], [112997.5, 2000.0], [112992.5, 3410.0], [112990.0, 2000.0], [112982.5, 1020.0], [112980.0, 3410.0]], "asks": [[113062.5, 5980.0], [113065.0, 14780.0], [113070.0, 5160.0], [113097.5, 1030.0], [113100.0, 3420.0], [113102.5, 690.0], [113112.5, 8310.0], [113115.0, 16300.0], [113122.5, 1030.0], [113125.0, 3420.0], [113127.5, 3000.0], [113130.0, 10000.0], [113157.5, 1000.0], [113160.0, 3330.0], [113170.0, 7480.0], [113172.5, 24930.0], [113190.0, 1020.0], [113192.5, 3410.0], [113197.5, 40.0], [113215.0, 1020.0]]}}}
{"jsonrpc": "2.0", "method": "subscription", "params": {"channel": "book.BTC-22AUG25.none.20.100ms", "data": {"timestamp": 1755789992475, "change_id": 114389119636, "instrument_name": "BTC-22AUG25", "bids": [[113055.0, 3410.0], [113052.5, 3280.0], [113050.0, 24900.0], [113047.5, 5000.0], [113042.5, 9650.0], [113040.0, 57010.0], [113037.5, 11130.0], [113032.5, 11320.0], [113030.0, 69510.0], [113025.0, 10000.0], [113020.0, 13690.0], [113017.5, 3390.0], [113015.0, 13080.0], [113012.5, 43450.0], [113007.5, 3160.0], [113005.0, 3330.0], [112997.5, 2000.0], [112992.5, 3410.0], [112990.0, 2000.0], [112982.5, 1020.0]], "asks": [[113057.5, 14780.0], [113067.5, 1550.0], [113070.0, 5160.0], [113097.5, 1030.0], [113100.0, 3420.0], [113102.5, 690.0], [113112.5, 8310.0], [113115.0, 16300.0], [113122.5, 1030.0], [113125.0, 3420.0], [113127.5, 3000.0], [113130.0, 10000.0], [113157.5, 1000.0], [113160.0, 3330.0], [113170.0, 7480.0], [113172.5, 24930.0], [113190.0, 1020.0], [113192.5, 3410.0], [113197.5, 40.0], [113215.0, 1020.0]]}}}
{"jsonrpc": "2.0", "method": "subscription", "params": {"channel": "book.BTC-22AUG25.none.20.100ms", "data": {"timestamp": 1755789993201, "change_id": 114389121227, "instrument_name": "BTC-22AUG25", "bids": [[113055.0, 3410.0], [113052.5, 11630.0], [113050.0, 23470.0], [113042.5, 9650.0], [113040.0, 57010.0], [113037.5, 11130.0], [113032.5, 11320.0], [113030.0, 69510.0], [113025.0, 10000.0], [113020.0, 13690.0], [113017.5, 3390.0], [113015.0, 13080.0], [113012.5, 43450.0], [113007.5, 3160.0], [113005.0, 3330.0], [112997.5, 2000.0], [112992.5, 3410.0], [112990.0, 2000.0], [112982.5, 1020.0], [112980.0, 3410.0]], "asks": [[113057.5, 14780.0], [113067.5, 1550.0], [113070.0, 5160.0], [113097.5, 1030.0], [113100.0, 3420.0], [113102.5, 690.0], [113112.5, 8310.0], [113115.0, 16300.0], [113122.5, 1030.0], [113125.0, 3420.0], [113127.5, 3000.0], [113130.0, 10000.0], [113157.5, 1000.0], [113160.0, 3330.0], [113170.0, 7480.0], [113172.5, 24930.0], [113190.0, 1020.0], [113192.5, 3410.0], [113197.5, 40.0], [113215.0, 1020.0]]}}}
{"jsonrpc": "2.0", "method": "subscription", "params": {"channel": "book.BTC-22AUG25.none.20.100ms", "data": {"timestamp": 1755789993617, "change_id": 114389121635, "instrument_name": "BTC-22AUG25", "bids": [[113055.0, 3410.0], [113052.5, 11630.0], [113050.0, 23470.0], [113042.5, 9650.0], [113040.0, 57010.0], [113037.5, 11130.0], [113032.5, 21320.0], [113030.0, 69510.0], [113022.5, 12670.0], [113020.0, 1020.0], [113017.5, 3390.0], [113015.0, 13080.0], [113012.5, 43450.0], [113007.5, 3160.0], [113005.0, 3330.0], [112997.5, 2000.0], [112992.5, 3410.0], [112990.0, 2000.0], [112982.5, 1020.0], [112980.0, 3410.0]], "asks": [[113057.5, 14780.0], [113067.5, 1550.0], [113070.0, 5160.0], [113097.5, 1030.0], [113100.0, 3420.0], [113102.5, 690.0], [113112.5, 8310.0], [113115.0, 16300.0], [113122.5, 1030.0], [113125.0, 3420.0], [113127.5, 3000.0], [113130.0, 10000.0], [113157.5, 1000.0], [113160.0, 3330.0], [113170.0, 7480.0], [113172.5, 24930.0], [113190.0, 1020.0], [113192.5, 3410.0], [113197.5, 40.0], [113215.0, 1020.0]]}}}
{"jsonrpc": "2.0", "method": "subscription", "params": {"channel": "book.BTC-22AUG25.none.20.100ms", "data": {"timestamp": 1755789994003, "change_id": 114389122856, "instrument_name": "BTC-22AUG25", "bids": [[113050.0, 3470.0], [113045.0, 20000.0], [113040.0, 4010.0], [113037.5, 6350.0], [113035.0, 11720.0], [113032.5, 50000.0], [113030.0, 69510.0], [113022.5, 22670.0], [113017.5, 3390.0], [113015.0, 13080.0], [113012.5, 43450.0], [113007.5, 3000.0], [113005.0, 3490.0], [112997.5, 2000.0], [112992.5, 3410.0], [112990.0, 2000.0], [112980.0, 3410.0], [112977.5, 3000.0], [112972.5, 16480.0], [112967.5, 3410.0]], "asks": [[113055.0, 4440.0], [113057.5, 14780.0], [113070.0, 160.0], [113097.5, 1030.0], [113100.0, 3420.0], [113102.5, 690.0], [113112.5, 3420.0], [113115.0, 16300.0], [113122.5, 1030.0], [113125.0, 3420.0], [113127.5, 3000.0], [113130.0, 10000.0], [113157.5, 1000.0], [113160.0, 3330.0], [113170.0, 7480.0], [113172.5, 24930.0], [113190.0, 1020.0], [113192.5, 3410.0], [113197.5, 40.0], [113217.5, 3410.0]]}}}
{"jsonrpc": "2.0", "method": "subscription", "params": {"channel": "book.BTC-22AUG25.none.20.100ms", "data": {"timestamp": 1755789994289, "change_id": 114389123860, "instrument_name": "BTC-22AUG25", "bids": [[113045.0, 7680.0], [113042.5, 20000.0], [113040.0, 4500.0], [113037.5, 8000.0], [113035.0, 11720.0], [113032.5, 55210.0], [113030.0, 4780.0], [113022.5, 12670.0], [113017.5, 3390.0], [113015.0, 13080.0], [113012.5, 53450.0], [113007.5, 3000.0], [113005.0, 3330.0], [112997.5, 2000.0], [112992.5, 3410.0], [112990.0, 2160.0], [112980.0, 3410.0], [112977.5, 3000.0], [112975.0, 4940.0], [112972.5, 16480.0]], "asks": [[113050.0, 14780.0], [113055.0, 1550.0], [113057.5, 160.0], [113060.0, 5000.0], [113100.0, 3420.0], [113102.5, 690.0], [113112.5, 8310.0], [113115.0, 16300.0], [113122.5, 1030.0], [113125.0, 3420.0], [113130.0, 10000.0], [113157.5, 1000.0], [113160.0, 3330.0], [113170.0, 7480.0], [113172.5, 24930.0], [113190.0, 1020.0], [113192.5, 3410.0], [113197.5, 40.0], [113217.5, 3410.0], [113230.0, 20000.0]]}}}
{"jsonrpc": "2.0", "method": "subscription", "params": {"channel": "book.BTC-22AUG25.none.20.100ms", "data": {"timestamp": 1755789994617, "change_id": 114389124565, "instrument_name": "BTC-22AUG25", "bids": [[113047.5, 3410.0], [113045.0, 2130.0], [113042.5, 5000.0], [113040.0, 3000.0], [113037.5, 3000.0], [113035.0, 3000.0], [113032.5, 5210.0], [113030.0, 4780.0], [113025.0, 8360.0], [113022.5, 19440.0], [113020.0, 10000.0], [113017.5, 3390.0], [113015.0, 13080.0], [113012.5, 43450.0], [113007.5, 3000.0], [113005.0, 3330.0], [112997.5, 2000.0], [112992.5, 3410.0], [112990.0, 2160.0], [112980.0, 3410.0]], "asks": [[113050.0, 14780.0], [113055.0, 1550.0], [113057.5, 160.0], [113060.0, 5000.0], [113100.0, 3420.0], [113102.5, 690.0], [113112.5, 8310.0], [113115.0, 16300.0], [113122.5, 1030.0], [113125.0, 3420.0], [113130.0, 10000.0], [113157.5, 1000.0], [113160.0, 3330.0], [113170.0, 7480.0], [113172.5, 24930.0], [113190.0, 1020.0], [113192.5, 3410.0], [113197.5, 40.0], [113217.5, 3410.0], [113230.0, 20000.0]]}}}
{"jsonrpc": "2.0", "method": "subscription", "params": {"channel": "book.BTC-22AUG25.none.20.100ms", "data": {"timestamp": 1755789995008, "change_id": 114389125975, "instrument_name": "BTC-22AUG25", "bids": [[113042.5, 3410.0], [113040.0, 2100.0], [113037.5, 1500.0], [113035.0, 5000.0], [113032.5, 1800.0], [113027.5, 3000.0], [113022.5, 12670.0], [113020.0, 4780.0], [113017.5, 3390.0], [113012.5, 43450.0], [113005.0, 13330.0], [112997.5, 5000.0], [112992.5, 3410.0], [112990.0, 2160.0], [112980.0, 3410.0], [112967.5, 6410.0], [112962.5, 10200.0], [112960.0, 2000.0], [112955.0, 16350.0], [112942.5, 3420.0]], "asks": [[113045.0, 4780.0], [113050.0, 10000.0], [113055.0, 5000.0], [113057.5, 160.0], [113100.0, 3420.0], [113112.5, 3420.0], [113115.0, 16300.0], [113125.0, 3420.0], [113130.0, 10000.0], [113160.0, 3330.0], [113172.5, 24930.0], [113192.5, 3410.0], [113197.5, 40.0], [113217.5, 3410.0], [113230.0, 20000.0], [113285.0, 3400.0], [113287.5, 40.0], [113335.0, 28610.0], [113360.0, 105000.0], [113372.5, 3380.0]]}}}
{"jsonrpc": "2.0", "method": "subscription", "params": {"channel": "book.BTC-22AUG25.none.20.100ms", "data": {"timestamp": 1755789995339, "change_id": 114389126712, "instrument_name": "BTC-22AUG25", "bids": [[113042.5, 9040.0], [113040.0, 2100.0], [113037.5, 1500.0], [113035.0, 6560.0], [113032.5, 1800.0], [113030.0, 4310.0], [113027.5, 3000.0], [113022.5, 1430.0], [113020.0, 5800.0], [113017.5, 3390.0], [113015.0, 16040.0], [113012.5, 53450.0], [113010.0, 4800.0], [113007.5, 12670.0], [113005.0, 3330.0], [113002.5, 160.0], [113000.0, 1500.0], [112997.5, 5000.0], [112995.0, 1670.0], [112992.5, 3410.0]], "asks": [[113047.5, 9280.0], [113050.0, 10000.0], [113055.0, 5000.0], [113057.5, 830.0], [113097.5, 1030.0], [113100.0, 3420.0], [113112.5, 8310.0], [113115.0, 16300.0], [113122.5, 1030.0], [113125.0, 3420.0], [113127.5, 3000.0], [113130.0, 10000.0], [113160.0, 3330.0], [113170.0, 7480.0], [113172.5, 24930.0], [113192.5, 3410.0], [113197.5, 40.0], [113217.5, 3410.0], [113230.0, 20000.0], [113285.0, 3400.0]]}}}
{"jsonrpc": "2.0", "method": "subscription", "params": {"channel": "book.BTC-22AUG25.none.20.100ms", "data": {"timestamp": 1755789995522, "change_id": 114389127205, "instrument_name": "BTC-22AUG25", "bids": [[113042.5, 3410.0], [113037.5, 1500.0], [113035.0, 6560.0], [113032.5, 1800.0], [113030.0, 4310.0], [113027.5, 3000.0], [113022.5, 1430.0], [113020.0, 5800.0], [113017.5, 3390.0], [113015.0, 16040.0], [113012.5, 55390.0], [113010.0, 4800.0], [113007.5, 12670.0], [113005.0, 3330.0], [113002.5, 160.0], [113000.0, 1500.0], [112997.5, 5000.0], [112995.0, 1670.0], [112992.5, 3410.0], [112990.0, 2000.0]], "asks": [[113047.5, 9280.0], [113050.0, 15000.0], [113057.5, 830.0], [113097.5, 1030.0], [113100.0, 3420.0], [113112.5, 8310.0], [113115.0, 16300.0], [113122.5, 1030.0], [113125.0, 3420.0], [113127.5, 3000.0], [113130.0, 10000.0], [113157.5, 1000.0], [113160.0, 3330.0], [113170.0, 7480.0], [113172.5, 28340.0], [113192.5, 23410.0], [113197.5, 40.0], [113245.0, 25250.0], [113285.0, 3400.0], [113287.5, 40.0]]}}}
{"jsonrpc": "2.0", "method": "subscription", "params": {"channel": "book.BTC-22AUG25.none.20.100ms", "data": {"timestamp": 1755789995955, "change_id": 114389128612, "instrument_name": "BTC-22AUG25", "bids": [[113042.5, 3410.0], [113037.5, 1500.0], [113035.0, 6560.0], [113032.5, 1800.0], [113030.0, 4310.0], [113027.5, 3000.0], [113020.0, 1020.0], [113017.5, 3390.0], [113015.0, 16040.0], [113012.5, 55390.0], [113010.0, 36380.0], [113007.5, 12670.0], [113005.0, 3330.0], [113002.5, 160.0], [113000.0, 1500.0], [112997.5, 5000.0], [112995.0, 1670.0], [112992.5, 3410.0], [112990.0, 2000.0], [112982.5, 1020.0]], "asks": [[113047.5, 4500.0], [113050.0, 15000.0], [113057.5, 830.0], [113097.5, 1030.0], [113100.0, 3420.0], [113112.5, 8310.0], [113115.0, 16300.0], [113122.5, 1030.0], [113125.0, 3420.0], [113127.5, 3000.0], [113130.0, 10000.0], [113157.5, 1000.0], [113160.0, 3330.0], [113170.0, 7480.0], [113172.5, 28340.0], [113190.0, 7020.0], [113192.5, 23410.0], [113197.5, 40.0], [113245.0, 25250.0], [113285.0, 3400.0]]}}}
{"jsonrpc": "2.0", "method": "subscription", "params": {"channel": "book.BTC-22AUG25.none.20.100ms", "data": {"timestamp": 1755789996217, "change_id": 114389129517, "instrument_name": "BTC-22AUG25", "bids": [[113037.5, 5230.0], [113030.0, 840.0], [113027.5, 8000.0], [113020.0, 2320.0], [113017.5, 8170.0], [113012.5, 45390.0], [113010.0, 31580.0], [113005.0, 3330.0], [113002.5, 12670.0], [113000.0, 11500.0], [112997.5, 5000.0], [112992.5, 3410.0], [112987.5, 160.0], [112980.0, 5410.0], [112967.5, 6410.0], [112962.5, 10000.0], [112955.0, 3410.0], [112950.0, 2000.0], [112942.5, 3420.0], [112927.5, 3390.0]], "asks": [[113040.0, 4780.0], [113042.5, 10000.0], [113045.0, 5160.0], [113057.5, 670.0], [113100.0, 3420.0], [113112.5, 3420.0], [113115.0, 16300.0], [113125.0, 3420.0], [113130.0, 10000.0], [113157.5, 1000.0], [113160.0, 3330.0], [113172.5, 28340.0], [113192.5, 23410.0], [113197.5, 40.0], [113245.0, 25250.0], [113285.0, 3400.0], [113287.5, 40.0], [113335.0, 3360.0], [113360.0, 105000.0], [113372.5, 3380.0]]}}}
{"jsonrpc": "2.0", "method": "subscription", "params": {"channel": "book.BTC-22AUG25.none.20.100ms", "data": {"timestamp": 1755789996662, "change_id": 114389130757, "instrument_name": "BTC-22AUG25", "bids": [[113037.5, 5230.0], [113030.0, 840.0], [113027.5, 3000.0], [113022.5, 1500.0], [113020.0, 7320.0], [113017.5, 8170.0], [113015.0, 15360.0], [113012.5, 45390.0], [113010.0, 31580.0], [113007.5, 10000.0], [113005.0, 7130.0], [113002.5, 12670.0], [113000.0, 1500.0], [112997.5, 5000.0], [112995.0, 1020.0], [112992.5, 3410.0], [112987.5, 160.0], [112982.5, 1620.0], [112980.0, 5410.0], [112970.0, 1920.0]], "asks": [[113040.0, 4780.0], [113042.5, 11550.0], [113045.0, 5160.0], [113057.5, 670.0], [113097.5, 1030.0], [113100.0, 3420.0], [113112.5, 8310.0], [113115.0, 16300.0], [113122.5, 1030.0], [113125.0, 3420.0], [113127.5, 3000.0], [113130.0, 10000.0], [113157.5, 1000.0], [113160.0, 3330.0], [113170.0, 8500.0], [113172.5, 28340.0], [113190.0, 7020.0], [113192.5, 23410.0], [113197.5, 40.0], [113245.0, 25250.0]]}}}
{"jsonrpc": "2.0", "method": "subscription", "params": {"channel": "book.BTC-22AUG25.none.20.100ms", "data": {"timestamp": 1755789996931, "change_id": 114389132331, "instrument_name": "BTC-22AUG25", "bids": [[113037.5, 1820.0], [113022.5, 1400.0], [113020.0, 6920.0], [113017.5, 6390.0], [113015.0, 12620.0], [113012.5, 45390.0], [113010.0, 4780.0], [113005.0, 3330.0], [113000.0, 600.0], [112997.5, 2000.0], [112995.0, 4020.0], [112992.5, 13410.0], [112990.0, 950.0], [112987.5, 3160.0], [112980.0, 5410.0], [112970.0, 4820.0], [112967.5, 3410.0], [112965.0, 12670.0], [112962.5, 10000.0], [112957.5, 3000.0]], "asks": [[113040.0, 4780.0], [113042.5, 11550.0], [113045.0, 5160.0], [113057.5, 670.0], [113100.0, 3420.0], [113112.5, 3420.0], [113115.0, 16300.0], [113125.0, 3420.0], [113130.0, 10000.0], [113160.0, 3330.0], [113172.5, 28340.0], [113192.5, 23410.0], [113197.5, 40.0], [113245.0, 25250.0], [113285.0, 3400.0], [113287.5, 40.0], [113335.0, 3360.0], [113360.0, 105000.0], [113372.5, 3380.0], [113377.5, 40.0]]}}}
{"jsonrpc": "2.0", "method": "subscription", "params": {"channel": "book.BTC-22AUG25.none.20.100ms", "data": {"timestamp": 1755789997322, "change_id": 114389133346, "instrument_name": "BTC-22AUG25", "bids": [[113037.5, 1820.0], [113020.0, 1020.0], [113017.5, 3390.0], [113015.0, 8270.0], [113012.5, 50390.0], [113007.5, 4780.0], [113005.0, 6330.0], [112995.0, 2880.0], [112992.5, 3410.0], [112990.0, 10000.0], [112982.5, 1020.0], [112980.0, 3410.0], [112977.5, 900.0], [112975.0, 3000.0], [112972.5, 4400.0], [112970.0, 16290.0], [112967.5, 5410.0], [112962.5, 10000.0], [112955.0, 3410.0], [112945.0, 3000.0]], "asks": [[113040.0, 4780.0], [113042.5, 10000.0], [113045.0, 5160.0], [113057.5, 670.0], [113100.0, 3420.0], [113102.5, 10000.0], [113112.5, 3420.0], [113115.0, 16300.0], [113125.0, 3420.0], [113160.0, 3330.0], [113172.5, 28340.0], [113192.5, 23410.0], [113197.5, 40.0], [113245.0, 25250.0], [113285.0, 3400.0], [113287.5, 40.0], [113335.0, 3360.0], [113360.0, 105000.0], [113372.5, 3380.0], [113377.5, 40.0]]}}}
{"jsonrpc": "2.0", "method": "subscription", "params": {"channel": "book.BTC-22AUG25.none.20.100ms", "data": {"timestamp": 1755789997620, "change_id": 114389134705, "instrument_name": "BTC-22AUG25", "bids": [[113020.0, 3300.0], [113017.5, 40.0], [113012.5, 45390.0], [113007.5, 4780.0], [113005.0, 6330.0], [112992.5, 3410.0], [112990.0, 10000.0], [112980.0, 3410.0], [112975.0, 3000.0], [112972.5, 160.0], [112967.5, 5410.0], [112965.0, 12670.0], [112962.5, 12000.0], [112955.0, 3410.0], [112945.0, 3000.0], [112942.5, 3420.0], [112932.5, 2000.0], [112927.5, 3390.0], [112925.0, 40.0], [112915.0, 3420.0]], "asks": [[113027.5, 10000.0], [113030.0, 160.0], [113032.5, 4780.0], [113037.5, 5000.0], [113057.5, 670.0], [113100.0, 3420.0], [113102.5, 10000.0], [113112.5, 3420.0], [113115.0, 16300.0], [113125.0, 3420.0], [113160.0, 3330.0], [113172.5, 28340.0], [113192.5, 23410.0], [113197.5, 40.0], [113245.0, 25250.0], [113285.0, 3400.0], [113287.5, 40.0], [113335.0, 3360.0], [113360.0, 105000.0], [113372.5, 3380.0]]}}}
{"jsonrpc": "2.0", "method": "subscription", "params": {"channel": "book.BTC-22AUG25.none.20.100ms", "data": {"timestamp": 1755789997831, "change_id": 114389135311, "instrument_name": "BTC-22AUG25", "bids": [[113025.0, 3410.0], [113022.5, 5990.0], [113020.0, 3300.0], [113017.5, 40.0], [113015.0, 13470.0], [113012.5, 45390.0], [113005.0, 6330.0], [113000.0, 3000.0], [112997.5, 10000.0], [112980.0, 3410.0], [112975.0, 3000.0], [112972.5, 160.0], [112967.5, 5410.0], [112965.0, 12670.0], [112962.5, 12000.0], [112955.0, 3410.0], [112945.0, 3000.0], [112942.5, 3420.0], [112932.5, 2000.0], [112927.5, 3390.0]], "asks": [[113027.5, 10000.0], [113030.0, 4940.0], [113037.5, 5000.0], [113057.5, 670.0], [113100.0, 3420.0], [113102.5, 10000.0], [113112.5, 3420.0], [113115.0, 16300.0], [113160.0, 3330.0], [113172.5, 28340.0], [113192.5, 23410.0], [113197.5, 40.0], [113245.0, 25250.0], [113285.0, 3400.0], [113287.5, 40.0], [113335.0, 3360.0], [113360.0, 105000.0], [113372.5, 3380.0], [113377.5, 40.0], [113387.5, 10310.0]]}}}
{"jsonrpc": "2.0", "method": "subscription", "params": {"channel": "book.BTC-22AUG25.none.20.100ms", "data": {"timestamp": 1755789998095, "change_id": 114389135719, "instrument_name": "BTC-22AUG25", "bids": [[113025.0, 3410.0], [113022.5, 5990.0], [113020.0, 3300.0], [113017.5, 40.0], [113015.0, 13470.0], [113012.5, 45390.0], [113007.5, 4780.0], [113005.0, 6330.0], [113000.0, 3000.0], [112997.5, 10000.0], [112985.0, 160.0], [112980.0, 3410.0], [112975.0, 3000.0], [112967.5, 5410.0], [112965.0, 12670.0], [112962.5, 12000.0], [112955.0, 3410.0], [112945.0, 3000.0], [112942.5, 3420.0], [112932.5, 2000.0]], "asks": [[113027.5, 10000.0], [113030.0, 4940.0], [113035.0, 1500.0], [113037.5, 5000.0], [113057.5, 670.0], [113100.0, 3420.0], [113102.5, 10000.0], [113112.5, 3420.0], [113115.0, 16300.0], [113160.0, 3330.0], [113172.5, 28340.0], [113192.5, 23410.0], [113197.5, 40.0], [113245.0, 25250.0], [113285.0, 3400.0], [113287.5, 40.0], [113335.0, 3360.0], [113360.0, 105000.0], [113372.5, 3380.0], [113377.5, 40.0]]}}}
{"jsonrpc": "2.0", "method": "subscription", "params": {"channel": "book.BTC-22AUG25.none.20.100ms", "data": {"timestamp": 1755789998392, "change_id": 114389136040, "instrument_name": "BTC-22AUG25", "bids": [[113025.0, 3410.0], [113022.5, 5990.0], [113020.0, 3300.0], [113017.5, 40.0], [113015.0, 13470.0], [113012.5, 45390.0], [113007.5, 4780.0], [113005.0, 6330.0], [113000.0, 3000.0], [112997.5, 10000.0], [112985.0, 160.0], [112980.0, 3410.0], [112975.0, 3000.0], [112967.5, 5410.0], [112965.0, 12670.0], [112962.5, 12000.0], [112955.0, 3410.0], [112945.0, 3000.0], [112942.5, 3420.0], [112932.5, 2000.0]], "asks": [[113027.5, 10000.0], [113030.0, 4940.0], [113035.0, 1500.0], [113037.5, 5000.0], [113057.5, 670.0], [113100.0, 3420.0], [113102.5, 10000.0], [113112.5, 3420.0], [113115.0, 16300.0], [113160.0, 3330.0], [113172.5, 28340.0], [113192.5, 23410.0], [113197.5, 40.0], [113245.0, 25250.0], [113285.0, 3400.0], [113287.5, 40.0], [113335.0, 3360.0], [113360.0, 105000.0], [113372.5, 3380.0], [113377.5, 40.0]]}}}
{"jsonrpc": "2.0", "method": "subscription", "params": {"channel": "book.BTC-22AUG25.none.20.100ms", "data": {"timestamp": 1755789998946, "change_id": 114389137870, "instrument_name": "BTC-22AUG25", "bids": [[113040.0, 3410.0], [113022.5, 2010.0], [113020.0, 6710.0], [113017.5, 40.0], [113015.0, 15050.0], [113012.5, 45390.0], [113005.0, 44620.0], [112985.0, 160.0], [112980.0, 3410.0], [112975.0, 3000.0], [112967.5, 5410.0], [112965.0, 12670.0], [112962.5, 12000.0], [112955.0, 3410.0], [112945.0, 3000.0], [112942.5, 3420.0], [112932.5, 2000.0], [112927.5, 3390.0], [112925.0, 40.0], [112915.0, 3420.0]], "asks": [[113045.0, 10000.0], [113050.0, 1500.0], [113052.5, 5000.0], [113057.5, 670.0], [113062.5, 160.0], [113065.0, 3410.0], [113100.0, 3420.0], [113102.5, 10000.0], [113112.5, 3420.0], [113115.0, 16300.0], [113157.5, 1000.0], [113160.0, 3330.0], [113172.5, 28340.0], [113190.0, 7020.0], [113192.5, 23410.0], [113197.5, 40.0], [113245.0, 25250.0], [113285.0, 3400.0], [113287.5, 40.0], [113335.0, 3360.0]]}}}
{"jsonrpc": "2.0", "method": "subscription", "params": {"channel": "book.BTC-22AUG25.none.20.100ms", "data": {"timestamp": 1755789999267, "change_id": 114389138900, "instrument_name": "BTC-22AUG25", "bids": [[113027.5, 3410.0], [113022.5, 4780.0], [113020.0, 3300.0], [113017.5, 40.0], [113015.0, 15050.0], [113012.5, 55390.0], [113007.5, 10390.0], [113005.0, 34620.0], [112997.5, 160.0], [112980.0, 3410.0], [112975.0, 3000.0], [112967.5, 5410.0], [112965.0, 12670.0], [112962.5, 12000.0], [112957.5, 15710.0], [112955.0, 3410.0], [112945.0, 3000.0], [112942.5, 3420.0], [112932.5, 2000.0], [112927.5, 3390.0]], "asks": [[113045.0, 14780.0], [113047.5, 1500.0], [113050.0, 5160.0], [113057.5, 670.0], [113062.5, 1020.0], [113065.0, 3410.0], [113100.0, 3420.0], [113102.5, 10000.0], [113112.5, 3420.0], [113115.0, 16300.0], [113157.5, 1000.0], [113160.0, 3330.0], [113172.5, 28340.0], [113190.0, 7020.0], [113192.5, 23410.0], [113197.5, 40.0], [113245.0, 25250.0], [113285.0, 3400.0], [113287.5, 40.0], [113335.0, 3360.0]]}}}
{"jsonrpc": "2.0", "method": "subscription", "params": {"channel": "book.BTC-22AUG25.none.20.100ms", "data": {"timestamp": 1755790000206, "change_id": 114389140945, "instrument_name": "BTC-22AUG25", "bids": [[113032.5, 1020.0], [113030.0, 3410.0], [113025.0, 2420.0], [113022.5, 4780.0], [113020.0, 4340.0], [113017.5, 3450.0], [113015.0, 15050.0], [113012.5, 55390.0], [113007.5, 10390.0], [113005.0, 34620.0], [112997.5, 160.0], [112980.0, 3410.0], [112975.0, 3000.0], [112967.5, 5410.0], [112965.0, 12670.0], [112962.5, 12000.0], [112957.5, 15710.0], [112955.0, 3410.0], [112945.0, 3000.0], [112942.5, 3420.0]], "asks": [[113040.0, 4780.0], [113042.5, 3000.0], [113045.0, 10000.0], [113050.0, 160.0], [113057.5, 670.0], [113062.5, 1020.0], [113065.0, 3410.0], [113097.5, 1030.0], [113100.0, 3420.0], [113102.5, 10000.0], [113112.5, 3420.0], [113115.0, 16300.0], [113157.5, 1000.0], [113160.0, 3330.0], [113170.0, 8500.0], [113172.5, 28340.0], [113190.0, 7020.0], [113192.5, 23410.0], [113197.5, 40.0], [113245.0, 25250.0]]}}}
{"jsonrpc": "2.0", "method": "subscription", "params": {"channel": "book.BTC-22AUG25.none.20.100ms", "data": {"timestamp": 1755790000545, "change_id": 114389141523, "instrument_name": "BTC-22AUG25", "bids": [[113040.0, 4430.0], [113037.5, 3410.0], [113035.0, 1500.0], [113032.5, 5000.0], [113025.0, 2420.0], [113022.5, 4780.0], [113020.0, 4340.0], [113017.5, 3450.0], [113015.0, 15050.0], [113012.5, 55390.0], [113007.5, 10390.0], [113005.0, 34620.0], [112997.5, 160.0], [112980.0, 3410.0], [112975.0, 3000.0], [112967.5, 5410.0], [112965.0, 12670.0], [112962.5, 12000.0], [112957.5, 15710.0], [112955.0, 3410.0]], "asks": [[113042.5, 4780.0], [113045.0, 10000.0], [113050.0, 160.0], [113057.5, 670.0], [113062.5, 1020.0], [113065.0, 3410.0], [113097.5, 1030.0], [113100.0, 3420.0], [113102.5, 10000.0], [113112.5, 3420.0], [113115.0, 16300.0], [113157.5, 1000.0], [113160.0, 3330.0], [113170.0, 8500.0], [113172.5, 28340.0], [113190.0, 7020.0], [113192.5, 23410.0], [113197.5, 40.0], [113245.0, 25250.0], [113285.0, 3400.0]]}}}
{"jsonrpc": "2.0", "method": "subscription", "params": {"channel": "book.BTC-22AUG25.none.20.100ms", "data": {"timestamp": 1755790000940, "change_id": 114389142347, "instrument_name": "BTC-22AUG25", "bids": [[113035.0, 4910.0], [113032.5, 5000.0], [113025.0, 2300.0], [113020.0, 9120.0], [113017.5, 3450.0], [113015.0, 15050.0], [113012.5, 55390.0], [113007.5, 10390.0], [113005.0, 34620.0], [112997.5, 160.0], [112980.0, 3410.0], [112975.0, 3000.0], [112967.5, 5410.0], [112965.0, 12670.0], [112962.5, 12000.0], [112957.5, 15710.0], [112955.0, 3410.0], [112945.0, 3000.0], [112942.5, 3420.0], [112932.5, 2000.0]], "asks": [[113042.5, 4780.0], [113045.0, 10000.0], [113050.0, 160.0], [113057.5, 670.0], [113062.5, 1020.0], [113065.0, 3410.0], [113097.5, 1030.0], [113100.0, 3420.0], [113102.5, 10000.0], [113112.5, 3420.0], [113115.0, 16300.0], [113157.5, 1000.0], [113160.0, 3330.0], [113170.0, 8500.0], [113172.5, 28340.0], [113190.0, 7020.0], [113192.5, 23410.0], [113197.5, 40.0], [113245.0, 25250.0], [113285.0, 3400.0]]}}}
{"jsonrpc": "2.0", "method": "subscription", "params": {"channel": "book.BTC-22AUG25.none.20.100ms", "data": {"timestamp": 1755790001246, "change_id": 114389143050, "instrument_name": "BTC-22AUG25", "bids": [[113027.5, 2390.0], [113025.0, 10710.0], [113020.0, 8080.0], [113017.5, 40.0], [113015.0, 15050.0], [113012.5, 55390.0], [113007.5, 10390.0], [113005.0, 34620.0], [112997.5, 160.0], [112982.5, 1020.0], [112980.0, 3410.0], [112975.0, 3000.0], [112967.5, 5410.0], [112965.0, 12670.0], [112962.5, 12000.0], [112957.5, 15710.0], [112955.0, 3410.0], [112945.0, 4030.0], [112942.5, 3420.0], [112932.5, 2000.0]], "asks": [[113037.5, 10000.0], [113040.0, 2760.0], [113042.5, 4780.0], [113045.0, 5000.0], [113050.0, 160.0], [113057.5, 670.0], [113062.5, 1020.0], [113065.0, 3410.0], [113097.5, 1030.0], [113100.0, 3420.0], [113102.5, 10000.0], [113112.5, 8310.0], [113115.0, 16300.0], [113157.5, 1000.0], [113160.0, 3330.0], [113170.0, 8500.0], [113172.5, 28340.0], [113190.0, 7020.0], [113192.5, 23410.0], [113197.5, 40.0]]}}}
{"jsonrpc": "2.0", "method": "subscription", "params": {"channel": "book.BTC-22AUG25.none.20.100ms", "data": {"timestamp": 1755790001614, "change_id": 114389144025, "instrument_name": "BTC-22AUG25", "bids": [[113027.5, 1020.0], [113025.0, 4400.0], [113020.0, 4810.0], [113017.5, 5040.0], [113015.0, 15050.0], [113012.5, 45390.0], [113010.0, 4780.0], [113007.5, 10390.0], [113005.0, 34620.0], [113002.5, 10000.0], [112997.5, 160.0], [112982.5, 1020.0], [112980.0, 3410.0], [112975.0, 3000.0], [112967.5, 5410.0], [112965.0, 12670.0], [112962.5, 12000.0], [112957.5, 15710.0], [112955.0, 3410.0], [112945.0, 4030.0]], "asks": [[113032.5, 4780.0], [113035.0, 3050.0], [113037.5, 10160.0], [113040.0, 5000.0], [113057.5, 670.0], [113062.5, 1020.0], [113065.0, 3410.0], [113097.5, 1030.0], [113100.0, 3420.0], [113102.5, 10000.0], [113112.5, 8310.0], [113115.0, 16300.0], [113157.5, 1000.0], [113160.0, 3330.0], [113170.0, 8500.0], [113172.5, 28340.0], [113190.0, 7020.0], [113192.5, 23410.0], [113197.5, 40.0], [113245.0, 25250.0]]}}}
{"jsonrpc": "2.0", "method": "subscription", "params": {"channel": "book.BTC-22AUG25.none.20.100ms", "data": {"timestamp": 1755790001949, "change_id": 114389144748, "instrument_name": "BTC-22AUG25", "bids": [[113027.5, 3410.0], [113025.0, 920.0], [113020.0, 3300.0], [113017.5, 40.0], [113015.0, 15050.0], [113012.5, 45390.0], [113010.0, 4780.0], [113007.5, 10390.0], [113005.0, 34620.0], [113002.5, 10000.0], [112997.5, 160.0], [112982.5, 1020.0], [112980.0, 3410.0], [112975.0, 3000.0], [112967.5, 5410.0], [112965.0, 12670.0], [112962.5, 12000.0], [112957.5, 15710.0], [112955.0, 3410.0], [112945.0, 4030.0]], "asks": [[113032.5, 4780.0], [113035.0, 4550.0], [113037.5, 10160.0], [113040.0, 5000.0], [113057.5, 670.0], [113062.5, 1020.0], [113065.0, 3410.0], [113097.5, 1030.0], [113100.0, 3420.0], [113102.5, 10000.0], [113112.5, 8310.0], [113115.0, 16300.0], [113157.5, 1000.0], [113160.0, 3330.0], [113170.0, 8500.0], [113172.5, 28340.0], [113190.0, 7020.0], [113192.5, 23410.0], [113197.5, 40.0], [113245.0, 25250.0]]}}}
{"jsonrpc": "2.0", "method": "subscription", "params": {"channel": "book.BTC-22AUG25.none.20.100ms", "data": {"timestamp": 1755790002234, "change_id": 114389145192, "instrument_name": "BTC-22AUG25", "bids": [[113025.0, 4330.0], [113020.0, 3300.0], [113017.5, 40.0], [113015.0, 15050.0], [113012.5, 45390.0], [113007.5, 10390.0], [113005.0, 34620.0], [113002.5, 10000.0], [112997.5, 160.0], [112982.5, 1020.0], [112980.0, 3410.0], [112977.5, 900.0], [112975.0, 3000.0], [112967.5, 5410.0], [112965.0, 12670.0], [112962.5, 12000.0], [112957.5, 15710.0], [112955.0, 3410.0], [112945.0, 4030.0], [112942.5, 3420.0]], "asks": [[113030.0, 10000.0], [113032.5, 4780.0], [113035.0, 1550.0], [113037.5, 160.0], [113040.0, 5000.0], [113057.5, 670.0], [113062.5, 1020.0], [113065.0, 3410.0], [113097.5, 1030.0], [113100.0, 6420.0], [113102.5, 10000.0], [113112.5, 8310.0], [113115.0, 16300.0], [113157.5, 1000.0], [113160.0, 3330.0], [113170.0, 8500.0], [113172.5, 28340.0], [113190.0, 7020.0], [113192.5, 23410.0], [113197.5, 40.0]]}}}
{"jsonrpc": "2.0", "method": "subscription", "params": {"channel": "book.BTC-22AUG25.none.20.100ms", "data": {"timestamp": 1755790002619, "change_id": 114389145706, "instrument_name": "BTC-22AUG25", "bids": [[113027.5, 3410.0], [113025.0, 5920.0], [113020.0, 3300.0], [113017.5, 40.0], [113015.0, 15050.0], [113012.5, 50170.0], [113007.5, 10390.0], [113005.0, 34620.0], [113002.5, 10000.0], [112997.5, 160.0], [112982.5, 1020.0], [112980.0, 3410.0], [112977.5, 900.0], [112975.0, 3000.0], [112967.5, 5410.0], [112962.5, 12000.0], [112957.5, 15710.0], [112955.0, 3410.0], [112945.0, 4030.0], [112942.5, 3420.0]], "asks": [[113030.0, 10000.0], [113032.5, 4780.0], [113037.5, 1660.0], [113040.0, 5000.0], [113057.5, 670.0], [113062.5, 1020.0], [113065.0, 3410.0], [113097.5, 1030.0], [113100.0, 6420.0], [113102.5, 10000.0], [113112.5, 8310.0], [113115.0, 16300.0], [113157.5, 1000.0], [113160.0, 3330.0], [113170.0, 8500.0], [113172.5, 28340.0], [113190.0, 7020.0], [113192.5, 23410.0], [113197.5, 40.0], [113245.0, 25250.0]]}}}
{"jsonrpc": "2.0", "method": "subscription", "params": {"channel": "book.BTC-22AUG25.none.20.100ms", "data": {"timestamp": 1755790002633, "change_id": 114389145728, "instrument_name": "BTC-22AUG25", "bids": [[113027.5, 3410.0], [113025.0, 5920.0], [113020.0, 3300.0], [113017.5, 40.0], [113015.0, 15050.0], [113012.5, 50170.0], [113007.5, 10390.0], [113005.0, 34620.0], [113002.5, 10000.0], [112997.5, 160.0], [112992.5, 3410.0], [112985.0, 12670.0], [112982.5, 1020.0], [112980.0, 3410.0], [112977.5, 900.0], [112975.0, 3000.0], [112967.5, 5410.0], [112962.5, 12000.0], [112957.5, 15710.0], [112955.0, 3410.0]], "asks": [[113030.0, 10000.0], [113032.5, 4780.0], [113037.5, 1660.0], [113040.0, 5000.0], [113057.5, 670.0], [113062.5, 1020.0], [113065.0, 3410.0], [113097.5, 1030.0], [113100.0, 6420.0], [113102.5, 10000.0], [113112.5, 8310.0], [113115.0, 16300.0], [113155.0, 24930.0], [113157.5, 1000.0], [113160.0, 3330.0], [113170.0, 1020.0], [113172.5, 3410.0], [113190.0, 7020.0], [113192.5, 23410.0], [113197.5, 40.0]]}}}
{"jsonrpc": "2.0", "method": "subscription", "params": {"channel": "book.BTC-22AUG25.none.20.100ms", "data": {"timestamp": 1755790003137, "change_id": 114389146594, "instrument_name": "BTC-22AUG25", "bids": [[113035.0, 3410.0], [113032.5, 1500.0], [113030.0, 5000.0], [113025.0, 1900.0], [113020.0, 6710.0], [113017.5, 40.0], [113015.0, 15050.0], [113012.5, 50170.0], [113007.5, 10390.0], [113005.0, 34620.0], [113002.5, 10000.0], [112997.5, 160.0], [112992.5, 3410.0], [112985.0, 12670.0], [112982.5, 1020.0], [112980.0, 3410.0], [112975.0, 3000.0], [112967.5, 5410.0], [112962.5, 12000.0], [112957.5, 15710.0]], "asks": [[113037.5, 4940.0], [113042.5, 3000.0], [113045.0, 11500.0], [113047.5, 5000.0], [113057.5, 670.0], [113062.5, 1020.0], [113065.0, 3410.0], [113097.5, 1030.0], [113100.0, 6420.0], [113102.5, 10000.0], [113112.5, 3420.0], [113115.0, 16300.0], [113155.0, 24930.0], [113157.5, 1000.0], [113160.0, 3330.0], [113170.0, 1020.0], [113172.5, 3410.0], [113190.0, 7020.0], [113192.5, 23410.0], [113197.5, 40.0]]}}}
{"jsonrpc": "2.0", "method": "subscription", "params": {"channel": "book.BTC-22AUG25.none.20.100ms", "data": {"timestamp": 1755790003334, "change_id": 114389146952, "instrument_name": "BTC-22AUG25", "bids": [[113035.0, 3410.0], [113032.5, 1500.0], [113030.0, 5000.0], [113025.0, 1900.0], [113020.0, 6710.0], [113017.5, 40.0], [113015.0, 15050.0], [113012.5, 50170.0], [113010.0, 10000.0], [113007.5, 10390.0], [113005.0, 34620.0], [112997.5, 160.0], [112992.5, 3410.0], [112987.5, 3800.0], [112985.0, 12670.0], [112982.5, 1020.0], [112980.0, 3410.0], [112975.0, 3000.0], [112967.5, 5410.0], [112962.5, 12000.0]], "asks": [[113037.5, 14940.0], [113045.0, 1500.0], [113047.5, 5000.0], [113057.5, 670.0], [113062.5, 1020.0], [113065.0, 3410.0], [113097.5, 1030.0], [113100.0, 6420.0], [113102.5, 10000.0], [113112.5, 8310.0], [113115.0, 16300.0], [113155.0, 24930.0], [113157.5, 1000.0], [113160.0, 3330.0], [113170.0, 1020.0], [113172.5, 3410.0], [113190.0, 7020.0], [113192.5, 23410.0], [113197.5, 40.0], [113245.0, 25250.0]]}}}
{"jsonrpc": "2.0", "method": "subscription", "params": {"channel": "book.BTC-22AUG25.none.20.100ms", "data": {"timestamp": 1755790003825, "change_id": 114389147849, "instrument_name": "BTC-22AUG25", "bids": [[113035.0, 6410.0], [113032.5, 1500.0], [113030.0, 5000.0], [113025.0, 3210.0], [113020.0, 11490.0], [113017.5, 40.0], [113015.0, 15050.0], [113012.5, 43450.0], [113010.0, 10000.0], [113007.5, 10390.0], [113005.0, 34620.0], [112997.5, 160.0], [112992.5, 5410.0], [112987.5, 3800.0], [112985.0, 12670.0], [112982.5, 1020.0], [112980.0, 3410.0], [112975.0, 3000.0], [112967.5, 3410.0], [112962.5, 12000.0]], "asks": [[113037.5, 14940.0], [113052.5, 1500.0], [113055.0, 5000.0], [113057.5, 670.0], [113062.5, 1020.0], [113065.0, 3410.0], [113097.5, 1030.0], [113100.0, 6420.0], [113102.5, 10000.0], [113112.5, 8310.0], [113115.0, 16300.0], [113155.0, 24930.0], [113157.5, 1000.0], [113160.0, 3330.0], [113170.0, 1020.0], [113172.5, 3410.0], [113190.0, 7020.0], [113192.5, 23410.0], [113197.5, 40.0], [113245.0, 25250.0]]}}}
{"jsonrpc": "2.0", "method": "subscription", "params": {"channel": "book.BTC-22AUG25.none.20.100ms", "data": {"timestamp": 1755790004270, "change_id": 114389148421, "instrument_name": "BTC-22AUG25", "bids": [[113035.0, 3000.0], [113032.5, 1500.0], [113030.0, 5000.0], [113025.0, 1900.0], [113020.0, 6710.0], [113017.5, 40.0], [113015.0, 15050.0], [113012.5, 43450.0], [113010.0, 10000.0], [113007.5, 10390.0], [113005.0, 34620.0], [112997.5, 160.0], [112992.5, 5410.0], [112987.5, 3800.0], [112985.0, 12670.0], [112982.5, 1020.0], [112980.0, 3410.0], [112975.0, 3000.0], [112967.5, 3410.0], [112962.5, 12000.0]], "asks": [[113037.5, 14940.0], [113057.5, 670.0], [113062.5, 1020.0], [113065.0, 3410.0], [113097.5, 1030.0], [113100.0, 6420.0], [113102.5, 10000.0], [113112.5, 8310.0], [113115.0, 16300.0], [113155.0, 24930.0], [113157.5, 1000.0], [113160.0, 3330.0], [113170.0, 1020.0], [113172.5, 3410.0], [113190.0, 7020.0], [113192.5, 23410.0], [113197.5, 40.0], [113245.0, 25250.0], [113285.0, 3400.0], [113287.5, 40.0]]}}}
{"jsonrpc": "2.0", "method": "subscription", "params": {"channel": "book.BTC-22AUG25.none.20.100ms", "data": {"timestamp": 1755790004482, "change_id": 114389148725, "instrument_name": "BTC-22AUG25", "bids": [[113035.0, 3000.0], [113025.0, 950.0], [113020.0, 4860.0], [113017.5, 4820.0], [113015.0, 15050.0], [113012.5, 43450.0], [113010.0, 10000.0], [113007.5, 10390.0], [113005.0, 34620.0], [112997.5, 160.0], [112995.0, 1620.0], [112992.5, 5410.0], [112987.5, 3800.0], [112985.0, 12670.0], [112980.0, 3410.0], [112975.0, 3000.0], [112967.5, 3410.0], [112962.5, 12000.0], [112957.5, 15710.0], [112955.0, 3410.0]], "asks": [[113037.5, 14940.0], [113057.5, 670.0], [113062.5, 1020.0], [113065.0, 3410.0], [113100.0, 6420.0], [113102.5, 10000.0], [113112.5, 8310.0], [113115.0, 16300.0], [113152.5, 7480.0], [113155.0, 24930.0], [113157.5, 1000.0], [113160.0, 3330.0], [113170.0, 1020.0], [113172.5, 3410.0], [113190.0, 7020.0], [113192.5, 23410.0], [113197.5, 40.0], [113245.0, 25250.0], [113285.0, 3400.0], [113287.5, 40.0]]}}}
{"jsonrpc": "2.0", "method": "subscription", "params": {"channel": "book.BTC-22AUG25.none.20.100ms", "data": {"timestamp": 1755790004925, "change_id": 114389149563, "instrument_name": "BTC-22AUG25", "bids": [[113025.0, 1800.0], [113022.5, 3000.0], [113020.0, 4860.0], [113017.5, 4820.0], [113015.0, 15050.0], [113012.5, 43450.0], [113010.0, 10000.0], [113007.5, 10390.0], [113005.0, 31620.0], [112995.0, 1620.0], [112992.5, 8410.0], [112987.5, 3800.0], [112985.0, 12670.0], [112982.5, 160.0], [112967.5, 3410.0], [112962.5, 15000.0], [112957.5, 15710.0], [112955.0, 3410.0], [112942.5, 3420.0], [112932.5, 2000.0]], "asks": [[113035.0, 5990.0], [113037.5, 14940.0], [113040.0, 5000.0], [113057.5, 670.0], [113062.5, 1020.0], [113065.0, 3410.0], [113100.0, 6420.0], [113102.5, 10000.0], [113112.5, 8310.0], [113115.0, 16300.0], [113152.5, 7480.0], [113155.0, 24930.0], [113157.5, 1000.0], [113160.0, 3330.0], [113170.0, 1020.0], [113172.5, 3410.0], [113190.0, 7020.0], [113192.5, 23410.0], [113197.5, 40.0], [113245.0, 25250.0]]}}}
{"jsonrpc": "2.0", "method": "subscription", "params": {"channel": "book.BTC-22AUG25.none.20.100ms", "data": {"timestamp": 1755790005173, "change_id": 114389150217, "instrument_name": "BTC-22AUG25", "bids": [[113017.5, 3450.0], [113015.0, 9170.0], [113012.5, 51450.0], [113005.0, 8110.0], [112997.5, 3000.0], [112995.0, 14820.0], [112992.5, 3410.0], [112990.0, 12670.0], [112982.5, 3000.0], [112980.0, 3410.0], [112967.5, 3410.0], [112962.5, 14160.0], [112957.5, 15710.0], [112955.0, 3410.0], [112952.5, 3000.0], [112942.5, 3420.0], [112932.5, 2000.0], [112927.5, 3390.0], [112925.0, 40.0], [112915.0, 3420.0]], "asks": [[113027.5, 9280.0], [113030.0, 15000.0], [113037.5, 160.0], [113057.5, 670.0], [113065.0, 3410.0], [113100.0, 6420.0], [113102.5, 10000.0], [113112.5, 8310.0], [113115.0, 16300.0], [113152.5, 7480.0], [113155.0, 24930.0], [113160.0, 3330.0], [113170.0, 1020.0], [113172.5, 3410.0], [113192.5, 23410.0], [113197.5, 40.0], [113245.0, 25250.0], [113285.0, 3400.0], [113287.5, 40.0], [113335.0, 3360.0]]}}}
{"jsonrpc": "2.0", "method": "subscription", "params": {"channel": "book.BTC-22AUG25.none.20.100ms", "data": {"timestamp": 1755790005570, "change_id": 114389150918, "instrument_name": "BTC-22AUG25", "bids": [[113017.5, 40.0], [113015.0, 9170.0], [113012.5, 51450.0], [113005.0, 8110.0], [112997.5, 3000.0], [112995.0, 14820.0], [112992.5, 3410.0], [112990.0, 12670.0], [112985.0, 1920.0], [112982.5, 3000.0], [112980.0, 3410.0], [112970.0, 1020.0], [112967.5, 3410.0], [112965.0, 4250.0], [112962.5, 14160.0], [112960.0, 5740.0], [112957.5, 15710.0], [112955.0, 4310.0], [112952.5, 3000.0], [112945.0, 1030.0]], "asks": [[113022.5, 10000.0], [113025.0, 2930.0], [113027.5, 4780.0], [113030.0, 5000.0], [113037.5, 160.0], [113057.5, 670.0], [113062.5, 1020.0], [113065.0, 3410.0], [113097.5, 1030.0], [113100.0, 6420.0], [113102.5, 10000.0], [113112.5, 8310.0], [113115.0, 16300.0], [113152.5, 7480.0], [113155.0, 24930.0], [113157.5, 1000.0], [113160.0, 3330.0], [113170.0, 1020.0], [113172.5, 3410.0], [113190.0, 7020.0]]}}}
{"jsonrpc": "2.0", "method": "subscription", "params": {"channel": "book.BTC-22AUG25.none.20.100ms", "data": {"timestamp": 1755790005772, "change_id": 114389151507, "instrument_name": "BTC-22AUG25", "bids": [[113017.5, 40.0], [113015.0, 9170.0], [113012.5, 51450.0], [113005.0, 3330.0], [113002.5, 7690.0], [113000.0, 25640.0], [112997.5, 7780.0], [112995.0, 10000.0], [112992.5, 3410.0], [112987.5, 3800.0], [112985.0, 14590.0], [112982.5, 3000.0], [112980.0, 3410.0], [112975.0, 160.0], [112970.0, 1020.0], [112967.5, 3410.0], [112965.0, 4250.0], [112962.5, 14000.0], [112960.0, 5740.0], [112957.5, 15710.0]], "asks": [[113020.0, 4780.0], [113022.5, 10000.0], [113025.0, 160.0], [113030.0, 5000.0], [113057.5, 670.0], [113062.5, 1020.0], [113065.0, 3410.0], [113097.5, 1030.0], [113100.0, 6420.0], [113102.5, 10000.0], [113112.5, 8310.0], [113115.0, 16300.0], [113152.5, 7480.0], [113155.0, 24930.0], [113157.5, 1000.0], [113160.0, 3330.0], [113170.0, 1020.0], [113172.5, 3410.0], [113190.0, 7020.0], [113192.5, 23410.0]]}}}
{"jsonrpc": "2.0", "method": "subscription", "params": {"channel": "book.BTC-22AUG25.none.20.100ms", "data": {"timestamp": 1755790006188, "change_id": 114389152517, "instrument_name": "BTC-22AUG25", "bids": [[113017.5, 40.0], [113012.5, 43450.0], [113005.0, 8330.0], [113000.0, 3000.0], [112997.5, 4780.0], [112992.5, 3410.0], [112985.0, 12670.0], [112982.5, 10000.0], [112980.0, 3410.0], [112975.0, 160.0], [112970.0, 3000.0], [112967.5, 3410.0], [112962.5, 14000.0], [112955.0, 3410.0], [112942.5, 3420.0], [112940.0, 3000.0], [112937.5, 16120.0], [112932.5, 2000.0], [112927.5, 3390.0], [112925.0, 40.0]], "asks": [[113020.0, 4780.0], [113022.5, 10000.0], [113025.0, 5160.0], [113045.0, 3410.0], [113057.5, 670.0], [113060.0, 15670.0], [113065.0, 3410.0], [113100.0, 3420.0], [113102.5, 10000.0], [113112.5, 3420.0], [113155.0, 44930.0], [113160.0, 3330.0], [113172.5, 3410.0], [113192.5, 3410.0], [113197.5, 40.0], [113245.0, 25250.0], [113285.0, 3400.0], [113287.5, 40.0], [113335.0, 3360.0], [113360.0, 105000.0]]}}}
{"jsonrpc": "2.0", "method": "subscription", "params": {"channel": "book.BTC-22AUG25.none.20.100ms", "data": {"timestamp": 1755790006560, "change_id": 114389153373, "instrument_name": "BTC-22AUG25", "bids": [[113017.5, 40.0], [113012.5, 43450.0], [113010.0, 5000.0], [113005.0, 3330.0], [113000.0, 3000.0], [112992.5, 3410.0], [112990.0, 4780.0], [112987.5, 25770.0], [112985.0, 12670.0], [112982.5, 10000.0], [112980.0, 3410.0], [112975.0, 160.0], [112970.0, 3000.0], [112967.5, 3410.0], [112962.5, 14000.0], [112955.0, 3410.0], [112942.5, 3420.0], [112940.0, 3000.0], [112937.5, 16120.0], [112932.5, 2000.0]], "asks": [[113020.0, 4780.0], [113022.5, 10000.0], [113025.0, 5160.0], [113045.0, 3410.0], [113057.5, 670.0], [113060.0, 15670.0], [113065.0, 3410.0], [113100.0, 3420.0], [113102.5, 10000.0], [113112.5, 3420.0], [113155.0, 44930.0], [113160.0, 3330.0], [113172.5, 3410.0], [113192.5, 3410.0], [113197.5, 40.0], [113245.0, 25250.0], [113285.0, 3400.0], [113287.5, 40.0], [113335.0, 3360.0], [113360.0, 105000.0]]}}}
{"jsonrpc": "2.0", "method": "subscription", "params": {"channel": "book.BTC-22AUG25.none.20.100ms", "data": {"timestamp": 1755790006835, "change_id": 114389154045, "instrument_name": "BTC-22AUG25", "bids": [[113017.5, 40.0], [113015.0, 3050.0], [113012.5, 43450.0], [113010.0, 5000.0], [113007.5, 1000.0], [113005.0, 3330.0], [113000.0, 3000.0], [112992.5, 3410.0], [112987.5, 25770.0], [112985.0, 12670.0], [112982.5, 10000.0], [112980.0, 3410.0], [112975.0, 160.0], [112970.0, 3000.0], [112967.5, 3410.0], [112962.5, 14000.0], [112955.0, 3410.0], [112942.5, 3420.0], [112940.0, 3000.0], [112937.5, 16120.0]], "asks": [[113020.0, 4780.0], [113022.5, 11550.0], [113025.0, 5160.0], [113045.0, 3410.0], [113057.5, 670.0], [113060.0, 15670.0], [113065.0, 3410.0], [113100.0, 3420.0], [113102.5, 10000.0], [113112.5, 3420.0], [113155.0, 44930.0], [113160.0, 3330.0], [113172.5, 3410.0], [113192.5, 3410.0], [113197.5, 40.0], [113245.0, 25250.0], [113285.0, 3400.0], [113287.5, 40.0], [113335.0, 3360.0], [113360.0, 105000.0]]}}}
{"jsonrpc": "2.0", "method": "subscription", "params": {"channel": "book.BTC-22AUG25.none.20.100ms", "data": {"timestamp": 1755790007217, "change_id": 114389154690, "instrument_name": "BTC-22AUG25", "bids": [[113017.5, 40.0], [113012.5, 43450.0], [113010.0, 5000.0], [113007.5, 1000.0], [113005.0, 3330.0], [113002.5, 900.0], [113000.0, 3000.0], [112997.5, 1430.0], [112995.0, 5800.0], [112992.5, 3410.0], [112990.0, 11530.0], [112987.5, 25770.0], [112985.0, 16690.0], [112982.5, 10000.0], [112980.0, 3410.0], [112975.0, 160.0], [112972.5, 900.0], [112970.0, 4020.0], [112967.5, 3410.0], [112965.0, 4200.0]], "asks": [[113020.0, 4780.0], [113022.5, 11550.0], [113025.0, 5160.0], [113042.5, 1020.0], [113045.0, 3410.0], [113057.5, 5370.0], [113060.0, 15670.0], [113097.5, 1030.0], [113100.0, 6420.0], [113102.5, 10000.0], [113110.0, 1030.0], [113112.5, 3420.0], [113152.5, 13480.0], [113155.0, 44930.0], [113157.5, 1000.0], [113160.0, 3330.0], [113170.0, 1020.0], [113172.5, 3410.0], [113192.5, 3410.0], [113197.5, 40.0]]}}}
{"jsonrpc": "2.0", "method": "subscription", "params": {"channel": "book.BTC-22AUG25.none.20.100ms", "data": {"timestamp": 1755790007571, "change_id": 114389155110, "instrument_name": "BTC-22AUG25", "bids": [[113017.5, 40.0], [113012.5, 43450.0], [113007.5, 1000.0], [113005.0, 3330.0], [113002.5, 900.0], [113000.0, 3000.0], [112997.5, 1430.0], [112995.0, 5800.0], [112992.5, 3410.0], [112990.0, 11530.0], [112987.5, 25770.0], [112985.0, 12670.0], [112980.0, 3410.0], [112975.0, 160.0], [112972.5, 900.0], [112970.0, 4020.0], [112967.5, 3410.0], [112965.0, 4200.0], [112962.5, 14000.0], [112957.5, 1000.0]], "asks": [[113020.0, 4780.0], [113022.5, 11550.0], [113025.0, 5160.0], [113042.5, 1020.0], [113045.0, 3410.0], [113057.5, 5370.0], [113060.0, 15670.0], [113097.5, 1030.0], [113100.0, 6420.0], [113102.5, 10000.0], [113110.0, 1030.0], [113112.5, 3420.0], [113152.5, 13480.0], [113155.0, 44930.0], [113157.5, 1000.0], [113160.0, 3330.0], [113170.0, 1020.0], [113172.5, 3410.0], [113192.5, 3410.0], [113197.5, 40.0]]}}}
{"jsonrpc": "2.0", "method": "subscription", "params": {"channel": "book.BTC-22AUG25.none.20.100ms", "data": {"timestamp": 1755790007846, "change_id": 114389156027, "instrument_name": "BTC-22AUG25", "bids": [[113017.5, 40.0], [113012.5, 43450.0], [113007.5, 1000.0], [113005.0, 4230.0], [113000.0, 3000.0], [112997.5, 1430.0], [112995.0, 5800.0], [112992.5, 3410.0], [112990.0, 3800.0], [112985.0, 12670.0], [112982.5, 3900.0], [112980.0, 13410.0], [112975.0, 160.0], [112972.5, 590.0], [112970.0, 4020.0], [112967.5, 3410.0], [112965.0, 4200.0], [112962.5, 14000.0], [112957.5, 1000.0], [112955.0, 3320.0]], "asks": [[113020.0, 4780.0], [113022.5, 11550.0], [113025.0, 5160.0], [113042.5, 1020.0], [113045.0, 3410.0], [113057.5, 5370.0], [113060.0, 15670.0], [113097.5, 1030.0], [113100.0, 6420.0], [113102.5, 10000.0], [113110.0, 1030.0], [113112.5, 3420.0], [113152.5, 13480.0], [113155.0, 44930.0], [113157.5, 1000.0], [113160.0, 3330.0], [113170.0, 1020.0], [113172.5, 3410.0], [113192.5, 3410.0], [113197.5, 40.0]]}}}
{"jsonrpc": "2.0", "method": "subscription", "params": {"channel": "book.BTC-22AUG25.none.20.100ms", "data": {"timestamp": 1755790008224, "change_id": 114389156549, "instrument_name": "BTC-22AUG25", "bids": [[113017.5, 40.0], [113015.0, 2000.0], [113012.5, 43450.0], [113007.5, 1000.0], [113005.0, 4230.0], [113000.0, 4430.0], [112997.5, 4780.0], [112995.0, 1020.0], [112992.5, 3410.0], [112990.0, 3800.0], [112985.0, 12670.0], [112982.5, 3900.0], [112980.0, 13410.0], [112975.0, 160.0], [112972.5, 590.0], [112970.0, 4020.0], [112967.5, 3410.0], [112965.0, 4200.0], [112962.5, 14000.0], [112957.5, 1000.0]], "asks": [[113020.0, 4780.0], [113022.5, 11550.0], [113025.0, 5160.0], [113042.5, 1020.0], [113045.0, 3410.0], [113057.5, 5370.0], [113060.0, 15670.0], [113097.5, 1030.0], [113100.0, 6420.0], [113102.5, 10000.0], [113110.0, 1030.0], [113112.5, 3420.0], [113152.5, 13480.0], [113155.0, 44930.0], [113157.5, 1000.0], [113160.0, 3330.0], [113170.0, 1020.0], [113172.5, 3410.0], [113192.5, 3410.0], [113197.5, 40.0]]}}}
{"jsonrpc": "2.0", "method": "subscription", "params": {"channel": "book.BTC-22AUG25.none.20.100ms", "data": {"timestamp": 1755790008528, "change_id": 114389156843, "instrument_name": "BTC-22AUG25", "bids": [[113017.5, 40.0], [113015.0, 2000.0], [113012.5, 43450.0], [113007.5, 1000.0], [113005.0, 4230.0], [113000.0, 4430.0], [112997.5, 4780.0], [112995.0, 1020.0], [112992.5, 3410.0], [112990.0, 6330.0], [112987.5, 10000.0], [112985.0, 12670.0], [112982.5, 1020.0], [112980.0, 3410.0], [112975.0, 160.0], [112972.5, 590.0], [112970.0, 4020.0], [112967.5, 3410.0], [112965.0, 4200.0], [112962.5, 14000.0]], "asks": [[113020.0, 4780.0], [113022.5, 11550.0], [113025.0, 5160.0], [113042.5, 1020.0], [113045.0, 3410.0], [113057.5, 5370.0], [113060.0, 15670.0], [113097.5, 1030.0], [113100.0, 6420.0], [113102.5, 10000.0], [113110.0, 1030.0], [113112.5, 3420.0], [113152.5, 13480.0], [113155.0, 44930.0], [113157.5, 1000.0], [113160.0, 3330.0], [113170.0, 1020.0], [113172.5, 3410.0], [113190.0, 1020.0], [113192.5, 3410.0]]}}}
{"jsonrpc": "2.0", "method": "subscription", "params": {"channel": "book.BTC-22AUG25.none.20.100ms", "data": {"timestamp": 1755790009203, "change_id": 114389158620, "instrument_name": "BTC-22AUG25", "bids": [[113017.5, 40.0], [113005.0, 2290.0], [113000.0, 8000.0], [112995.0, 12360.0], [112992.5, 43840.0], [112990.0, 8580.0], [112987.5, 2100.0], [112985.0, 12670.0], [112982.5, 1020.0], [112980.0, 13410.0], [112970.0, 4020.0], [112967.5, 3410.0], [112962.5, 2000.0], [112960.0, 160.0], [112957.5, 1000.0], [112955.0, 3320.0], [112950.0, 2000.0], [112945.0, 46050.0], [112942.5, 3420.0], [112940.0, 10230.0]], "asks": [[113020.0, 8100.0], [113022.5, 11550.0], [113025.0, 5160.0], [113042.5, 1020.0], [113045.0, 3410.0], [113057.5, 5370.0], [113060.0, 15670.0], [113097.5, 1030.0], [113100.0, 6420.0], [113102.5, 10000.0], [113110.0, 1030.0], [113112.5, 3420.0], [113152.5, 13480.0], [113155.0, 44930.0], [113157.5, 1000.0], [113160.0, 3330.0], [113170.0, 1020.0], [113172.5, 3410.0], [113190.0, 1020.0], [113192.5, 3410.0]]}}}
{"jsonrpc": "2.0", "method": "subscription", "params": {"channel": "book.BTC-22AUG25.none.20.100ms", "data": {"timestamp": 1755790009531, "change_id": 114389159396, "instrument_name": "BTC-22AUG25", "bids": [[113017.5, 40.0], [113005.0, 900.0], [113000.0, 3000.0], [112995.0, 12360.0], [112992.5, 48840.0], [112990.0, 3800.0], [112987.5, 2100.0], [112985.0, 12670.0], [112982.5, 1020.0], [112980.0, 3410.0], [112970.0, 14020.0], [112967.5, 3410.0], [112962.5, 2000.0], [112960.0, 160.0], [112957.5, 1000.0], [112955.0, 3320.0], [112950.0, 2000.0], [112945.0, 46050.0], [112942.5, 3420.0], [112940.0, 10230.0]], "asks": [[113020.0, 8100.0], [113022.5, 11550.0], [113025.0, 5160.0], [113042.5, 1020.0], [113045.0, 3410.0], [113057.5, 5370.0], [113060.0, 15670.0], [113075.0, 3000.0], [113077.5, 10000.0], [113097.5, 1030.0], [113100.0, 3420.0], [113110.0, 1030.0], [113112.5, 3420.0], [113152.5, 13480.0], [113155.0, 44930.0], [113157.5, 1000.0], [113160.0, 3330.0], [113170.0, 1020.0], [113172.5, 3410.0], [113190.0, 1020.0]]}}}
{"jsonrpc": "2.0", "method": "subscription", "params": {"channel": "book.BTC-22AUG25.none.20.100ms", "data": {"timestamp": 1755790009623, "change_id": 114389159863, "instrument_name": "BTC-22AUG25", "bids": [[113017.5, 40.0], [113005.0, 900.0], [113000.0, 3000.0], [112995.0, 12360.0], [112992.5, 48840.0], [112990.0, 3800.0], [112987.5, 6880.0], [112985.0, 12670.0], [112970.0, 14020.0], [112967.5, 3410.0], [112962.5, 2000.0], [112960.0, 160.0], [112957.5, 1000.0], [112955.0, 3320.0], [112950.0, 2000.0], [112945.0, 46050.0], [112942.5, 3420.0], [112940.0, 10230.0], [112937.5, 16120.0], [112935.0, 10000.0]], "asks": [[113020.0, 8100.0], [113022.5, 11550.0], [113025.0, 5160.0], [113042.5, 1020.0], [113045.0, 3410.0], [113057.5, 5370.0], [113060.0, 15670.0], [113075.0, 3000.0], [113077.5, 10000.0], [113097.5, 1030.0], [113100.0, 3420.0], [113110.0, 1030.0], [113112.5, 3420.0], [113152.5, 13480.0], [113155.0, 44930.0], [113157.5, 1000.0], [113160.0, 3330.0], [113170.0, 1020.0], [113172.5, 3410.0], [113190.0, 1020.0]]}}}
{"jsonrpc": "2.0", "method": "subscription", "params": {"channel": "book.BTC-22AUG25.none.20.100ms", "data": {"timestamp": 1755790010174, "change_id": 114389162229, "instrument_name": "BTC-22AUG25", "bids": [[113017.5, 40.0], [112992.5, 900.0], [112990.0, 3000.0], [112982.5, 1430.0], [112980.0, 4780.0], [112970.0, 11020.0], [112967.5, 3410.0], [112962.5, 12670.0], [112960.0, 3000.0], [112955.0, 7460.0], [112945.0, 44120.0], [112942.5, 3580.0], [112940.0, 2000.0], [112935.0, 12000.0], [112930.0, 3000.0], [112927.5, 3390.0], [112925.0, 40.0], [112920.0, 16260.0], [112915.0, 3420.0], [112910.0, 2000.0]], "asks": [[113020.0, 8100.0], [113022.5, 11550.0], [113025.0, 5160.0], [113042.5, 1020.0], [113045.0, 3410.0], [113057.5, 5370.0], [113060.0, 15670.0], [113077.5, 10000.0], [113097.5, 1030.0], [113100.0, 3420.0], [113105.0, 7480.0], [113107.5, 24930.0], [113110.0, 1030.0], [113112.5, 3420.0], [113152.5, 6000.0], [113155.0, 20000.0], [113157.5, 1000.0], [113160.0, 3330.0], [113170.0, 1020.0], [113172.5, 3410.0]]}}}
{"jsonrpc": "2.0", "method": "subscription", "params": {"channel": "book.BTC-22AUG25.none.20.100ms", "data": {"timestamp": 1755790010454, "change_id": 114389162936, "instrument_name": "BTC-22AUG25", "bids": [[113017.5, 40.0], [112992.5, 900.0], [112990.0, 3000.0], [112982.5, 1430.0], [112980.0, 4780.0], [112970.0, 10000.0], [112962.5, 12670.0], [112960.0, 3000.0], [112955.0, 7460.0], [112945.0, 44120.0], [112942.5, 3580.0], [112940.0, 2000.0], [112935.0, 12000.0], [112930.0, 3000.0], [112927.5, 3390.0], [112925.0, 40.0], [112920.0, 16260.0], [112915.0, 3420.0], [112910.0, 2000.0], [112905.0, 200.0]], "asks": [[113020.0, 8100.0], [113022.5, 11550.0], [113025.0, 5160.0], [113042.5, 1020.0], [113045.0, 3410.0], [113057.5, 5370.0], [113060.0, 15670.0], [113077.5, 10000.0], [113097.5, 1030.0], [113100.0, 3420.0], [113105.0, 7480.0], [113107.5, 24930.0], [113110.0, 1030.0], [113112.5, 3420.0], [113152.5, 6000.0], [113155.0, 20000.0], [113157.5, 1000.0], [113160.0, 3330.0], [113170.0, 1020.0], [113172.5, 3410.0]]}}}
{"jsonrpc": "2.0", "method": "subscription", "params": {"channel": "book.BTC-22AUG25.none.20.100ms", "data": {"timestamp": 1755790010849, "change_id": 114389163853, "instrument_name": "BTC-22AUG25", "bids": [[113017.5, 40.0], [112992.5, 900.0], [112990.0, 3000.0], [112970.0, 10000.0], [112962.5, 12670.0], [112960.0, 3000.0], [112955.0, 7460.0], [112945.0, 44120.0], [112942.5, 3580.0], [112940.0, 2000.0], [112935.0, 12000.0], [112930.0, 3000.0], [112927.5, 3390.0], [112925.0, 40.0], [112920.0, 16260.0], [112915.0, 3420.0], [112910.0, 2000.0], [112905.0, 200.0], [112902.5, 3420.0], [112890.0, 3410.0]], "asks": [[113020.0, 8100.0], [113022.5, 11550.0], [113025.0, 5160.0], [113042.5, 1020.0], [113045.0, 3410.0], [113057.5, 5370.0], [113060.0, 15670.0], [113077.5, 10000.0], [113097.5, 1030.0], [113100.0, 3420.0], [113105.0, 7480.0], [113107.5, 24930.0], [113110.0, 1030.0], [113112.5, 3420.0], [113152.5, 6000.0], [113155.0, 20000.0], [113157.5, 1000.0], [113160.0, 3330.0], [113170.0, 1020.0], [113172.5, 3410.0]]}}}
{"jsonrpc": "2.0", "method": "subscription", "params": {"channel": "book.BTC-22AUG25.none.20.100ms", "data": {"timestamp": 1755790011191, "change_id": 114389164306, "instrument_name": "BTC-22AUG25", "bids": [[113017.5, 40.0], [112995.0, 2400.0], [112992.5, 5000.0], [112990.0, 3000.0], [112977.5, 4780.0], [112970.0, 10000.0], [112965.0, 4700.0], [112962.5, 12670.0], [112960.0, 3000.0], [112955.0, 7460.0], [112945.0, 44120.0], [112942.5, 3580.0], [112940.0, 2000.0], [112935.0, 12000.0], [112932.5, 900.0], [112930.0, 3000.0], [112927.5, 3390.0], [112925.0, 40.0], [112920.0, 16260.0], [112915.0, 3420.0]], "asks": [[113020.0, 8100.0], [113022.5, 11550.0], [113025.0, 5160.0], [113042.5, 1020.0], [113045.0, 3410.0], [113057.5, 5370.0], [113060.0, 15670.0], [113075.0, 3000.0], [113077.5, 10000.0], [113097.5, 1030.0], [113100.0, 3420.0], [113105.0, 7480.0], [113107.5, 24930.0], [113110.0, 1030.0], [113112.5, 3420.0], [113152.5, 6000.0], [113155.0, 20000.0], [113157.5, 1000.0], [113160.0, 3330.0], [113170.0, 1020.0]]}}}
{"jsonrpc": "2.0", "method": "subscription", "params": {"channel": "book.BTC-22AUG25.none.20.100ms", "data": {"timestamp": 1755790011425, "change_id": 114389164760, "instrument_name": "BTC-22AUG25", "bids": [[113017.5, 40.0], [112995.0, 2400.0], [112992.5, 5000.0], [112990.0, 3000.0], [112977.5, 4780.0], [112970.0, 10000.0], [112965.0, 4700.0], [112962.5, 12670.0], [112960.0, 3000.0], [112955.0, 7620.0], [112945.0, 44120.0], [112942.5, 3420.0], [112940.0, 2000.0], [112935.0, 12000.0], [112932.5, 900.0], [112930.0, 3000.0], [112927.5, 3390.0], [112925.0, 40.0], [112920.0, 16260.0], [112915.0, 3420.0]], "asks": [[113020.0, 8100.0], [113022.5, 11550.0], [113025.0, 5160.0], [113042.5, 1020.0], [113045.0, 3410.0], [113057.5, 5370.0], [113060.0, 15670.0], [113075.0, 3000.0], [113077.5, 10000.0], [113097.5, 1030.0], [113100.0, 3420.0], [113105.0, 7480.0], [113107.5, 24930.0], [113110.0, 1030.0], [113112.5, 3420.0], [113152.5, 6000.0], [113155.0, 20000.0], [113157.5, 1000.0], [113160.0, 3330.0], [113170.0, 1020.0]]}}}
{"jsonrpc": "2.0", "method": "subscription", "params": {"channel": "book.BTC-22AUG25.none.20.100ms", "data": {"timestamp": 1755790011798, "change_id": 114389165410, "instrument_name": "BTC-22AUG25", "bids": [[113017.5, 40.0], [112995.0, 2400.0], [112992.5, 5000.0], [112990.0, 3000.0], [112977.5, 4780.0], [112970.0, 10000.0], [112965.0, 4700.0], [112962.5, 12670.0], [112960.0, 3000.0], [112955.0, 7620.0], [112945.0, 44120.0], [112942.5, 3420.0], [112940.0, 2000.0], [112935.0, 12000.0], [112932.5, 900.0], [112930.0, 3000.0], [112927.5, 3390.0], [112925.0, 40.0], [112920.0, 16260.0], [112915.0, 3420.0]], "asks": [[113020.0, 8100.0], [113022.5, 11550.0], [113025.0, 5160.0], [113042.5, 1020.0], [113045.0, 3410.0], [113057.5, 5370.0], [113060.0, 15670.0], [113075.0, 3000.0], [113077.5, 10000.0], [113097.5, 1030.0], [113100.0, 3420.0], [113105.0, 7480.0], [113107.5, 24930.0], [113110.0, 1030.0], [113112.5, 3420.0], [113152.5, 6000.0], [113155.0, 20000.0], [113157.5, 1000.0], [113160.0, 3330.0], [113170.0, 1020.0]]}}}
{"jsonrpc": "2.0", "method": "subscription", "params": {"channel": "book.BTC-22AUG25.none.20.100ms", "data": {"timestamp": 1755790011944, "change_id": 114389165630, "instrument_name": "BTC-22AUG25", "bids": [[113017.5, 40.0], [112995.0, 2400.0], [112992.5, 5000.0], [112990.0, 3000.0], [112977.5, 4780.0], [112970.0, 10000.0], [112965.0, 4700.0], [112962.5, 12670.0], [112960.0, 3000.0], [112955.0, 3480.0], [112945.0, 44120.0], [112942.5, 3420.0], [112940.0, 2000.0], [112935.0, 12000.0], [112932.5, 900.0], [112930.0, 3000.0], [112927.5, 3390.0], [112925.0, 40.0], [112920.0, 16260.0], [112915.0, 3420.0]], "asks": [[113020.0, 8100.0], [113022.5, 11550.0], [113025.0, 5160.0], [113042.5, 1020.0], [113045.0, 3410.0], [113057.5, 5370.0], [113060.0, 15670.0], [113075.0, 3000.0], [113077.5, 10000.0], [113097.5, 1030.0], [113100.0, 3420.0], [113105.0, 7480.0], [113107.5, 24930.0], [113110.0, 1030.0], [113112.5, 3420.0], [113152.5, 6000.0], [113155.0, 20000.0], [113157.5, 1000.0], [113160.0, 3330.0], [113170.0, 1020.0]]}}}
{"jsonrpc": "2.0", "method": "subscription", "params": {"channel": "book.BTC-22AUG25.none.20.100ms", "data": {"timestamp": 1755790012530, "change_id": 114389166603, "instrument_name": "BTC-22AUG25", "bids": [[113017.5, 40.0], [112995.0, 900.0], [112990.0, 3000.0], [112985.0, 4780.0], [112977.5, 10000.0], [112965.0, 4700.0], [112962.5, 12670.0], [112960.0, 3000.0], [112955.0, 3480.0], [112945.0, 45750.0], [112942.5, 3420.0], [112940.0, 2000.0], [112935.0, 12000.0], [112932.5, 900.0], [112930.0, 3000.0], [112927.5, 3390.0], [112925.0, 40.0], [112920.0, 16260.0], [112915.0, 3420.0], [112910.0, 2000.0]], "asks": [[113020.0, 8100.0], [113022.5, 11550.0], [113025.0, 5160.0], [113042.5, 1020.0], [113045.0, 3410.0], [113057.5, 5370.0], [113060.0, 15670.0], [113075.0, 3000.0], [113077.5, 10000.0], [113097.5, 1030.0], [113100.0, 3420.0], [113105.0, 7480.0], [113107.5, 24930.0], [113110.0, 1030.0], [113112.5, 3420.0], [113152.5, 6000.0], [113155.0, 20000.0], [113157.5, 1000.0], [113160.0, 3330.0], [113170.0, 1020.0]]}}}
{"jsonrpc": "2.0", "method": "subscription", "params": {"channel": "book.BTC-22AUG25.none.20.100ms", "data": {"timestamp": 1755790012866, "change_id": 114389167362, "instrument_name": "BTC-22AUG25", "bids": [[113017.5, 40.0], [112995.0, 900.0], [112990.0, 3000.0], [112985.0, 4780.0], [112980.0, 3320.0], [112977.5, 10000.0], [112967.5, 3320.0], [112965.0, 4700.0], [112962.5, 12670.0], [112960.0, 3000.0], [112955.0, 3480.0], [112945.0, 45750.0], [112942.5, 3420.0], [112940.0, 2000.0], [112935.0, 10000.0], [112932.5, 900.0], [112930.0, 3000.0], [112927.5, 3390.0], [112925.0, 40.0], [112920.0, 16260.0]], "asks": [[113020.0, 8100.0], [113022.5, 11550.0], [113025.0, 5160.0], [113042.5, 1020.0], [113045.0, 3410.0], [113057.5, 5370.0], [113060.0, 15670.0], [113075.0, 3000.0], [113077.5, 10000.0], [113097.5, 1030.0], [113100.0, 3420.0], [113105.0, 7480.0], [113107.5, 24930.0], [113110.0, 1030.0], [113112.5, 3420.0], [113152.5, 6000.0], [113155.0, 20000.0], [113157.5, 1000.0], [113160.0, 3330.0], [113170.0, 1020.0]]}}}
{"jsonrpc": "2.0", "method": "subscription", "params": {"channel": "book.BTC-22AUG25.none.20.100ms", "data": {"timestamp": 1755790013174, "change_id": 114389167966, "instrument_name": "BTC-22AUG25", "bids": [[113017.5, 40.0], [113010.0, 2310.0], [113007.5, 5000.0], [113005.0, 3320.0], [112995.0, 2220.0], [112992.5, 8100.0], [112990.0, 3000.0], [112985.0, 10000.0], [112980.0, 3320.0], [112967.5, 3480.0], [112965.0, 4700.0], [112962.5, 12670.0], [112960.0, 5000.0], [112955.0, 3320.0], [112945.0, 45750.0], [112942.5, 3420.0], [112940.0, 2000.0], [112935.0, 10000.0], [112932.5, 900.0], [112930.0, 3000.0]], "asks": [[113022.5, 11550.0], [113025.0, 5160.0], [113042.5, 1020.0], [113045.0, 3410.0], [113057.5, 8690.0], [113060.0, 15670.0], [113075.0, 3000.0], [113077.5, 10000.0], [113097.5, 1030.0], [113100.0, 3420.0], [113105.0, 7480.0], [113107.5, 24930.0], [113110.0, 1030.0], [113112.5, 3420.0], [113152.5, 6000.0], [113155.0, 20000.0], [113157.5, 1000.0], [113160.0, 3330.0], [113170.0, 1020.0], [113172.5, 3410.0]]}}}
{"jsonrpc": "2.0", "method": "subscription", "params": {"channel": "book.BTC-22AUG25.none.20.100ms", "data": {"timestamp": 1755790013456, "change_id": 114389168558, "instrument_name": "BTC-22AUG25", "bids": [[113017.5, 40.0], [113005.0, 3320.0], [113002.5, 1500.0], [113000.0, 5000.0], [112995.0, 2220.0], [112992.5, 8100.0], [112990.0, 3000.0], [112980.0, 3320.0], [112967.5, 13480.0], [112965.0, 4700.0], [112962.5, 12670.0], [112960.0, 5000.0], [112955.0, 3320.0], [112947.5, 13240.0], [112945.0, 45750.0], [112942.5, 3420.0], [112940.0, 2000.0], [112935.0, 10000.0], [112932.5, 900.0], [112930.0, 3000.0]], "asks": [[113020.0, 5000.0], [113022.5, 10000.0], [113025.0, 160.0], [113042.5, 1020.0], [113045.0, 3410.0], [113057.5, 8690.0], [113060.0, 15670.0], [113075.0, 3000.0], [113077.5, 10000.0], [113097.5, 1030.0], [113100.0, 3420.0], [113105.0, 7480.0], [113107.5, 24930.0], [113110.0, 1030.0], [113112.5, 3420.0], [113152.5, 6000.0], [113155.0, 20000.0], [113157.5, 1000.0], [113160.0, 3330.0], [113170.0, 1020.0]]}}}
{"jsonrpc": "2.0", "method": "subscription", "params": {"channel": "book.BTC-22AUG25.none.20.100ms", "data": {"timestamp": 1755790013737, "change_id": 114389169036, "instrument_name": "BTC-22AUG25", "bids": [[113017.5, 40.0], [113007.5, 2500.0], [113005.0, 8320.0], [112995.0, 2220.0], [112992.5, 8100.0], [112990.0, 3000.0], [112980.0, 3320.0], [112975.0, 10000.0], [112967.5, 3480.0], [112965.0, 4700.0], [112962.5, 12670.0], [112960.0, 5000.0], [112955.0, 3320.0], [112947.5, 13240.0], [112945.0, 45750.0], [112942.5, 3420.0], [112940.0, 2000.0], [112935.0, 10000.0], [112932.5, 900.0], [112930.0, 3000.0]], "asks": [[113020.0, 4780.0], [113022.5, 15000.0], [113025.0, 160.0], [113042.5, 1020.0], [113045.0, 3410.0], [113057.5, 8690.0], [113060.0, 15670.0], [113075.0, 3000.0], [113077.5, 10000.0], [113097.5, 1030.0], [113100.0, 3420.0], [113105.0, 7480.0], [113107.5, 24930.0], [113110.0, 1030.0], [113112.5, 3420.0], [113152.5, 6000.0], [113155.0, 20000.0], [113157.5, 1000.0], [113160.0, 3330.0], [113170.0, 1020.0]]}}}
{"jsonrpc": "2.0", "method": "subscription", "params": {"channel": "book.BTC-22AUG25.none.20.100ms", "data": {"timestamp": 1755790014160, "change_id": 114389169769, "instrument_name": "BTC-22AUG25", "bids": [[113017.5, 40.0], [113005.0, 8320.0], [112995.0, 2220.0], [112992.5, 8100.0], [112990.0, 3000.0], [112982.5, 10000.0], [112980.0, 3320.0], [112967.5, 3480.0], [112965.0, 4700.0], [112962.5, 12670.0], [112960.0, 5000.0], [112955.0, 3320.0], [112947.5, 13240.0], [112945.0, 45750.0], [112942.5, 3420.0], [112940.0, 2000.0], [112935.0, 10000.0], [112932.5, 900.0], [112930.0, 3000.0], [112927.5, 3390.0]], "asks": [[113020.0, 4780.0], [113022.5, 15000.0], [113025.0, 160.0], [113042.5, 1020.0], [113045.0, 3410.0], [113057.5, 8690.0], [113060.0, 15670.0], [113067.5, 1000.0], [113070.0, 3320.0], [113075.0, 3000.0], [113077.5, 10000.0], [113097.5, 1030.0], [113100.0, 3420.0], [113105.0, 7480.0], [113107.5, 24930.0], [113110.0, 1030.0], [113112.5, 3420.0], [113152.5, 6000.0], [113155.0, 20000.0], [113157.5, 1000.0]]}}}
{"jsonrpc": "2.0", "method": "subscription", "params": {"channel": "book.BTC-22AUG25.none.20.100ms", "data": {"timestamp": 1755790014852, "change_id": 114389171354, "instrument_name": "BTC-22AUG25", "bids": [[113017.5, 40.0], [113012.5, 1500.0], [113010.0, 5000.0], [113007.5, 1000.0], [113005.0, 3320.0], [113002.5, 1430.0], [113000.0, 4780.0], [112995.0, 2220.0], [112992.5, 3320.0], [112990.0, 3000.0], [112985.0, 4000.0], [112982.5, 10000.0], [112980.0, 3320.0], [112967.5, 16150.0], [112960.0, 5000.0], [112955.0, 3320.0], [112947.5, 13240.0], [112945.0, 45750.0], [112942.5, 3420.0], [112940.0, 2000.0]], "asks": [[113020.0, 4780.0], [113022.5, 10000.0], [113025.0, 160.0], [113027.5, 1500.0], [113042.5, 1020.0], [113045.0, 3410.0], [113057.5, 8690.0], [113060.0, 15670.0], [113067.5, 1000.0], [113070.0, 3320.0], [113075.0, 3000.0], [113077.5, 10000.0], [113097.5, 1030.0], [113100.0, 3420.0], [113105.0, 7480.0], [113107.5, 24930.0], [113110.0, 1030.0], [113112.5, 3420.0], [113152.5, 6000.0], [113155.0, 20000.0]]}}}
{"jsonrpc": "2.0", "method": "subscription", "params": {"channel": "book.BTC-22AUG25.none.20.100ms", "data": {"timestamp": 1755790015164, "change_id": 114389171855, "instrument_name": "BTC-22AUG25", "bids": [[113017.5, 40.0], [113012.5, 1500.0], [113010.0, 5000.0], [113007.5, 1000.0], [113005.0, 3320.0], [113002.5, 1430.0], [113000.0, 4780.0], [112995.0, 2220.0], [112992.5, 3320.0], [112990.0, 3000.0], [112985.0, 4000.0], [112982.5, 10000.0], [112980.0, 3320.0], [112967.5, 16150.0], [112960.0, 5000.0], [112955.0, 3320.0], [112947.5, 13240.0], [112945.0, 45750.0], [112942.5, 3420.0], [112940.0, 2000.0]], "asks": [[113020.0, 4780.0], [113022.5, 10000.0], [113025.0, 160.0], [113042.5, 1020.0], [113045.0, 3410.0], [113057.5, 8690.0], [113060.0, 15670.0], [113070.0, 3320.0], [113077.5, 10000.0], [113097.5, 1030.0], [113100.0, 3420.0], [113105.0, 7480.0], [113107.5, 24930.0], [113110.0, 1030.0], [113112.5, 3420.0], [113152.5, 6000.0], [113155.0, 20000.0], [113157.5, 1000.0], [113160.0, 3330.0], [113170.0, 1020.0]]}}}
