{"jsonrpc": "2.0", "method": "subscription", "params": {"channel": "book.BTC-11APR25.none.20.100ms", "data": {"timestamp": 1743780179196, "change_id": 95605104597, "instrument_name": "BTC-11APR25", "bids": [[83457.5, 10810.0], [83455.0, 7000.0], [83452.5, 47450.0], [83447.5, 120.0], [83432.5, 7040.0], [83410.0, 8830.0], [83400.0, 6850.0], [83360.0, 7040.0], [83347.5, 33170.0], [83335.0, 3300.0], [83332.5, 111940.0], [83270.0, 6960.0], [83267.5, 20.0], [83240.0, 7030.0], [83225.0, 13230.0], [83220.0, 7450.0], [83212.5, 50000.0], [83210.0, 7160.0], [83200.0, 6940.0], [83190.0, 7120.0]], "asks": [[83460.0, 3800.0], [83462.5, 3800.0], [83475.0, 3670.0], [83477.5, 20000.0], [83480.0, 7040.0], [83485.0, 120.0], [83487.5, 3800.0], [83490.0, 57040.0], [83492.5, 17450.0], [83502.5, 7040.0], [83530.0, 6830.0], [83532.5, 20.0], [83595.0, 6910.0], [83600.0, 20.0], [83665.0, 6930.0], [83667.5, 20.0], [83672.5, 26250.0], [83675.0, 7020.0], [83687.5, 410.0], [83727.5, 7040.0]]}}}
{"jsonrpc": "2.0", "method": "subscription", "params": {"channel": "book.BTC-18APR25.none.20.100ms", "data": {"timestamp": 1743780179356, "change_id": 95605104885, "instrument_name": "BTC-18APR25", "bids": [[83545.0, 2700.0], [83542.5, 27440.0], [83537.5, 10.0], [83527.5, 10000.0], [83467.5, 20.0], [83400.0, 10.0], [83332.5, 20.0], [83285.0, 16530.0], [83267.5, 20.0], [83230.0, 50000.0], [83200.0, 20.0], [83135.0, 20.0], [83107.5, 60710.0], [83105.0, 95180.0], [83067.5, 20.0], [83035.0, 50000.0], [83000.0, 20.0], [82950.0, 50000.0], [82935.0, 20.0], [82867.5, 20.0]], "asks": [[83570.0, 10.0], [83575.0, 10000.0], [83585.0, 7440.0], [83590.0, 20000.0], [83592.5, 19600.0], [83595.0, 50000.0], [83600.0, 20.0], [83637.5, 2000.0], [83667.5, 20.0], [83735.0, 20.0], [83800.0, 20.0], [83860.0, 50000.0], [83867.5, 20.0], [83935.0, 20.0], [83945.0, 50000.0], [83992.5, 6290.0], [84002.5, 18280.0], [84057.5, 75030.0], [84070.0, 20.0], [84080.0, 3300.0]]}}}
{"jsonrpc": "2.0", "method": "subscription", "params": {"channel": "book.BTC-11APR25.none.20.100ms", "data": {"timestamp": 1743780179650, "change_id": 95605105387, "instrument_name": "BTC-11APR25", "bids": [[83460.0, 10810.0], [83457.5, 10800.0], [83452.5, 47450.0], [83447.5, 120.0], [83432.5, 7040.0], [83410.0, 8830.0], [83400.0, 6850.0], [83360.0, 7040.0], [83347.5, 33170.0], [83335.0, 3300.0], [83332.5, 111940.0], [83270.0, 6960.0], [83267.5, 20.0], [83240.0, 7030.0], [83225.0, 13230.0], [83220.0, 7450.0], [83212.5, 50000.0], [83210.0, 7160.0], [83200.0, 6940.0], [83190.0, 7120.0]], "asks": [[83462.5, 3800.0], [83482.5, 3670.0], [83485.0, 20120.0], [83487.5, 3800.0], [83490.0, 57040.0], [83492.5, 17450.0], [83502.5, 7040.0], [83530.0, 6830.0], [83532.5, 20.0], [83595.0, 6910.0], [83600.0, 20.0], [83665.0, 6930.0], [83667.5, 20.0], [83672.5, 26250.0], [83675.0, 7020.0], [83687.5, 410.0], [83727.5, 7040.0], [83735.0, 20.0], [83737.5, 6860.0], [83747.5, 6830.0]]}}}
{"jsonrpc": "2.0", "method": "subscription", "params": {"channel": "book.BTC-11APR25.none.20.100ms", "data": {"timestamp": 1743780180041, "change_id": 95605106254, "instrument_name": "BTC-11APR25", "bids": [[83462.5, 30000.0], [83455.0, 3300.0], [83452.5, 17450.0], [83447.5, 120.0], [83432.5, 7040.0], [83410.0, 8830.0], [83400.0, 6850.0], [83360.0, 7040.0], [83347.5, 33170.0], [83335.0, 3300.0], [83332.5, 111940.0], [83270.0, 6960.0], [83267.5, 20.0], [83240.0, 7030.0], [83225.0, 13230.0], [83220.0, 7450.0], [83212.5, 50000.0], [83210.0, 7160.0], [83200.0, 6940.0], [83190.0, 7120.0]], "asks": [[83465.0, 7050.0], [83470.0, 7000.0], [83472.5, 3670.0], [83475.0, 3800.0], [83477.5, 3800.0], [83480.0, 27040.0], [83485.0, 120.0], [83487.5, 3800.0], [83490.0, 57040.0], [83492.5, 17450.0], [83502.5, 7040.0], [83530.0, 6830.0], [83532.5, 20.0], [83595.0, 6910.0], [83600.0, 20.0], [83665.0, 6930.0], [83667.5, 20.0], [83672.5, 26250.0], [83675.0, 7020.0], [83687.5, 410.0]]}}}
{"jsonrpc": "2.0", "method": "subscription", "params": {"channel": "book.BTC-11APR25.none.20.100ms", "data": {"timestamp": 1743780180346, "change_id": 95605107249, "instrument_name": "BTC-11APR25", "bids": [[83450.0, 35010.0], [83440.0, 10000.0], [83435.0, 120.0], [83432.5, 7450.0], [83422.5, 7040.0], [83410.0, 8830.0], [83400.0, 6850.0], [83360.0, 7040.0], [83347.5, 33170.0], [83335.0, 3300.0], [83332.5, 111940.0], [83270.0, 6960.0], [83267.5, 20.0], [83240.0, 7030.0], [83225.0, 13230.0], [83220.0, 7450.0], [83212.5, 50000.0], [83210.0, 7160.0], [83200.0, 6940.0], [83180.0, 6830.0]], "asks": [[83452.5, 7010.0], [83460.0, 1140.0], [83462.5, 3800.0], [83467.5, 2060.0], [83470.0, 7510.0], [83472.5, 7450.0], [83475.0, 3800.0], [83477.5, 73800.0], [83480.0, 7040.0], [83485.0, 120.0], [83487.5, 3800.0], [83490.0, 7040.0], [83492.5, 10000.0], [83530.0, 6830.0], [83532.5, 20.0], [83595.0, 6910.0], [83600.0, 20.0], [83665.0, 6930.0], [83667.5, 20.0], [83672.5, 26250.0]]}}}
{"jsonrpc": "2.0", "method": "subscription", "params": {"channel": "book.BTC-18APR25.none.20.100ms", "data": {"timestamp": 1743780180261, "change_id": 95605106978, "instrument_name": "BTC-18APR25", "bids": [[83532.5, 2700.0], [83530.0, 20000.0], [83527.5, 10000.0], [83522.5, 7440.0], [83467.5, 20.0], [83400.0, 10.0], [83332.5, 20.0], [83285.0, 16530.0], [83267.5, 20.0], [83230.0, 50000.0], [83200.0, 20.0], [83135.0, 20.0], [83107.5, 60710.0], [83105.0, 95180.0], [83067.5, 20.0], [83035.0, 50000.0], [83000.0, 20.0], [82950.0, 50000.0], [82935.0, 20.0], [82867.5, 20.0]], "asks": [[83565.0, 7440.0], [83570.0, 10.0], [83575.0, 10000.0], [83590.0, 20000.0], [83600.0, 20.0], [83617.5, 2000.0], [83667.5, 20.0], [83735.0, 20.0], [83800.0, 20.0], [83857.5, 50000.0], [83860.0, 50000.0], [83867.5, 20.0], [83935.0, 20.0], [83945.0, 50000.0], [83992.5, 6290.0], [84002.5, 18280.0], [84057.5, 75030.0], [84070.0, 20.0], [84080.0, 3300.0], [84112.5, 50000.0]]}}}
{"jsonrpc": "2.0", "method": "subscription", "params": {"channel": "book.BTC-11APR25.none.20.100ms", "data": {"timestamp": 1743780180614, "change_id": 95605107683, "instrument_name": "BTC-11APR25", "bids": [[83450.0, 30000.0], [83440.0, 10000.0], [83435.0, 120.0], [83432.5, 7450.0], [83422.5, 7040.0], [83410.0, 8830.0], [83400.0, 6850.0], [83360.0, 7040.0], [83347.5, 33170.0], [83335.0, 3300.0], [83332.5, 111940.0], [83270.0, 6960.0], [83267.5, 20.0], [83240.0, 7030.0], [83225.0, 13230.0], [83220.0, 7450.0], [83212.5, 50000.0], [83210.0, 7160.0], [83200.0, 6940.0], [83180.0, 6830.0]], "asks": [[83452.5, 7010.0], [83460.0, 1140.0], [83462.5, 3800.0], [83467.5, 2060.0], [83470.0, 7510.0], [83472.5, 7450.0], [83475.0, 3800.0], [83477.5, 86660.0], [83480.0, 7040.0], [83485.0, 120.0], [83487.5, 3800.0], [83490.0, 7040.0], [83492.5, 10000.0], [83530.0, 6830.0], [83532.5, 20.0], [83595.0, 6910.0], [83600.0, 20.0], [83665.0, 6930.0], [83667.5, 20.0], [83672.5, 26250.0]]}}}
{"jsonrpc": "2.0", "method": "subscription", "params": {"channel": "book.BTC-18APR25.none.20.100ms", "data": {"timestamp": 1743780180596, "change_id": 95605107619, "instrument_name": "BTC-18APR25", "bids": [[83532.5, 2700.0], [83530.0, 20000.0], [83527.5, 10000.0], [83522.5, 7440.0], [83467.5, 20.0], [83400.0, 10.0], [83332.5, 20.0], [83285.0, 16530.0], [83267.5, 20.0], [83230.0, 50000.0], [83200.0, 20.0], [83135.0, 20.0], [83107.5, 60710.0], [83105.0, 95180.0], [83067.5, 20.0], [83035.0, 50000.0], [83000.0, 20.0], [82950.0, 50000.0], [82935.0, 20.0], [82867.5, 20.0]], "asks": [[83565.0, 7440.0], [83567.5, 12870.0], [83570.0, 10.0], [83572.5, 20000.0], [83575.0, 10000.0], [83587.5, 50000.0], [83600.0, 20.0], [83617.5, 2000.0], [83667.5, 20.0], [83735.0, 20.0], [83800.0, 20.0], [83860.0, 50000.0], [83867.5, 20.0], [83935.0, 20.0], [83945.0, 50000.0], [83992.5, 6290.0], [84002.5, 18280.0], [84057.5, 75030.0], [84070.0, 20.0], [84080.0, 3300.0]]}}}
{"jsonrpc": "2.0", "method": "subscription", "params": {"channel": "book.BTC-11APR25.none.20.100ms", "data": {"timestamp": 1743780181016, "change_id": 95605109409, "instrument_name": "BTC-11APR25", "bids": [[83437.5, 10800.0], [83435.0, 120.0], [83432.5, 30000.0], [83425.0, 17450.0], [83420.0, 7150.0], [83410.0, 6830.0], [83400.0, 6850.0], [83360.0, 7040.0], [83347.5, 33170.0], [83335.0, 3300.0], [83332.5, 111940.0], [83270.0, 6960.0], [83267.5, 20.0], [83240.0, 7030.0], [83225.0, 13230.0], [83220.0, 7450.0], [83210.0, 7160.0], [83200.0, 6940.0], [83180.0, 6830.0], [83170.0, 6900.0]], "asks": [[83440.0, 10.0], [83442.5, 7470.0], [83445.0, 10800.0], [83452.5, 7000.0], [83467.5, 20000.0], [83470.0, 7040.0], [83475.0, 3920.0], [83477.5, 53800.0], [83480.0, 7040.0], [83490.0, 7040.0], [83492.5, 10000.0], [83530.0, 6830.0], [83532.5, 20.0], [83595.0, 6910.0], [83600.0, 20.0], [83665.0, 6930.0], [83667.5, 20.0], [83672.5, 26250.0], [83675.0, 7020.0], [83687.5, 410.0]]}}}
{"jsonrpc": "2.0", "method": "subscription", "params": {"channel": "book.BTC-18APR25.none.20.100ms", "data": {"timestamp": 1743780181024, "change_id": 95605109393, "instrument_name": "BTC-18APR25", "bids": [[83522.5, 10.0], [83520.0, 2700.0], [83517.5, 20000.0], [83467.5, 20.0], [83400.0, 10.0], [83332.5, 20.0], [83285.0, 16530.0], [83267.5, 20.0], [83230.0, 50000.0], [83200.0, 20.0], [83135.0, 20.0], [83112.5, 1420.0], [83107.5, 52930.0], [83105.0, 76320.0], [83067.5, 20.0], [83035.0, 50000.0], [83000.0, 20.0], [82950.0, 50000.0], [82935.0, 20.0], [82867.5, 20.0]], "asks": [[83572.5, 20000.0], [83575.0, 10000.0], [83600.0, 20.0], [83667.5, 20.0], [83735.0, 20.0], [83800.0, 20.0], [83857.5, 50000.0], [83860.0, 50000.0], [83867.5, 20.0], [83935.0, 20.0], [83945.0, 50000.0], [83992.5, 6290.0], [84002.5, 18280.0], [84057.5, 75030.0], [84070.0, 20.0], [84080.0, 3300.0], [84112.5, 50000.0], [84137.5, 20.0], [84190.0, 13230.0], [84205.0, 20.0]]}}}
{"jsonrpc": "2.0", "method": "subscription", "params": {"channel": "book.BTC-11APR25.none.20.100ms", "data": {"timestamp": 1743780181348, "change_id": 95605110926, "instrument_name": "BTC-11APR25", "bids": [[83442.5, 10810.0], [83440.0, 7000.0], [83432.5, 30000.0], [83425.0, 7450.0], [83422.5, 10000.0], [83420.0, 7150.0], [83415.0, 120.0], [83410.0, 6830.0], [83400.0, 6850.0], [83360.0, 7040.0], [83347.5, 33170.0], [83335.0, 3300.0], [83332.5, 111940.0], [83270.0, 6960.0], [83267.5, 20.0], [83240.0, 7030.0], [83225.0, 13230.0], [83220.0, 7450.0], [83210.0, 7160.0], [83200.0, 6940.0]], "asks": [[83445.0, 3810.0], [83450.0, 3670.0], [83452.5, 7000.0], [83455.0, 7150.0], [83462.5, 20120.0], [83465.0, 7450.0], [83470.0, 7040.0], [83475.0, 53800.0], [83477.5, 13800.0], [83480.0, 7040.0], [83490.0, 7040.0], [83530.0, 6830.0], [83532.5, 20.0], [83595.0, 6910.0], [83600.0, 20.0], [83665.0, 6930.0], [83667.5, 20.0], [83672.5, 26250.0], [83675.0, 7020.0], [83687.5, 410.0]]}}}
{"jsonrpc": "2.0", "method": "subscription", "params": {"channel": "book.BTC-18APR25.none.20.100ms", "data": {"timestamp": 1743780181113, "change_id": 95605110890, "instrument_name": "BTC-18APR25", "bids": [[83522.5, 10.0], [83520.0, 2700.0], [83517.5, 20000.0], [83515.0, 7440.0], [83505.0, 10000.0], [83467.5, 20.0], [83400.0, 10.0], [83332.5, 20.0], [83285.0, 16530.0], [83267.5, 20.0], [83230.0, 50000.0], [83200.0, 20.0], [83135.0, 20.0], [83107.5, 60710.0], [83105.0, 76320.0], [83067.5, 20.0], [83050.0, 18860.0], [83035.0, 50000.0], [83000.0, 20.0], [82950.0, 50000.0]], "asks": [[83557.5, 7440.0], [83560.0, 10000.0], [83572.5, 20000.0], [83600.0, 20.0], [83667.5, 20.0], [83735.0, 20.0], [83800.0, 20.0], [83857.5, 50000.0], [83860.0, 50000.0], [83867.5, 20.0], [83935.0, 20.0], [83945.0, 50000.0], [83992.5, 6290.0], [84002.5, 18280.0], [84057.5, 75030.0], [84070.0, 20.0], [84080.0, 3300.0], [84112.5, 50000.0], [84137.5, 20.0], [84190.0, 13230.0]]}}}
{"jsonrpc": "2.0", "method": "subscription", "params": {"channel": "book.BTC-11APR25.none.20.100ms", "data": {"timestamp": 1743780181665, "change_id": 95605111776, "instrument_name": "BTC-11APR25", "bids": [[83450.0, 10.0], [83447.5, 3800.0], [83445.0, 7000.0], [83442.5, 30000.0], [83435.0, 7450.0], [83432.5, 7150.0], [83425.0, 120.0], [83422.5, 10000.0], [83420.0, 7150.0], [83410.0, 6830.0], [83400.0, 6850.0], [83360.0, 7040.0], [83347.5, 33170.0], [83332.5, 111940.0], [83270.0, 6960.0], [83267.5, 20.0], [83242.5, 3300.0], [83240.0, 7030.0], [83225.0, 13230.0], [83220.0, 7450.0]], "asks": [[83452.5, 7010.0], [83455.0, 1140.0], [83457.5, 3800.0], [83465.0, 2530.0], [83467.5, 20000.0], [83470.0, 7040.0], [83472.5, 7450.0], [83475.0, 53920.0], [83477.5, 13800.0], [83480.0, 7040.0], [83490.0, 7040.0], [83530.0, 6830.0], [83532.5, 20.0], [83595.0, 6910.0], [83600.0, 20.0], [83665.0, 6930.0], [83667.5, 20.0], [83672.5, 26250.0], [83675.0, 7020.0], [83687.5, 410.0]]}}}
{"jsonrpc": "2.0", "method": "subscription", "params": {"channel": "book.BTC-18APR25.none.20.100ms", "data": {"timestamp": 1743780181578, "change_id": 95605111585, "instrument_name": "BTC-18APR25", "bids": [[83527.5, 2230.0], [83525.0, 7440.0], [83522.5, 10.0], [83520.0, 470.0], [83517.5, 20000.0], [83505.0, 10000.0], [83467.5, 20.0], [83400.0, 10.0], [83332.5, 20.0], [83285.0, 16530.0], [83267.5, 20.0], [83230.0, 50000.0], [83200.0, 20.0], [83135.0, 20.0], [83107.5, 60710.0], [83105.0, 76320.0], [83067.5, 20.0], [83050.0, 18860.0], [83035.0, 50000.0], [83000.0, 20.0]], "asks": [[83560.0, 10000.0], [83567.5, 7440.0], [83572.5, 20000.0], [83577.5, 50000.0], [83580.0, 13740.0], [83600.0, 20.0], [83620.0, 2000.0], [83667.5, 20.0], [83735.0, 20.0], [83800.0, 20.0], [83860.0, 50000.0], [83867.5, 20.0], [83935.0, 20.0], [83945.0, 50000.0], [83992.5, 6290.0], [84002.5, 18280.0], [84057.5, 75030.0], [84070.0, 20.0], [84080.0, 3300.0], [84112.5, 50000.0]]}}}
{"jsonrpc": "2.0", "method": "subscription", "params": {"channel": "book.BTC-11APR25.none.20.100ms", "data": {"timestamp": 1743780181964, "change_id": 95605112291, "instrument_name": "BTC-11APR25", "bids": [[83445.0, 10.0], [83442.5, 30000.0], [83435.0, 7450.0], [83425.0, 120.0], [83422.5, 10000.0], [83420.0, 7150.0], [83410.0, 6830.0], [83400.0, 6850.0], [83360.0, 7040.0], [83347.5, 33170.0], [83332.5, 111940.0], [83270.0, 6960.0], [83267.5, 20.0], [83242.5, 3300.0], [83240.0, 7030.0], [83225.0, 13230.0], [83220.0, 7450.0], [83210.0, 7160.0], [83200.0, 6940.0], [83180.0, 6830.0]], "asks": [[83447.5, 10.0], [83450.0, 12900.0], [83452.5, 7000.0], [83457.5, 1570.0], [83460.0, 7150.0], [83467.5, 20000.0], [83470.0, 7040.0], [83472.5, 7450.0], [83475.0, 53920.0], [83477.5, 13800.0], [83480.0, 7040.0], [83490.0, 7040.0], [83530.0, 6830.0], [83532.5, 20.0], [83595.0, 6910.0], [83600.0, 20.0], [83665.0, 6930.0], [83667.5, 20.0], [83672.5, 26250.0], [83675.0, 7020.0]]}}}
{"jsonrpc": "2.0", "method": "subscription", "params": {"channel": "book.BTC-11APR25.none.20.100ms", "data": {"timestamp": 1743780182336, "change_id": 95605113620, "instrument_name": "BTC-11APR25", "bids": [[83445.0, 5010.0], [83442.5, 30000.0], [83435.0, 7450.0], [83425.0, 120.0], [83422.5, 10000.0], [83420.0, 7150.0], [83410.0, 6830.0], [83400.0, 6850.0], [83360.0, 7040.0], [83347.5, 33170.0], [83332.5, 111940.0], [83270.0, 6960.0], [83267.5, 20.0], [83242.5, 3300.0], [83240.0, 7030.0], [83225.0, 13230.0], [83220.0, 7450.0], [83210.0, 7160.0], [83200.0, 6940.0], [83180.0, 6830.0]], "asks": [[83447.5, 10810.0], [83450.0, 10800.0], [83457.5, 2090.0], [83460.0, 8730.0], [83462.5, 20000.0], [83470.0, 7040.0], [83472.5, 7450.0], [83475.0, 53920.0], [83477.5, 13800.0], [83480.0, 7040.0], [83490.0, 7040.0], [83530.0, 6830.0], [83532.5, 20.0], [83595.0, 6910.0], [83600.0, 20.0], [83665.0, 6930.0], [83667.5, 20.0], [83672.5, 26250.0], [83675.0, 7020.0], [83687.5, 410.0]]}}}
{"jsonrpc": "2.0", "method": "subscription", "params": {"channel": "book.BTC-11APR25.none.20.100ms", "data": {"timestamp": 1743780182659, "change_id": 95605114638, "instrument_name": "BTC-11APR25", "bids": [[83460.0, 10.0], [83452.5, 30000.0], [83450.0, 3800.0], [83447.5, 7000.0], [83445.0, 3800.0], [83437.5, 7450.0], [83432.5, 17150.0], [83425.0, 120.0], [83410.0, 6830.0], [83405.0, 2000.0], [83400.0, 6850.0], [83360.0, 7040.0], [83347.5, 33170.0], [83332.5, 111940.0], [83270.0, 6960.0], [83267.5, 20.0], [83242.5, 3300.0], [83240.0, 7030.0], [83225.0, 13230.0], [83220.0, 7450.0]], "asks": [[83462.5, 7000.0], [83465.0, 7040.0], [83467.5, 10800.0], [83470.0, 430.0], [83472.5, 20000.0], [83475.0, 53920.0], [83477.5, 7150.0], [83490.0, 17040.0], [83530.0, 6830.0], [83532.5, 20.0], [83595.0, 6910.0], [83600.0, 20.0], [83665.0, 6930.0], [83667.5, 20.0], [83672.5, 26250.0], [83675.0, 7020.0], [83687.5, 410.0], [83705.0, 105000.0], [83727.5, 7040.0], [83735.0, 20.0]]}}}
{"jsonrpc": "2.0", "method": "subscription", "params": {"channel": "book.BTC-18APR25.none.20.100ms", "data": {"timestamp": 1743780182669, "change_id": 95605114713, "instrument_name": "BTC-18APR25", "bids": [[83532.5, 10.0], [83527.5, 22230.0], [83507.5, 470.0], [83505.0, 10000.0], [83467.5, 20.0], [83400.0, 10.0], [83332.5, 20.0], [83285.0, 16530.0], [83267.5, 20.0], [83230.0, 50000.0], [83200.0, 20.0], [83135.0, 20.0], [83112.5, 7780.0], [83107.5, 71790.0], [83105.0, 76320.0], [83067.5, 20.0], [83035.0, 50000.0], [83000.0, 20.0], [82950.0, 50000.0], [82935.0, 20.0]], "asks": [[83600.0, 20.0], [83620.0, 2000.0], [83667.5, 20.0], [83735.0, 20.0], [83800.0, 20.0], [83855.0, 20000.0], [83857.5, 50000.0], [83860.0, 50000.0], [83867.5, 20.0], [83935.0, 20.0], [83945.0, 50000.0], [83992.5, 6290.0], [84002.5, 18280.0], [84057.5, 75030.0], [84070.0, 20.0], [84080.0, 3300.0], [84112.5, 50000.0], [84137.5, 20.0], [84190.0, 13230.0], [84205.0, 20.0]]}}}
{"jsonrpc": "2.0", "method": "subscription", "params": {"channel": "book.BTC-11APR25.none.20.100ms", "data": {"timestamp": 1743780182843, "change_id": 95605115814, "instrument_name": "BTC-11APR25", "bids": [[83460.0, 10.0], [83457.5, 10.0], [83455.0, 7000.0], [83452.5, 37000.0], [83450.0, 11250.0], [83442.5, 10000.0], [83437.5, 120.0], [83432.5, 7150.0], [83410.0, 6830.0], [83405.0, 2000.0], [83400.0, 6850.0], [83360.0, 7040.0], [83347.5, 33170.0], [83332.5, 111940.0], [83270.0, 6960.0], [83267.5, 20.0], [83242.5, 3300.0], [83240.0, 7030.0], [83225.0, 13230.0], [83220.0, 7450.0]], "asks": [[83462.5, 7000.0], [83465.0, 4940.0], [83467.5, 3800.0], [83470.0, 1390.0], [83475.0, 4940.0], [83477.5, 27150.0], [83487.5, 50000.0], [83490.0, 14490.0], [83492.5, 120.0], [83530.0, 6830.0], [83532.5, 20.0], [83595.0, 6910.0], [83600.0, 20.0], [83665.0, 6930.0], [83667.5, 20.0], [83672.5, 26250.0], [83675.0, 7020.0], [83687.5, 410.0], [83705.0, 105000.0], [83727.5, 7040.0]]}}}
{"jsonrpc": "2.0", "method": "subscription", "params": {"channel": "book.BTC-18APR25.none.20.100ms", "data": {"timestamp": 1743780182798, "change_id": 95605115085, "instrument_name": "BTC-18APR25", "bids": [[83540.0, 2700.0], [83537.5, 20000.0], [83535.0, 7440.0], [83532.5, 10.0], [83522.5, 10000.0], [83467.5, 20.0], [83400.0, 10.0], [83332.5, 20.0], [83285.0, 16530.0], [83267.5, 20.0], [83230.0, 50000.0], [83200.0, 20.0], [83135.0, 20.0], [83115.0, 7780.0], [83107.5, 71790.0], [83105.0, 76320.0], [83067.5, 20.0], [83035.0, 50000.0], [83000.0, 20.0], [82950.0, 50000.0]], "asks": [[83575.0, 10000.0], [83582.5, 7440.0], [83600.0, 20.0], [83620.0, 2000.0], [83667.5, 20.0], [83735.0, 20.0], [83800.0, 20.0], [83855.0, 20000.0], [83857.5, 50000.0], [83860.0, 50000.0], [83867.5, 20.0], [83935.0, 20.0], [83945.0, 50000.0], [83992.5, 6290.0], [84002.5, 18280.0], [84057.5, 75030.0], [84070.0, 20.0], [84080.0, 3300.0], [84112.5, 50000.0], [84137.5, 20.0]]}}}
{"jsonrpc": "2.0", "method": "subscription", "params": {"channel": "book.BTC-11APR25.none.20.100ms", "data": {"timestamp": 1743780183350, "change_id": 95605116601, "instrument_name": "BTC-11APR25", "bids": [[83457.5, 10810.0], [83452.5, 30000.0], [83450.0, 11250.0], [83447.5, 120.0], [83445.0, 7150.0], [83442.5, 10000.0], [83432.5, 7150.0], [83410.0, 6830.0], [83405.0, 2000.0], [83400.0, 6850.0], [83360.0, 7040.0], [83347.5, 33170.0], [83332.5, 111940.0], [83270.0, 6960.0], [83267.5, 20.0], [83242.5, 3300.0], [83240.0, 7030.0], [83225.0, 13230.0], [83220.0, 7450.0], [83210.0, 7160.0]], "asks": [[83460.0, 3800.0], [83462.5, 2140.0], [83465.0, 3800.0], [83467.5, 3800.0], [83472.5, 1140.0], [83475.0, 4190.0], [83477.5, 27150.0], [83487.5, 50000.0], [83490.0, 14490.0], [83492.5, 10120.0], [83530.0, 6830.0], [83532.5, 20.0], [83595.0, 6910.0], [83600.0, 20.0], [83665.0, 6930.0], [83667.5, 20.0], [83672.5, 26250.0], [83675.0, 7020.0], [83687.5, 410.0], [83705.0, 105000.0]]}}}
{"jsonrpc": "2.0", "method": "subscription", "params": {"channel": "book.BTC-11APR25.none.20.100ms", "data": {"timestamp": 1743780183657, "change_id": 95605117208, "instrument_name": "BTC-11APR25", "bids": [[83457.5, 10800.0], [83452.5, 30000.0], [83450.0, 11250.0], [83447.5, 120.0], [83445.0, 7150.0], [83442.5, 10000.0], [83432.5, 7150.0], [83430.0, 54430.0], [83425.0, 2000.0], [83410.0, 6830.0], [83400.0, 6850.0], [83360.0, 7040.0], [83347.5, 33170.0], [83332.5, 111940.0], [83270.0, 6960.0], [83267.5, 20.0], [83242.5, 3300.0], [83240.0, 7030.0], [83225.0, 13230.0], [83220.0, 7450.0]], "asks": [[83460.0, 3810.0], [83462.5, 3670.0], [83465.0, 10800.0], [83467.5, 3800.0], [83475.0, 3800.0], [83477.5, 20000.0], [83480.0, 7150.0], [83490.0, 64490.0], [83492.5, 10120.0], [83530.0, 6830.0], [83532.5, 20.0], [83595.0, 6910.0], [83600.0, 20.0], [83665.0, 6930.0], [83667.5, 20.0], [83672.5, 26250.0], [83675.0, 7020.0], [83687.5, 410.0], [83705.0, 105000.0], [83727.5, 7040.0]]}}}
{"jsonrpc": "2.0", "method": "subscription", "params": {"channel": "book.BTC-18APR25.none.20.100ms", "data": {"timestamp": 1743780183639, "change_id": 95605117178, "instrument_name": "BTC-18APR25", "bids": [[83540.0, 2700.0], [83537.5, 20000.0], [83535.0, 7440.0], [83532.5, 10.0], [83522.5, 10000.0], [83467.5, 20.0], [83400.0, 10.0], [83332.5, 20.0], [83285.0, 16530.0], [83267.5, 20.0], [83230.0, 50000.0], [83200.0, 20.0], [83135.0, 20.0], [83117.5, 7780.0], [83107.5, 71790.0], [83105.0, 76320.0], [83067.5, 20.0], [83035.0, 50000.0], [83000.0, 20.0], [82950.0, 50000.0]], "asks": [[83575.0, 10000.0], [83582.5, 7440.0], [83595.0, 6900.0], [83600.0, 20.0], [83620.0, 2000.0], [83667.5, 20.0], [83735.0, 20.0], [83800.0, 20.0], [83855.0, 20000.0], [83857.5, 50000.0], [83860.0, 50000.0], [83867.5, 20.0], [83935.0, 20.0], [83945.0, 50000.0], [83992.5, 6290.0], [84002.5, 18280.0], [84057.5, 75030.0], [84070.0, 20.0], [84080.0, 3300.0], [84112.5, 50000.0]]}}}
{"jsonrpc": "2.0", "method": "subscription", "params": {"channel": "book.BTC-11APR25.none.20.100ms", "data": {"timestamp": 1743780183822, "change_id": 95605117444, "instrument_name": "BTC-11APR25", "bids": [[83457.5, 10810.0], [83455.0, 3100.0], [83452.5, 30000.0], [83450.0, 11250.0], [83447.5, 120.0], [83445.0, 7150.0], [83442.5, 10000.0], [83432.5, 7150.0], [83430.0, 54430.0], [83425.0, 2000.0], [83410.0, 6830.0], [83400.0, 6850.0], [83360.0, 7040.0], [83347.5, 33170.0], [83332.5, 111940.0], [83270.0, 6960.0], [83267.5, 20.0], [83242.5, 3300.0], [83240.0, 7030.0], [83225.0, 13230.0]], "asks": [[83460.0, 3800.0], [83467.5, 1140.0], [83470.0, 3800.0], [83472.5, 1140.0], [83475.0, 5190.0], [83480.0, 27150.0], [83490.0, 64490.0], [83492.5, 10120.0], [83530.0, 6830.0], [83532.5, 20.0], [83595.0, 6910.0], [83600.0, 20.0], [83665.0, 6930.0], [83667.5, 20.0], [83672.5, 26250.0], [83675.0, 7020.0], [83687.5, 410.0], [83705.0, 105000.0], [83727.5, 7040.0], [83735.0, 20.0]]}}}
{"jsonrpc": "2.0", "method": "subscription", "params": {"channel": "book.BTC-18APR25.none.20.100ms", "data": {"timestamp": 1743780183803, "change_id": 95605117618, "instrument_name": "BTC-18APR25", "bids": [[83540.0, 2700.0], [83537.5, 20000.0], [83535.0, 7440.0], [83532.5, 10.0], [83522.5, 10000.0], [83467.5, 20.0], [83400.0, 10.0], [83332.5, 20.0], [83285.0, 16530.0], [83267.5, 20.0], [83230.0, 50000.0], [83200.0, 20.0], [83135.0, 20.0], [83117.5, 7780.0], [83107.5, 71790.0], [83105.0, 76320.0], [83067.5, 20.0], [83035.0, 50000.0], [83000.0, 20.0], [82950.0, 50000.0]], "asks": [[83575.0, 10000.0], [83582.5, 7440.0], [83600.0, 20.0], [83620.0, 2000.0], [83667.5, 20.0], [83735.0, 20.0], [83800.0, 20.0], [83855.0, 20000.0], [83857.5, 50000.0], [83860.0, 50000.0], [83867.5, 20.0], [83935.0, 20.0], [83945.0, 50000.0], [83992.5, 6290.0], [84002.5, 18280.0], [84057.5, 75030.0], [84070.0, 20.0], [84080.0, 3300.0], [84112.5, 50000.0], [84137.5, 20.0]]}}}
{"jsonrpc": "2.0", "method": "subscription", "params": {"channel": "book.BTC-11APR25.none.20.100ms", "data": {"timestamp": 1743780184326, "change_id": 95605118364, "instrument_name": "BTC-11APR25", "bids": [[83467.5, 10810.0], [83460.0, 3800.0], [83457.5, 3800.0], [83455.0, 7150.0], [83452.5, 30000.0], [83450.0, 11250.0], [83447.5, 120.0], [83445.0, 7150.0], [83442.5, 10000.0], [83432.5, 7150.0], [83430.0, 54430.0], [83425.0, 2000.0], [83410.0, 6830.0], [83400.0, 6850.0], [83360.0, 7040.0], [83347.5, 33170.0], [83332.5, 111940.0], [83270.0, 6960.0], [83267.5, 20.0], [83242.5, 3300.0]], "asks": [[83470.0, 3800.0], [83472.5, 3670.0], [83475.0, 3800.0], [83480.0, 20000.0], [83490.0, 64490.0], [83492.5, 10120.0], [83530.0, 6830.0], [83532.5, 20.0], [83595.0, 6910.0], [83600.0, 20.0], [83665.0, 6930.0], [83667.5, 20.0], [83672.5, 26250.0], [83675.0, 7020.0], [83687.5, 410.0], [83705.0, 105000.0], [83727.5, 7040.0], [83735.0, 20.0], [83737.5, 6860.0], [83747.5, 6830.0]]}}}
{"jsonrpc": "2.0", "method": "subscription", "params": {"channel": "book.BTC-18APR25.none.20.100ms", "data": {"timestamp": 1743780184328, "change_id": 95605118373, "instrument_name": "BTC-18APR25", "bids": [[83545.0, 10.0], [83540.0, 2700.0], [83537.5, 20000.0], [83535.0, 7440.0], [83522.5, 10000.0], [83467.5, 20.0], [83400.0, 10.0], [83332.5, 20.0], [83285.0, 16530.0], [83267.5, 20.0], [83230.0, 50000.0], [83200.0, 20.0], [83135.0, 20.0], [83117.5, 7780.0], [83107.5, 71790.0], [83105.0, 76320.0], [83067.5, 20.0], [83035.0, 50000.0], [83000.0, 20.0], [82950.0, 50000.0]], "asks": [[83575.0, 10000.0], [83582.5, 7440.0], [83587.5, 14410.0], [83600.0, 20.0], [83620.0, 2000.0], [83667.5, 20.0], [83735.0, 20.0], [83800.0, 20.0], [83855.0, 20000.0], [83857.5, 50000.0], [83860.0, 50000.0], [83867.5, 20.0], [83935.0, 20.0], [83945.0, 50000.0], [83992.5, 6290.0], [84002.5, 18280.0], [84057.5, 75030.0], [84070.0, 20.0], [84080.0, 3300.0], [84112.5, 50000.0]]}}}
{"jsonrpc": "2.0", "method": "subscription", "params": {"channel": "book.BTC-11APR25.none.20.100ms", "data": {"timestamp": 1743780184630, "change_id": 95605119187, "instrument_name": "BTC-11APR25", "bids": [[83465.0, 37010.0], [83460.0, 7450.0], [83457.5, 3800.0], [83455.0, 7150.0], [83452.5, 10000.0], [83450.0, 3800.0], [83447.5, 120.0], [83445.0, 7150.0], [83432.5, 7150.0], [83430.0, 54430.0], [83425.0, 2000.0], [83410.0, 6830.0], [83400.0, 6850.0], [83360.0, 7040.0], [83347.5, 33170.0], [83332.5, 111940.0], [83270.0, 6960.0], [83267.5, 20.0], [83242.5, 3300.0], [83240.0, 7030.0]], "asks": [[83467.5, 3810.0], [83470.0, 4940.0], [83472.5, 3800.0], [83477.5, 2530.0], [83480.0, 20000.0], [83487.5, 7150.0], [83492.5, 120.0], [83497.5, 57450.0], [83500.0, 7150.0], [83505.0, 10000.0], [83510.0, 7150.0], [83530.0, 6830.0], [83532.5, 20.0], [83595.0, 6910.0], [83600.0, 20.0], [83665.0, 6930.0], [83667.5, 20.0], [83672.5, 26250.0], [83675.0, 7020.0], [83687.5, 410.0]]}}}
{"jsonrpc": "2.0", "method": "subscription", "params": {"channel": "book.BTC-18APR25.none.20.100ms", "data": {"timestamp": 1743780184505, "change_id": 95605118930, "instrument_name": "BTC-18APR25", "bids": [[83555.0, 10.0], [83552.5, 2700.0], [83550.0, 20000.0], [83547.5, 7440.0], [83532.5, 10000.0], [83467.5, 20.0], [83400.0, 10.0], [83332.5, 20.0], [83285.0, 16530.0], [83267.5, 20.0], [83230.0, 50000.0], [83200.0, 20.0], [83137.5, 7780.0], [83135.0, 20.0], [83107.5, 71790.0], [83105.0, 76320.0], [83067.5, 20.0], [83035.0, 50000.0], [83000.0, 20.0], [82950.0, 50000.0]], "asks": [[83585.0, 20000.0], [83587.5, 24410.0], [83590.0, 7440.0], [83600.0, 20.0], [83642.5, 2000.0], [83667.5, 20.0], [83735.0, 20.0], [83800.0, 20.0], [83857.5, 50000.0], [83860.0, 50000.0], [83867.5, 20.0], [83935.0, 20.0], [83945.0, 50000.0], [83992.5, 6290.0], [84002.5, 18280.0], [84057.5, 75030.0], [84070.0, 20.0], [84080.0, 3300.0], [84112.5, 50000.0], [84137.5, 20.0]]}}}
{"jsonrpc": "2.0", "method": "subscription", "params": {"channel": "book.BTC-11APR25.none.20.100ms", "data": {"timestamp": 1743780184957, "change_id": 95605119871, "instrument_name": "BTC-11APR25", "bids": [[83467.5, 10810.0], [83465.0, 37000.0], [83460.0, 7450.0], [83457.5, 3920.0], [83455.0, 7150.0], [83452.5, 10000.0], [83445.0, 2000.0], [83432.5, 7150.0], [83410.0, 6830.0], [83400.0, 6850.0], [83360.0, 7040.0], [83347.5, 33170.0], [83332.5, 111940.0], [83270.0, 6960.0], [83267.5, 20.0], [83242.5, 3300.0], [83240.0, 7030.0], [83225.0, 13230.0], [83220.0, 7450.0], [83210.0, 7160.0]], "asks": [[83470.0, 3800.0], [83487.5, 2150.0], [83490.0, 8670.0], [83492.5, 20120.0], [83497.5, 7450.0], [83500.0, 7150.0], [83505.0, 10000.0], [83530.0, 6830.0], [83532.5, 20.0], [83535.0, 50000.0], [83595.0, 6910.0], [83600.0, 20.0], [83665.0, 6930.0], [83667.5, 20.0], [83672.5, 26250.0], [83675.0, 7020.0], [83687.5, 410.0], [83705.0, 105000.0], [83727.5, 7040.0], [83735.0, 20.0]]}}}
{"jsonrpc": "2.0", "method": "subscription", "params": {"channel": "book.BTC-18APR25.none.20.100ms", "data": {"timestamp": 1743780184938, "change_id": 95605119713, "instrument_name": "BTC-18APR25", "bids": [[83555.0, 10.0], [83552.5, 2700.0], [83550.0, 20000.0], [83547.5, 7440.0], [83532.5, 10000.0], [83467.5, 20.0], [83400.0, 10.0], [83332.5, 20.0], [83285.0, 16530.0], [83267.5, 20.0], [83230.0, 50000.0], [83200.0, 20.0], [83137.5, 7780.0], [83135.0, 20.0], [83107.5, 71790.0], [83105.0, 76320.0], [83067.5, 20.0], [83035.0, 50000.0], [83000.0, 20.0], [82950.0, 50000.0]], "asks": [[83587.5, 44410.0], [83590.0, 7440.0], [83600.0, 20.0], [83642.5, 2000.0], [83667.5, 20.0], [83735.0, 20.0], [83800.0, 20.0], [83857.5, 50000.0], [83860.0, 50000.0], [83867.5, 20.0], [83935.0, 20.0], [83945.0, 50000.0], [83992.5, 6290.0], [84002.5, 18280.0], [84057.5, 75030.0], [84070.0, 20.0], [84080.0, 3300.0], [84112.5, 50000.0], [84137.5, 20.0], [84190.0, 13230.0]]}}}
{"jsonrpc": "2.0", "method": "subscription", "params": {"channel": "book.BTC-11APR25.none.20.100ms", "data": {"timestamp": 1743780185330, "change_id": 95605121280, "instrument_name": "BTC-11APR25", "bids": [[83482.5, 10010.0], [83480.0, 3800.0], [83477.5, 7000.0], [83475.0, 30000.0], [83472.5, 7450.0], [83467.5, 11070.0], [83465.0, 10000.0], [83457.5, 3800.0], [83455.0, 7150.0], [83445.0, 9150.0], [83442.5, 83440.0], [83432.5, 7150.0], [83410.0, 6830.0], [83400.0, 6850.0], [83360.0, 7040.0], [83347.5, 33170.0], [83332.5, 111940.0], [83270.0, 6960.0], [83267.5, 20.0], [83242.5, 3300.0]], "asks": [[83485.0, 3810.0], [83487.5, 3800.0], [83490.0, 3670.0], [83492.5, 20000.0], [83507.5, 120.0], [83530.0, 6830.0], [83532.5, 20.0], [83595.0, 6910.0], [83600.0, 20.0], [83602.5, 50000.0], [83665.0, 6930.0], [83667.5, 20.0], [83672.5, 26250.0], [83675.0, 7020.0], [83687.5, 410.0], [83705.0, 105000.0], [83727.5, 7040.0], [83735.0, 20.0], [83737.5, 6860.0], [83747.5, 6830.0]]}}}
{"jsonrpc": "2.0", "method": "subscription", "params": {"channel": "book.BTC-18APR25.none.20.100ms", "data": {"timestamp": 1743780185304, "change_id": 95605121215, "instrument_name": "BTC-18APR25", "bids": [[83567.5, 2230.0], [83565.0, 7440.0], [83555.0, 10.0], [83552.5, 470.0], [83550.0, 20000.0], [83545.0, 10000.0], [83467.5, 20.0], [83400.0, 10.0], [83332.5, 20.0], [83285.0, 16530.0], [83267.5, 20.0], [83230.0, 50000.0], [83200.0, 20.0], [83142.5, 7780.0], [83135.0, 20.0], [83107.5, 71790.0], [83105.0, 76320.0], [83067.5, 20.0], [83035.0, 50000.0], [83000.0, 20.0]], "asks": [[83600.0, 20.0], [83642.5, 2000.0], [83667.5, 20.0], [83735.0, 20.0], [83800.0, 20.0], [83855.0, 20000.0], [83857.5, 50000.0], [83860.0, 50000.0], [83867.5, 20.0], [83935.0, 20.0], [83945.0, 50000.0], [83992.5, 6290.0], [84002.5, 18280.0], [84057.5, 75030.0], [84070.0, 20.0], [84080.0, 3300.0], [84112.5, 50000.0], [84137.5, 20.0], [84190.0, 13230.0], [84205.0, 20.0]]}}}
{"jsonrpc": "2.0", "method": "subscription", "params": {"channel": "book.BTC-11APR25.none.20.100ms", "data": {"timestamp": 1743780185660, "change_id": 95605122837, "instrument_name": "BTC-11APR25", "bids": [[83495.0, 30000.0], [83490.0, 7000.0], [83487.5, 3800.0], [83485.0, 7450.0], [83482.5, 3000.0], [83477.5, 7150.0], [83475.0, 10000.0], [83467.5, 11070.0], [83457.5, 3800.0], [83455.0, 7150.0], [83445.0, 7150.0], [83432.5, 7150.0], [83410.0, 6830.0], [83400.0, 6850.0], [83360.0, 7040.0], [83347.5, 33170.0], [83332.5, 111940.0], [83270.0, 6960.0], [83267.5, 20.0], [83242.5, 3300.0]], "asks": [[83497.5, 3810.0], [83500.0, 7000.0], [83502.5, 1140.0], [83505.0, 3800.0], [83515.0, 2530.0], [83517.5, 20000.0], [83520.0, 24720.0], [83527.5, 50000.0], [83530.0, 6830.0], [83532.5, 20.0], [83595.0, 6910.0], [83600.0, 20.0], [83665.0, 6930.0], [83667.5, 20.0], [83672.5, 26250.0], [83675.0, 7020.0], [83687.5, 410.0], [83705.0, 105000.0], [83727.5, 7040.0], [83735.0, 20.0]]}}}
{"jsonrpc": "2.0", "method": "subscription", "params": {"channel": "book.BTC-18APR25.none.20.100ms", "data": {"timestamp": 1743780185605, "change_id": 95605122540, "instrument_name": "BTC-18APR25", "bids": [[83582.5, 10.0], [83577.5, 2230.0], [83575.0, 7440.0], [83567.5, 470.0], [83565.0, 20000.0], [83557.5, 10000.0], [83467.5, 20.0], [83400.0, 10.0], [83332.5, 20.0], [83285.0, 16530.0], [83267.5, 20.0], [83230.0, 50000.0], [83200.0, 20.0], [83137.5, 7780.0], [83135.0, 20.0], [83107.5, 71790.0], [83105.0, 76320.0], [83067.5, 20.0], [83035.0, 50000.0], [83000.0, 20.0]], "asks": [[83600.0, 20.0], [83602.5, 10000.0], [83607.5, 7440.0], [83665.0, 2000.0], [83667.5, 20.0], [83735.0, 20.0], [83800.0, 20.0], [83855.0, 20000.0], [83857.5, 50000.0], [83860.0, 50000.0], [83867.5, 20.0], [83935.0, 20.0], [83945.0, 50000.0], [83992.5, 6290.0], [84002.5, 18280.0], [84057.5, 75030.0], [84070.0, 20.0], [84080.0, 3300.0], [84112.5, 50000.0], [84137.5, 20.0]]}}}
{"jsonrpc": "2.0", "method": "subscription", "params": {"channel": "book.BTC-11APR25.none.20.100ms", "data": {"timestamp": 1743780185992, "change_id": 95605123647, "instrument_name": "BTC-11APR25", "bids": [[83495.0, 37010.0], [83490.0, 7000.0], [83487.5, 3800.0], [83485.0, 7450.0], [83477.5, 7270.0], [83475.0, 10000.0], [83467.5, 7150.0], [83457.5, 3800.0], [83455.0, 7150.0], [83445.0, 7150.0], [83432.5, 7150.0], [83410.0, 6830.0], [83400.0, 6850.0], [83360.0, 7040.0], [83347.5, 33170.0], [83332.5, 111940.0], [83305.0, 450.0], [83270.0, 6960.0], [83267.5, 20.0], [83242.5, 3300.0]], "asks": [[83497.5, 3800.0], [83512.5, 7470.0], [83515.0, 20000.0], [83520.0, 14720.0], [83527.5, 50000.0], [83530.0, 6830.0], [83532.5, 10020.0], [83595.0, 6910.0], [83600.0, 20.0], [83665.0, 6930.0], [83667.5, 20.0], [83672.5, 26250.0], [83675.0, 7020.0], [83687.5, 410.0], [83705.0, 105000.0], [83727.5, 7040.0], [83735.0, 20.0], [83737.5, 6860.0], [83747.5, 6830.0], [83772.5, 410.0]]}}}
{"jsonrpc": "2.0", "method": "subscription", "params": {"channel": "book.BTC-18APR25.none.20.100ms", "data": {"timestamp": 1743780185910, "change_id": 95605123631, "instrument_name": "BTC-18APR25", "bids": [[83587.5, 10.0], [83582.5, 2700.0], [83580.0, 20000.0], [83575.0, 7440.0], [83557.5, 10000.0], [83467.5, 20.0], [83400.0, 10.0], [83332.5, 20.0], [83285.0, 16530.0], [83267.5, 20.0], [83230.0, 50000.0], [83200.0, 20.0], [83137.5, 7780.0], [83135.0, 20.0], [83107.5, 71790.0], [83105.0, 76320.0], [83067.5, 20.0], [83035.0, 50000.0], [83000.0, 20.0], [82950.0, 50000.0]], "asks": [[83595.0, 10.0], [83600.0, 20.0], [83607.5, 7440.0], [83615.0, 10000.0], [83620.0, 6320.0], [83665.0, 2000.0], [83667.5, 20.0], [83735.0, 20.0], [83800.0, 20.0], [83855.0, 20000.0], [83857.5, 50000.0], [83860.0, 50000.0], [83867.5, 20.0], [83935.0, 20.0], [83945.0, 50000.0], [83992.5, 6290.0], [84002.5, 18280.0], [84057.5, 75030.0], [84070.0, 20.0], [84080.0, 3300.0]]}}}
{"jsonrpc": "2.0", "method": "subscription", "params": {"channel": "book.BTC-11APR25.none.20.100ms", "data": {"timestamp": 1743780186314, "change_id": 95605124480, "instrument_name": "BTC-11APR25", "bids": [[83495.0, 30010.0], [83490.0, 7000.0], [83487.5, 3800.0], [83485.0, 17450.0], [83477.5, 7270.0], [83467.5, 7150.0], [83457.5, 3800.0], [83455.0, 7150.0], [83445.0, 7150.0], [83432.5, 7150.0], [83410.0, 6830.0], [83400.0, 6850.0], [83360.0, 7040.0], [83347.5, 33170.0], [83332.5, 111940.0], [83305.0, 450.0], [83270.0, 6960.0], [83267.5, 20.0], [83242.5, 3300.0], [83240.0, 7030.0]], "asks": [[83497.5, 10800.0], [83505.0, 2150.0], [83507.5, 7150.0], [83510.0, 1140.0], [83512.5, 3800.0], [83517.5, 380.0], [83520.0, 14720.0], [83527.5, 50000.0], [83530.0, 6830.0], [83532.5, 10020.0], [83540.0, 7150.0], [83572.5, 20000.0], [83595.0, 6910.0], [83600.0, 20.0], [83665.0, 6930.0], [83667.5, 20.0], [83672.5, 26250.0], [83675.0, 7020.0], [83687.5, 410.0], [83705.0, 105000.0]]}}}
{"jsonrpc": "2.0", "method": "subscription", "params": {"channel": "book.BTC-18APR25.none.20.100ms", "data": {"timestamp": 1743780186148, "change_id": 95605124271, "instrument_name": "BTC-18APR25", "bids": [[83587.5, 10.0], [83582.5, 2700.0], [83580.0, 20000.0], [83575.0, 7440.0], [83557.5, 10000.0], [83467.5, 20.0], [83400.0, 10.0], [83332.5, 20.0], [83285.0, 16530.0], [83267.5, 20.0], [83230.0, 50000.0], [83200.0, 20.0], [83137.5, 7780.0], [83135.0, 20.0], [83107.5, 71790.0], [83105.0, 76320.0], [83067.5, 20.0], [83035.0, 50000.0], [83000.0, 20.0], [82950.0, 50000.0]], "asks": [[83600.0, 20.0], [83612.5, 20000.0], [83615.0, 17440.0], [83620.0, 6320.0], [83665.0, 2000.0], [83667.5, 20.0], [83735.0, 20.0], [83800.0, 20.0], [83857.5, 50000.0], [83860.0, 50000.0], [83867.5, 20.0], [83935.0, 20.0], [83945.0, 50000.0], [83992.5, 6290.0], [84002.5, 18280.0], [84057.5, 75030.0], [84070.0, 20.0], [84080.0, 3300.0], [84112.5, 50000.0], [84137.5, 20.0]]}}}
{"jsonrpc": "2.0", "method": "subscription", "params": {"channel": "book.BTC-11APR25.none.20.100ms", "data": {"timestamp": 1743780186570, "change_id": 95605124866, "instrument_name": "BTC-11APR25", "bids": [[83495.0, 37010.0], [83487.5, 3800.0], [83485.0, 17450.0], [83477.5, 7270.0], [83467.5, 7150.0], [83457.5, 3800.0], [83455.0, 7150.0], [83445.0, 7150.0], [83432.5, 7150.0], [83410.0, 6830.0], [83400.0, 6850.0], [83360.0, 7040.0], [83347.5, 33170.0], [83332.5, 111940.0], [83305.0, 450.0], [83270.0, 6960.0], [83267.5, 20.0], [83242.5, 3300.0], [83240.0, 7030.0], [83225.0, 13230.0]], "asks": [[83497.5, 3800.0], [83510.0, 1140.0], [83512.5, 3800.0], [83517.5, 2530.0], [83520.0, 14720.0], [83530.0, 56830.0], [83532.5, 10020.0], [83540.0, 7150.0], [83572.5, 20000.0], [83595.0, 6910.0], [83600.0, 20.0], [83665.0, 6930.0], [83667.5, 20.0], [83672.5, 26250.0], [83675.0, 7020.0], [83687.5, 410.0], [83705.0, 105000.0], [83727.5, 7040.0], [83735.0, 20.0], [83737.5, 6860.0]]}}}
{"jsonrpc": "2.0", "method": "subscription", "params": {"channel": "book.BTC-18APR25.none.20.100ms", "data": {"timestamp": 1743780186503, "change_id": 95605124701, "instrument_name": "BTC-18APR25", "bids": [[83587.5, 10.0], [83582.5, 2700.0], [83580.0, 20000.0], [83575.0, 7440.0], [83567.5, 10000.0], [83467.5, 20.0], [83400.0, 10.0], [83332.5, 20.0], [83315.0, 50000.0], [83285.0, 16530.0], [83267.5, 20.0], [83230.0, 50000.0], [83200.0, 20.0], [83137.5, 7780.0], [83135.0, 20.0], [83107.5, 71790.0], [83105.0, 76320.0], [83067.5, 20.0], [83035.0, 50000.0], [83000.0, 20.0]], "asks": [[83600.0, 20.0], [83615.0, 17440.0], [83620.0, 6320.0], [83652.5, 20000.0], [83665.0, 2000.0], [83667.5, 20.0], [83735.0, 20.0], [83800.0, 20.0], [83857.5, 50000.0], [83860.0, 50000.0], [83867.5, 20.0], [83935.0, 20.0], [83945.0, 50000.0], [83992.5, 6290.0], [84002.5, 18280.0], [84057.5, 75030.0], [84070.0, 20.0], [84080.0, 3300.0], [84112.5, 50000.0], [84137.5, 20.0]]}}}
{"jsonrpc": "2.0", "method": "subscription", "params": {"channel": "book.BTC-11APR25.none.20.100ms", "data": {"timestamp": 1743780186927, "change_id": 95605125503, "instrument_name": "BTC-11APR25", "bids": [[83497.5, 7010.0], [83495.0, 37000.0], [83487.5, 10950.0], [83485.0, 17450.0], [83477.5, 7270.0], [83467.5, 7150.0], [83457.5, 3800.0], [83445.0, 7150.0], [83432.5, 7150.0], [83410.0, 6830.0], [83400.0, 6850.0], [83360.0, 7040.0], [83347.5, 33170.0], [83332.5, 111940.0], [83305.0, 450.0], [83270.0, 6960.0], [83267.5, 20.0], [83242.5, 3300.0], [83240.0, 7030.0], [83225.0, 13230.0]], "asks": [[83500.0, 3800.0], [83502.5, 3800.0], [83520.0, 7270.0], [83527.5, 2050.0], [83530.0, 8450.0], [83532.5, 10020.0], [83540.0, 7150.0], [83570.0, 57150.0], [83572.5, 20000.0], [83595.0, 6910.0], [83600.0, 20.0], [83665.0, 6930.0], [83667.5, 20.0], [83672.5, 26250.0], [83675.0, 7020.0], [83687.5, 410.0], [83705.0, 105000.0], [83727.5, 7040.0], [83735.0, 20.0], [83747.5, 6830.0]]}}}
{"jsonrpc": "2.0", "method": "subscription", "params": {"channel": "book.BTC-18APR25.none.20.100ms", "data": {"timestamp": 1743780186823, "change_id": 95605125259, "instrument_name": "BTC-18APR25", "bids": [[83587.5, 10.0], [83582.5, 2700.0], [83580.0, 20000.0], [83575.0, 7440.0], [83567.5, 10000.0], [83467.5, 20.0], [83400.0, 10.0], [83332.5, 20.0], [83315.0, 50000.0], [83285.0, 16530.0], [83267.5, 20.0], [83230.0, 50000.0], [83200.0, 20.0], [83137.5, 7780.0], [83135.0, 20.0], [83107.5, 71790.0], [83105.0, 76320.0], [83067.5, 20.0], [83035.0, 50000.0], [83000.0, 20.0]], "asks": [[83600.0, 20.0], [83615.0, 17440.0], [83620.0, 6320.0], [83655.0, 20000.0], [83665.0, 2000.0], [83667.5, 20.0], [83735.0, 20.0], [83800.0, 20.0], [83857.5, 50000.0], [83860.0, 50000.0], [83867.5, 20.0], [83935.0, 20.0], [83945.0, 50000.0], [83992.5, 6290.0], [84002.5, 18280.0], [84057.5, 75030.0], [84070.0, 20.0], [84080.0, 3300.0], [84112.5, 50000.0], [84137.5, 20.0]]}}}
{"jsonrpc": "2.0", "method": "subscription", "params": {"channel": "book.BTC-11APR25.none.20.100ms", "data": {"timestamp": 1743780187305, "change_id": 95605126318, "instrument_name": "BTC-11APR25", "bids": [[83495.0, 37010.0], [83487.5, 3920.0], [83485.0, 17450.0], [83477.5, 7150.0], [83467.5, 7150.0], [83457.5, 3800.0], [83445.0, 7150.0], [83432.5, 7150.0], [83410.0, 6830.0], [83400.0, 6850.0], [83360.0, 7040.0], [83347.5, 33170.0], [83332.5, 111940.0], [83305.0, 450.0], [83270.0, 6960.0], [83267.5, 20.0], [83242.5, 3300.0], [83240.0, 7030.0], [83225.0, 13230.0], [83220.0, 7040.0]], "asks": [[83497.5, 3810.0], [83500.0, 3800.0], [83520.0, 7270.0], [83527.5, 29500.0], [83530.0, 8450.0], [83532.5, 10020.0], [83540.0, 7150.0], [83570.0, 57150.0], [83595.0, 6910.0], [83600.0, 20.0], [83665.0, 6930.0], [83667.5, 20.0], [83672.5, 26250.0], [83675.0, 7020.0], [83687.5, 410.0], [83705.0, 105000.0], [83727.5, 7040.0], [83735.0, 20.0], [83747.5, 6830.0], [83772.5, 410.0]]}}}
{"jsonrpc": "2.0", "method": "subscription", "params": {"channel": "book.BTC-18APR25.none.20.100ms", "data": {"timestamp": 1743780187234, "change_id": 95605126108, "instrument_name": "BTC-18APR25", "bids": [[83587.5, 10.0], [83582.5, 2700.0], [83580.0, 20000.0], [83575.0, 7440.0], [83567.5, 10000.0], [83467.5, 20.0], [83400.0, 10.0], [83332.5, 20.0], [83315.0, 50000.0], [83285.0, 16530.0], [83267.5, 20.0], [83230.0, 50000.0], [83200.0, 20.0], [83137.5, 7780.0], [83135.0, 20.0], [83107.5, 71790.0], [83105.0, 76320.0], [83067.5, 20.0], [83035.0, 50000.0], [83000.0, 20.0]], "asks": [[83600.0, 20.0], [83615.0, 17440.0], [83655.0, 20000.0], [83665.0, 2000.0], [83667.5, 20.0], [83735.0, 20.0], [83800.0, 20.0], [83857.5, 50000.0], [83860.0, 50000.0], [83867.5, 20.0], [83935.0, 20.0], [83945.0, 50000.0], [83992.5, 6290.0], [84002.5, 18280.0], [84057.5, 75030.0], [84070.0, 20.0], [84080.0, 3300.0], [84112.5, 50000.0], [84137.5, 20.0], [84190.0, 13230.0]]}}}
{"jsonrpc": "2.0", "method": "subscription", "params": {"channel": "book.BTC-11APR25.none.20.100ms", "data": {"timestamp": 1743780187644, "change_id": 95605126692, "instrument_name": "BTC-11APR25", "bids": [[83495.0, 30010.0], [83487.5, 120.0], [83485.0, 17450.0], [83467.5, 7150.0], [83465.0, 2000.0], [83457.5, 3800.0], [83445.0, 7150.0], [83432.5, 7150.0], [83410.0, 6830.0], [83400.0, 6850.0], [83360.0, 7040.0], [83347.5, 33170.0], [83332.5, 111940.0], [83305.0, 450.0], [83270.0, 6960.0], [83267.5, 20.0], [83242.5, 3300.0], [83240.0, 7030.0], [83225.0, 13230.0], [83220.0, 7040.0]], "asks": [[83497.5, 10810.0], [83500.0, 3800.0], [83520.0, 7270.0], [83527.5, 29500.0], [83530.0, 8450.0], [83532.5, 10020.0], [83540.0, 7150.0], [83570.0, 57150.0], [83595.0, 6910.0], [83600.0, 20.0], [83665.0, 6930.0], [83667.5, 20.0], [83672.5, 26250.0], [83675.0, 7020.0], [83687.5, 410.0], [83705.0, 105000.0], [83727.5, 7040.0], [83735.0, 20.0], [83747.5, 6830.0], [83772.5, 410.0]]}}}
{"jsonrpc": "2.0", "method": "subscription", "params": {"channel": "book.BTC-11APR25.none.20.100ms", "data": {"timestamp": 1743780187972, "change_id": 95605127722, "instrument_name": "BTC-11APR25", "bids": [[83487.5, 20.0], [83485.0, 40000.0], [83472.5, 11370.0], [83470.0, 83470.0], [83467.5, 7150.0], [83445.0, 7150.0], [83432.5, 7150.0], [83410.0, 6830.0], [83400.0, 6850.0], [83360.0, 7040.0], [83347.5, 33170.0], [83332.5, 111940.0], [83305.0, 450.0], [83270.0, 6960.0], [83267.5, 20.0], [83242.5, 3300.0], [83240.0, 7030.0], [83225.0, 13230.0], [83220.0, 7040.0], [83212.5, 50000.0]], "asks": [[83490.0, 10810.0], [83492.5, 10800.0], [83497.5, 2150.0], [83500.0, 7150.0], [83507.5, 1520.0], [83510.0, 7150.0], [83512.5, 7450.0], [83520.0, 7270.0], [83527.5, 20000.0], [83530.0, 56830.0], [83532.5, 10020.0], [83540.0, 7150.0], [83570.0, 7150.0], [83595.0, 6910.0], [83600.0, 20.0], [83665.0, 6930.0], [83667.5, 20.0], [83672.5, 26250.0], [83675.0, 7020.0], [83687.5, 410.0]]}}}
{"jsonrpc": "2.0", "method": "subscription", "params": {"channel": "book.BTC-18APR25.none.20.100ms", "data": {"timestamp": 1743780187830, "change_id": 95605127430, "instrument_name": "BTC-18APR25", "bids": [[83570.0, 2700.0], [83567.5, 30000.0], [83562.5, 7440.0], [83467.5, 20.0], [83400.0, 10.0], [83332.5, 20.0], [83315.0, 50000.0], [83285.0, 16530.0], [83267.5, 20.0], [83230.0, 50000.0], [83200.0, 20.0], [83137.5, 7780.0], [83135.0, 20.0], [83107.5, 71790.0], [83105.0, 76320.0], [83067.5, 20.0], [83035.0, 50000.0], [83000.0, 20.0], [82935.0, 20.0], [82867.5, 20.0]], "asks": [[83595.0, 10.0], [83600.0, 20.0], [83605.0, 17440.0], [83655.0, 20000.0], [83665.0, 2000.0], [83667.5, 20.0], [83735.0, 20.0], [83800.0, 20.0], [83857.5, 50000.0], [83860.0, 50000.0], [83867.5, 20.0], [83935.0, 20.0], [83945.0, 50000.0], [83992.5, 6290.0], [84002.5, 18280.0], [84057.5, 75030.0], [84070.0, 20.0], [84080.0, 3300.0], [84112.5, 50000.0], [84137.5, 20.0]]}}}
{"jsonrpc": "2.0", "method": "subscription", "params": {"channel": "book.BTC-11APR25.none.20.100ms", "data": {"timestamp": 1743780188308, "change_id": 95605129476, "instrument_name": "BTC-11APR25", "bids": [[83455.0, 10800.0], [83452.5, 30120.0], [83447.5, 7450.0], [83445.0, 7000.0], [83410.0, 6830.0], [83400.0, 6850.0], [83360.0, 7040.0], [83347.5, 33170.0], [83332.5, 111940.0], [83305.0, 450.0], [83270.0, 6960.0], [83267.5, 20.0], [83242.5, 3300.0], [83240.0, 7030.0], [83225.0, 13230.0], [83220.0, 7040.0], [83212.5, 50000.0], [83210.0, 7160.0], [83200.0, 6940.0], [83180.0, 6830.0]], "asks": [[83470.0, 2110.0], [83472.5, 7000.0], [83477.5, 1490.0], [83480.0, 10800.0], [83482.5, 7150.0], [83485.0, 3800.0], [83497.5, 120.0], [83500.0, 7150.0], [83502.5, 20000.0], [83507.5, 50000.0], [83510.0, 7150.0], [83520.0, 7150.0], [83522.5, 10000.0], [83530.0, 6830.0], [83532.5, 20.0], [83540.0, 7150.0], [83570.0, 7150.0], [83595.0, 6910.0], [83600.0, 20.0], [83665.0, 6930.0]]}}}
{"jsonrpc": "2.0", "method": "subscription", "params": {"channel": "book.BTC-18APR25.none.20.100ms", "data": {"timestamp": 1743780188308, "change_id": 95605129475, "instrument_name": "BTC-18APR25", "bids": [[83557.5, 10.0], [83555.0, 2700.0], [83552.5, 20000.0], [83467.5, 20.0], [83400.0, 10.0], [83332.5, 20.0], [83285.0, 16530.0], [83267.5, 20.0], [83230.0, 50000.0], [83200.0, 20.0], [83137.5, 7780.0], [83135.0, 20.0], [83107.5, 71790.0], [83105.0, 76320.0], [83067.5, 20.0], [83035.0, 50000.0], [83000.0, 20.0], [82950.0, 50000.0], [82935.0, 20.0], [82867.5, 20.0]], "asks": [[83580.0, 7440.0], [83595.0, 10.0], [83600.0, 20.0], [83605.0, 10000.0], [83655.0, 20000.0], [83667.5, 20.0], [83735.0, 20.0], [83800.0, 20.0], [83857.5, 50000.0], [83860.0, 50000.0], [83867.5, 20.0], [83935.0, 20.0], [83945.0, 50000.0], [83992.5, 6290.0], [84002.5, 20.0], [84050.0, 18260.0], [84057.5, 75030.0], [84070.0, 20.0], [84080.0, 3300.0], [84112.5, 50000.0]]}}}
{"jsonrpc": "2.0", "method": "subscription", "params": {"channel": "book.BTC-11APR25.none.20.100ms", "data": {"timestamp": 1743780188564, "change_id": 95605130688, "instrument_name": "BTC-11APR25", "bids": [[83462.5, 30000.0], [83455.0, 10000.0], [83452.5, 120.0], [83447.5, 7450.0], [83410.0, 6830.0], [83400.0, 6850.0], [83360.0, 7040.0], [83347.5, 33170.0], [83332.5, 111940.0], [83275.0, 450.0], [83270.0, 6960.0], [83267.5, 20.0], [83242.5, 3300.0], [83240.0, 7030.0], [83225.0, 13230.0], [83220.0, 7040.0], [83212.5, 50000.0], [83210.0, 7160.0], [83200.0, 6940.0], [83180.0, 6830.0]], "asks": [[83465.0, 7010.0], [83467.5, 2100.0], [83470.0, 7000.0], [83477.5, 930.0], [83480.0, 4440.0], [83482.5, 7150.0], [83485.0, 3800.0], [83490.0, 7450.0], [83497.5, 21850.0], [83500.0, 77150.0], [83505.0, 10000.0], [83510.0, 7150.0], [83520.0, 7150.0], [83530.0, 6830.0], [83532.5, 20.0], [83540.0, 7150.0], [83570.0, 7150.0], [83595.0, 6910.0], [83600.0, 20.0], [83665.0, 6930.0]]}}}
{"jsonrpc": "2.0", "method": "subscription", "params": {"channel": "book.BTC-18APR25.none.20.100ms", "data": {"timestamp": 1743780188312, "change_id": 95605130692, "instrument_name": "BTC-18APR25", "bids": [[83557.5, 10.0], [83542.5, 2230.0], [83540.0, 7440.0], [83537.5, 470.0], [83535.0, 10000.0], [83467.5, 20.0], [83400.0, 10.0], [83332.5, 20.0], [83285.0, 16530.0], [83267.5, 20.0], [83230.0, 50000.0], [83200.0, 20.0], [83135.0, 20.0], [83110.0, 7780.0], [83107.5, 71790.0], [83105.0, 76320.0], [83067.5, 20.0], [83035.0, 50000.0], [83000.0, 20.0], [82950.0, 50000.0]], "asks": [[83575.0, 10.0], [83580.0, 7440.0], [83587.5, 31760.0], [83595.0, 20000.0], [83600.0, 20.0], [83667.5, 20.0], [83735.0, 20.0], [83800.0, 20.0], [83857.5, 50000.0], [83860.0, 50000.0], [83867.5, 20.0], [83935.0, 20.0], [83945.0, 50000.0], [83992.5, 6290.0], [84002.5, 20.0], [84050.0, 18260.0], [84057.5, 75030.0], [84070.0, 20.0], [84080.0, 3300.0], [84112.5, 50000.0]]}}}
{"jsonrpc": "2.0", "method": "subscription", "params": {"channel": "book.BTC-11APR25.none.20.100ms", "data": {"timestamp": 1743780188889, "change_id": 95605132507, "instrument_name": "BTC-11APR25", "bids": [[83455.0, 50.0], [83452.5, 30000.0], [83440.0, 120.0], [83437.5, 10000.0], [83435.0, 7450.0], [83410.0, 6830.0], [83400.0, 6850.0], [83360.0, 7040.0], [83347.5, 33170.0], [83332.5, 111940.0], [83275.0, 450.0], [83270.0, 6960.0], [83267.5, 20.0], [83242.5, 3300.0], [83240.0, 7030.0], [83225.0, 13230.0], [83220.0, 7040.0], [83212.5, 50000.0], [83210.0, 7160.0], [83200.0, 6940.0]], "asks": [[83457.5, 7010.0], [83460.0, 10.0], [83462.5, 2100.0], [83465.0, 8560.0], [83467.5, 7150.0], [83477.5, 77450.0], [83480.0, 3800.0], [83482.5, 7150.0], [83485.0, 120.0], [83487.5, 10000.0], [83500.0, 7150.0], [83510.0, 7150.0], [83520.0, 7150.0], [83530.0, 6830.0], [83532.5, 20.0], [83540.0, 7150.0], [83570.0, 7150.0], [83595.0, 6910.0], [83600.0, 20.0], [83665.0, 6930.0]]}}}
{"jsonrpc": "2.0", "method": "subscription", "params": {"channel": "book.BTC-18APR25.none.20.100ms", "data": {"timestamp": 1743780188842, "change_id": 95605132434, "instrument_name": "BTC-18APR25", "bids": [[83530.0, 2700.0], [83527.5, 27440.0], [83520.0, 10000.0], [83467.5, 20.0], [83400.0, 10.0], [83332.5, 20.0], [83285.0, 16530.0], [83267.5, 20.0], [83230.0, 50000.0], [83200.0, 20.0], [83135.0, 20.0], [83120.0, 7780.0], [83107.5, 52930.0], [83082.5, 18860.0], [83067.5, 20.0], [83035.0, 50000.0], [83022.5, 76320.0], [83000.0, 20.0], [82950.0, 50000.0], [82935.0, 20.0]], "asks": [[83570.0, 7440.0], [83575.0, 10.0], [83577.5, 10000.0], [83585.0, 20000.0], [83600.0, 20.0], [83667.5, 20.0], [83735.0, 20.0], [83800.0, 20.0], [83857.5, 50000.0], [83860.0, 50000.0], [83867.5, 20.0], [83935.0, 20.0], [83945.0, 50000.0], [83992.5, 6290.0], [84002.5, 20.0], [84050.0, 18260.0], [84057.5, 75030.0], [84070.0, 20.0], [84080.0, 3300.0], [84112.5, 50000.0]]}}}
{"jsonrpc": "2.0", "method": "subscription", "params": {"channel": "book.BTC-11APR25.none.20.100ms", "data": {"timestamp": 1743780189213, "change_id": 95605133853, "instrument_name": "BTC-11APR25", "bids": [[83445.0, 10.0], [83442.5, 10.0], [83440.0, 30120.0], [83437.5, 10000.0], [83435.0, 7450.0], [83422.5, 7150.0], [83410.0, 6830.0], [83400.0, 6850.0], [83360.0, 7040.0], [83347.5, 33170.0], [83332.5, 111940.0], [83275.0, 450.0], [83270.0, 6960.0], [83267.5, 20.0], [83242.5, 3300.0], [83240.0, 7030.0], [83225.0, 13230.0], [83220.0, 7040.0], [83210.0, 7160.0], [83200.0, 6940.0]], "asks": [[83447.5, 7010.0], [83450.0, 7470.0], [83452.5, 10800.0], [83467.5, 7150.0], [83475.0, 20120.0], [83477.5, 57450.0], [83480.0, 3800.0], [83482.5, 7150.0], [83487.5, 10000.0], [83510.0, 7150.0], [83520.0, 7150.0], [83530.0, 6830.0], [83532.5, 20.0], [83540.0, 7150.0], [83570.0, 7150.0], [83595.0, 6910.0], [83600.0, 20.0], [83665.0, 6930.0], [83667.5, 20.0], [83672.5, 26250.0]]}}}
{"jsonrpc": "2.0", "method": "subscription", "params": {"channel": "book.BTC-18APR25.none.20.100ms", "data": {"timestamp": 1743780189178, "change_id": 95605133612, "instrument_name": "BTC-18APR25", "bids": [[83530.0, 2700.0], [83527.5, 27440.0], [83520.0, 10000.0], [83467.5, 20.0], [83400.0, 10.0], [83332.5, 20.0], [83285.0, 16530.0], [83267.5, 20.0], [83230.0, 50000.0], [83200.0, 20.0], [83135.0, 20.0], [83112.5, 7780.0], [83107.5, 52930.0], [83082.5, 18860.0], [83067.5, 20.0], [83035.0, 50000.0], [83022.5, 76320.0], [83000.0, 20.0], [82950.0, 50000.0], [82935.0, 20.0]], "asks": [[83567.5, 10000.0], [83570.0, 7440.0], [83575.0, 10.0], [83585.0, 20000.0], [83600.0, 20.0], [83667.5, 20.0], [83735.0, 20.0], [83800.0, 20.0], [83857.5, 50000.0], [83860.0, 50000.0], [83867.5, 20.0], [83935.0, 20.0], [83945.0, 50000.0], [83992.5, 6290.0], [84002.5, 20.0], [84050.0, 18260.0], [84057.5, 75030.0], [84070.0, 20.0], [84080.0, 3300.0], [84112.5, 50000.0]]}}}
{"jsonrpc": "2.0", "method": "subscription", "params": {"channel": "book.BTC-11APR25.none.20.100ms", "data": {"timestamp": 1743780189586, "change_id": 95605134551, "instrument_name": "BTC-11APR25", "bids": [[83445.0, 4410.0], [83442.5, 10.0], [83440.0, 30120.0], [83437.5, 10000.0], [83435.0, 7450.0], [83422.5, 7150.0], [83410.0, 6830.0], [83400.0, 6850.0], [83360.0, 7040.0], [83347.5, 33170.0], [83332.5, 111940.0], [83275.0, 450.0], [83270.0, 6960.0], [83267.5, 20.0], [83242.5, 3300.0], [83240.0, 7030.0], [83225.0, 13230.0], [83220.0, 7040.0], [83210.0, 7160.0], [83200.0, 6940.0]], "asks": [[83447.5, 7010.0], [83450.0, 7470.0], [83452.5, 10800.0], [83467.5, 7150.0], [83475.0, 20120.0], [83477.5, 57450.0], [83480.0, 3800.0], [83482.5, 90630.0], [83487.5, 10000.0], [83510.0, 7150.0], [83520.0, 7150.0], [83530.0, 6830.0], [83532.5, 20.0], [83540.0, 7150.0], [83570.0, 7150.0], [83595.0, 6910.0], [83600.0, 20.0], [83665.0, 6930.0], [83667.5, 20.0], [83672.5, 26250.0]]}}}
{"jsonrpc": "2.0", "method": "subscription", "params": {"channel": "book.BTC-18APR25.none.20.100ms", "data": {"timestamp": 1743780189389, "change_id": 95605134185, "instrument_name": "BTC-18APR25", "bids": [[83530.0, 2700.0], [83527.5, 27440.0], [83520.0, 10000.0], [83467.5, 20.0], [83400.0, 10.0], [83332.5, 20.0], [83285.0, 16530.0], [83267.5, 20.0], [83230.0, 50000.0], [83200.0, 20.0], [83135.0, 20.0], [83112.5, 7780.0], [83107.5, 52930.0], [83082.5, 18860.0], [83067.5, 20.0], [83035.0, 50000.0], [83022.5, 76320.0], [83000.0, 20.0], [82950.0, 50000.0], [82935.0, 20.0]], "asks": [[83567.5, 10000.0], [83570.0, 77440.0], [83572.5, 83570.0], [83575.0, 10.0], [83600.0, 20.0], [83667.5, 20.0], [83735.0, 20.0], [83800.0, 20.0], [83860.0, 50000.0], [83867.5, 20.0], [83935.0, 20.0], [83945.0, 50000.0], [83992.5, 6290.0], [84002.5, 20.0], [84050.0, 18260.0], [84057.5, 75030.0], [84070.0, 20.0], [84080.0, 3300.0], [84112.5, 50000.0], [84137.5, 20.0]]}}}
{"jsonrpc": "2.0", "method": "subscription", "params": {"channel": "book.BTC-11APR25.none.20.100ms", "data": {"timestamp": 1743780189961, "change_id": 95605135917, "instrument_name": "BTC-11APR25", "bids": [[83462.5, 10.0], [83455.0, 18250.0], [83452.5, 30000.0], [83447.5, 13800.0], [83445.0, 7150.0], [83440.0, 120.0], [83422.5, 7150.0], [83420.0, 36860.0], [83410.0, 6830.0], [83400.0, 6850.0], [83360.0, 7040.0], [83347.5, 33170.0], [83332.5, 111940.0], [83275.0, 450.0], [83270.0, 6960.0], [83267.5, 20.0], [83240.0, 7030.0], [83220.0, 7040.0], [83210.0, 7160.0], [83200.0, 6940.0]], "asks": [[83465.0, 3800.0], [83475.0, 3670.0], [83477.5, 20000.0], [83480.0, 3800.0], [83482.5, 7150.0], [83487.5, 10120.0], [83490.0, 7450.0], [83507.5, 50000.0], [83510.0, 7150.0], [83520.0, 7150.0], [83530.0, 6830.0], [83532.5, 20.0], [83540.0, 7150.0], [83570.0, 7150.0], [83595.0, 6910.0], [83600.0, 20.0], [83665.0, 6930.0], [83667.5, 20.0], [83672.5, 26250.0], [83675.0, 7020.0]]}}}
{"jsonrpc": "2.0", "method": "subscription", "params": {"channel": "book.BTC-18APR25.none.20.100ms", "data": {"timestamp": 1743780189916, "change_id": 95605135854, "instrument_name": "BTC-18APR25", "bids": [[83545.0, 2230.0], [83542.5, 7440.0], [83530.0, 470.0], [83527.5, 20000.0], [83520.0, 10000.0], [83467.5, 20.0], [83400.0, 10.0], [83332.5, 20.0], [83267.5, 20.0], [83230.0, 50000.0], [83200.0, 20.0], [83135.0, 20.0], [83117.5, 7780.0], [83082.5, 18860.0], [83067.5, 20.0], [83035.0, 50000.0], [83022.5, 76320.0], [83000.0, 20.0], [82950.0, 50000.0], [82935.0, 20.0]], "asks": [[83567.5, 10000.0], [83570.0, 20000.0], [83575.0, 10.0], [83582.5, 7440.0], [83600.0, 20.0], [83667.5, 20.0], [83735.0, 20.0], [83800.0, 20.0], [83857.5, 50000.0], [83860.0, 50000.0], [83867.5, 20.0], [83935.0, 20.0], [83945.0, 50000.0], [83992.5, 6290.0], [84002.5, 20.0], [84050.0, 18260.0], [84057.5, 75030.0], [84070.0, 20.0], [84080.0, 3300.0], [84112.5, 50000.0]]}}}
{"jsonrpc": "2.0", "method": "subscription", "params": {"channel": "book.BTC-11APR25.none.20.100ms", "data": {"timestamp": 1743780190281, "change_id": 95605137362, "instrument_name": "BTC-11APR25", "bids": [[83467.5, 15810.0], [83465.0, 30000.0], [83457.5, 17150.0], [83455.0, 7450.0], [83450.0, 120.0], [83447.5, 3800.0], [83445.0, 7150.0], [83432.5, 2000.0], [83422.5, 7150.0], [83410.0, 6830.0], [83400.0, 6850.0], [83360.0, 7040.0], [83347.5, 33170.0], [83332.5, 111940.0], [83275.0, 450.0], [83270.0, 6960.0], [83267.5, 20.0], [83240.0, 7030.0], [83220.0, 7040.0], [83210.0, 7160.0]], "asks": [[83470.0, 3800.0], [83495.0, 7150.0], [83497.5, 20000.0], [83500.0, 17450.0], [83502.5, 120.0], [83507.5, 50000.0], [83510.0, 7150.0], [83520.0, 7150.0], [83530.0, 6830.0], [83532.5, 20.0], [83540.0, 7150.0], [83570.0, 7150.0], [83595.0, 6910.0], [83600.0, 20.0], [83665.0, 6930.0], [83667.5, 20.0], [83672.5, 26250.0], [83675.0, 7020.0], [83687.5, 410.0], [83705.0, 105000.0]]}}}
{"jsonrpc": "2.0", "method": "subscription", "params": {"channel": "book.BTC-18APR25.none.20.100ms", "data": {"timestamp": 1743780190273, "change_id": 95605137347, "instrument_name": "BTC-18APR25", "bids": [[83552.5, 7440.0], [83547.5, 470.0], [83545.0, 20000.0], [83530.0, 10000.0], [83467.5, 20.0], [83400.0, 10.0], [83332.5, 20.0], [83267.5, 20.0], [83230.0, 50000.0], [83200.0, 20.0], [83135.0, 20.0], [83117.5, 7780.0], [83082.5, 18860.0], [83067.5, 20.0], [83035.0, 50000.0], [83022.5, 76320.0], [83000.0, 20.0], [82950.0, 50000.0], [82935.0, 20.0], [82867.5, 20.0]], "asks": [[83575.0, 10.0], [83580.0, 20000.0], [83582.5, 10000.0], [83592.5, 7440.0], [83600.0, 20.0], [83667.5, 20.0], [83735.0, 20.0], [83800.0, 20.0], [83857.5, 50000.0], [83860.0, 50000.0], [83867.5, 20.0], [83935.0, 20.0], [83945.0, 50000.0], [83992.5, 6290.0], [84002.5, 20.0], [84050.0, 18260.0], [84057.5, 75030.0], [84070.0, 20.0], [84080.0, 3300.0], [84112.5, 50000.0]]}}}
{"jsonrpc": "2.0", "method": "subscription", "params": {"channel": "book.BTC-11APR25.none.20.100ms", "data": {"timestamp": 1743780190586, "change_id": 95605138946, "instrument_name": "BTC-11APR25", "bids": [[83477.5, 35000.0], [83472.5, 7450.0], [83470.0, 10000.0], [83467.5, 10800.0], [83460.0, 120.0], [83457.5, 7150.0], [83450.0, 48630.0], [83447.5, 3800.0], [83445.0, 7150.0], [83422.5, 7150.0], [83410.0, 6830.0], [83400.0, 6850.0], [83360.0, 7040.0], [83347.5, 33170.0], [83332.5, 111940.0], [83275.0, 450.0], [83270.0, 6960.0], [83267.5, 20.0], [83240.0, 7030.0], [83220.0, 7040.0]], "asks": [[83482.5, 10.0], [83487.5, 7000.0], [83490.0, 3800.0], [83495.0, 14150.0], [83497.5, 20000.0], [83507.5, 50000.0], [83510.0, 7150.0], [83512.5, 7450.0], [83515.0, 120.0], [83520.0, 7150.0], [83522.5, 10000.0], [83530.0, 6830.0], [83532.5, 20.0], [83540.0, 7150.0], [83570.0, 7150.0], [83595.0, 6910.0], [83600.0, 20.0], [83665.0, 6930.0], [83667.5, 20.0], [83672.5, 26250.0]]}}}
{"jsonrpc": "2.0", "method": "subscription", "params": {"channel": "book.BTC-18APR25.none.20.100ms", "data": {"timestamp": 1743780190566, "change_id": 95605138810, "instrument_name": "BTC-18APR25", "bids": [[83565.0, 2700.0], [83562.5, 27440.0], [83552.5, 10000.0], [83467.5, 20.0], [83400.0, 10.0], [83332.5, 20.0], [83267.5, 20.0], [83230.0, 50000.0], [83200.0, 20.0], [83140.0, 7780.0], [83135.0, 20.0], [83105.0, 38260.0], [83082.5, 18860.0], [83067.5, 20.0], [83035.0, 50000.0], [83022.5, 38060.0], [83000.0, 20.0], [82950.0, 50000.0], [82935.0, 20.0], [82867.5, 20.0]], "asks": [[83575.0, 10.0], [83600.0, 20.0], [83602.5, 10000.0], [83605.0, 7440.0], [83667.5, 20.0], [83735.0, 20.0], [83800.0, 20.0], [83855.0, 20000.0], [83857.5, 50000.0], [83860.0, 50000.0], [83867.5, 20.0], [83935.0, 20.0], [83945.0, 50000.0], [83992.5, 6290.0], [84002.5, 20.0], [84050.0, 18260.0], [84057.5, 75030.0], [84070.0, 20.0], [84080.0, 3300.0], [84112.5, 50000.0]]}}}
{"jsonrpc": "2.0", "method": "subscription", "params": {"channel": "book.BTC-11APR25.none.20.100ms", "data": {"timestamp": 1743780190929, "change_id": 95605139743, "instrument_name": "BTC-11APR25", "bids": [[83480.0, 3810.0], [83477.5, 30000.0], [83472.5, 7450.0], [83470.0, 10000.0], [83460.0, 120.0], [83457.5, 6960.0], [83450.0, 48630.0], [83447.5, 3800.0], [83445.0, 7150.0], [83422.5, 7150.0], [83410.0, 6830.0], [83400.0, 6850.0], [83360.0, 7040.0], [83347.5, 33170.0], [83332.5, 111940.0], [83275.0, 450.0], [83270.0, 6960.0], [83267.5, 20.0], [83240.0, 7030.0], [83220.0, 7040.0]], "asks": [[83482.5, 10800.0], [83485.0, 7000.0], [83490.0, 3670.0], [83492.5, 20000.0], [83495.0, 7150.0], [83505.0, 120.0], [83510.0, 57150.0], [83512.5, 7450.0], [83520.0, 7150.0], [83522.5, 10000.0], [83530.0, 6830.0], [83532.5, 20.0], [83540.0, 7150.0], [83570.0, 7150.0], [83595.0, 6910.0], [83600.0, 20.0], [83665.0, 6930.0], [83667.5, 20.0], [83672.5, 26250.0], [83675.0, 7020.0]]}}}
{"jsonrpc": "2.0", "method": "subscription", "params": {"channel": "book.BTC-11APR25.none.20.100ms", "data": {"timestamp": 1743780191286, "change_id": 95605140449, "instrument_name": "BTC-11APR25", "bids": [[83480.0, 10.0], [83477.5, 37000.0], [83472.5, 7450.0], [83470.0, 10000.0], [83460.0, 120.0], [83457.5, 6960.0], [83450.0, 48630.0], [83447.5, 3800.0], [83445.0, 7150.0], [83422.5, 7150.0], [83410.0, 6830.0], [83400.0, 6850.0], [83360.0, 7040.0], [83347.5, 33170.0], [83332.5, 111940.0], [83275.0, 450.0], [83270.0, 6960.0], [83267.5, 20.0], [83240.0, 7030.0], [83220.0, 7040.0]], "asks": [[83482.5, 3800.0], [83485.0, 7000.0], [83490.0, 3670.0], [83492.5, 20000.0], [83505.0, 120.0], [83510.0, 57150.0], [83512.5, 17450.0], [83520.0, 7150.0], [83530.0, 6830.0], [83532.5, 20.0], [83540.0, 7150.0], [83570.0, 7150.0], [83595.0, 6910.0], [83600.0, 20.0], [83665.0, 6930.0], [83667.5, 20.0], [83672.5, 26250.0], [83675.0, 7020.0], [83687.5, 410.0], [83705.0, 105000.0]]}}}
{"jsonrpc": "2.0", "method": "subscription", "params": {"channel": "book.BTC-11APR25.none.20.100ms", "data": {"timestamp": 1743780191608, "change_id": 95605141184, "instrument_name": "BTC-11APR25", "bids": [[83480.0, 10800.0], [83477.5, 37010.0], [83470.0, 10000.0], [83467.5, 6960.0], [83462.5, 7450.0], [83460.0, 120.0], [83457.5, 6960.0], [83455.0, 2000.0], [83450.0, 48630.0], [83447.5, 3800.0], [83422.5, 7150.0], [83410.0, 6830.0], [83400.0, 6850.0], [83360.0, 7040.0], [83347.5, 33170.0], [83332.5, 111940.0], [83275.0, 450.0], [83270.0, 6960.0], [83267.5, 20.0], [83240.0, 7030.0]], "asks": [[83487.5, 1140.0], [83490.0, 6330.0], [83492.5, 10800.0], [83505.0, 120.0], [83510.0, 7150.0], [83512.5, 17450.0], [83530.0, 6830.0], [83532.5, 20.0], [83537.5, 50000.0], [83540.0, 7150.0], [83560.0, 20000.0], [83570.0, 7150.0], [83595.0, 6910.0], [83600.0, 20.0], [83665.0, 6930.0], [83667.5, 20.0], [83672.5, 26250.0], [83675.0, 7020.0], [83687.5, 410.0], [83705.0, 105000.0]]}}}
{"jsonrpc": "2.0", "method": "subscription", "params": {"channel": "book.BTC-11APR25.none.20.100ms", "data": {"timestamp": 1743780191927, "change_id": 95605142008, "instrument_name": "BTC-11APR25", "bids": [[83487.5, 13970.0], [83485.0, 10800.0], [83477.5, 36960.0], [83472.5, 7450.0], [83470.0, 10000.0], [83467.5, 6960.0], [83460.0, 120.0], [83457.5, 6960.0], [83455.0, 2000.0], [83450.0, 48630.0], [83422.5, 7150.0], [83410.0, 6830.0], [83400.0, 6850.0], [83360.0, 7040.0], [83347.5, 33170.0], [83332.5, 111940.0], [83275.0, 450.0], [83270.0, 6960.0], [83267.5, 20.0], [83240.0, 7030.0]], "asks": [[83505.0, 3790.0], [83510.0, 20000.0], [83512.5, 17450.0], [83530.0, 6830.0], [83532.5, 20.0], [83537.5, 50000.0], [83540.0, 7150.0], [83550.0, 6960.0], [83570.0, 7150.0], [83595.0, 6910.0], [83600.0, 20.0], [83665.0, 6930.0], [83667.5, 20.0], [83672.5, 26250.0], [83675.0, 7020.0], [83687.5, 410.0], [83705.0, 105000.0], [83727.5, 7040.0], [83735.0, 20.0], [83747.5, 6830.0]]}}}
{"jsonrpc": "2.0", "method": "subscription", "params": {"channel": "book.BTC-18APR25.none.20.100ms", "data": {"timestamp": 1743780191863, "change_id": 95605142120, "instrument_name": "BTC-18APR25", "bids": [[83570.0, 10.0], [83565.0, 2700.0], [83562.5, 27440.0], [83552.5, 10000.0], [83467.5, 20.0], [83400.0, 10.0], [83332.5, 20.0], [83267.5, 20.0], [83230.0, 50000.0], [83200.0, 20.0], [83137.5, 6360.0], [83135.0, 20.0], [83105.0, 38260.0], [83082.5, 18860.0], [83067.5, 20.0], [83035.0, 50000.0], [83022.5, 38060.0], [83000.0, 20.0], [82950.0, 50000.0], [82935.0, 20.0]], "asks": [[83600.0, 20.0], [83602.5, 10000.0], [83605.0, 7440.0], [83650.0, 2000.0], [83667.5, 20.0], [83735.0, 20.0], [83800.0, 20.0], [83855.0, 20000.0], [83857.5, 50000.0], [83860.0, 50000.0], [83867.5, 20.0], [83935.0, 20.0], [83945.0, 50000.0], [83992.5, 6290.0], [84002.5, 20.0], [84050.0, 18260.0], [84057.5, 75030.0], [84070.0, 20.0], [84080.0, 3300.0], [84112.5, 50000.0]]}}}
{"jsonrpc": "2.0", "method": "subscription", "params": {"channel": "book.BTC-11APR25.none.20.100ms", "data": {"timestamp": 1743780192247, "change_id": 95605144025, "instrument_name": "BTC-11APR25", "bids": [[83522.5, 7000.0], [83517.5, 5000.0], [83510.0, 30010.0], [83507.5, 7000.0], [83505.0, 10010.0], [83500.0, 6960.0], [83492.5, 3800.0], [83490.0, 7450.0], [83487.5, 13960.0], [83477.5, 6960.0], [83470.0, 120.0], [83467.5, 6960.0], [83457.5, 6960.0], [83450.0, 48630.0], [83422.5, 7150.0], [83410.0, 6830.0], [83400.0, 6850.0], [83360.0, 7040.0], [83347.5, 33170.0], [83332.5, 111940.0]], "asks": [[83532.5, 20.0], [83550.0, 6960.0], [83570.0, 7150.0], [83592.5, 20000.0], [83595.0, 6910.0], [83600.0, 20.0], [83665.0, 6930.0], [83667.5, 20.0], [83670.0, 50000.0], [83672.5, 26250.0], [83675.0, 7020.0], [83687.5, 410.0], [83727.5, 7040.0], [83735.0, 20.0], [83747.5, 6830.0], [83772.5, 410.0], [83797.5, 6940.0], [83800.0, 20.0], [83837.5, 6940.0], [83847.5, 6970.0]]}}}
{"jsonrpc": "2.0", "method": "subscription", "params": {"channel": "book.BTC-18APR25.none.20.100ms", "data": {"timestamp": 1743780192208, "change_id": 95605144064, "instrument_name": "BTC-18APR25", "bids": [[83600.0, 10.0], [83582.5, 10.0], [83580.0, 10.0], [83577.5, 470.0], [83575.0, 27440.0], [83570.0, 10.0], [83552.5, 10000.0], [83467.5, 20.0], [83400.0, 10.0], [83332.5, 20.0], [83315.0, 50000.0], [83267.5, 20.0], [83230.0, 50000.0], [83200.0, 20.0], [83135.0, 20.0], [83105.0, 38260.0], [83067.5, 20.0], [83035.0, 50000.0], [83000.0, 20.0], [82935.0, 20.0]], "asks": [[83667.5, 20.0], [83735.0, 20.0], [83800.0, 20.0], [83855.0, 20000.0], [83857.5, 50000.0], [83860.0, 50000.0], [83867.5, 20.0], [83935.0, 20.0], [83945.0, 50000.0], [83992.5, 6290.0], [84002.5, 20.0], [84057.5, 38030.0], [84070.0, 20.0], [84080.0, 3300.0], [84112.5, 50000.0], [84127.5, 55260.0], [84137.5, 20.0], [84190.0, 13230.0], [84205.0, 20.0], [84230.0, 38270.0]]}}}
{"jsonrpc": "2.0", "method": "subscription", "params": {"channel": "book.BTC-11APR25.none.20.100ms", "data": {"timestamp": 1743780192491, "change_id": 95605145955, "instrument_name": "BTC-11APR25", "bids": [[83527.5, 10.0], [83510.0, 10.0], [83497.5, 6960.0], [83492.5, 11370.0], [83487.5, 13960.0], [83477.5, 6960.0], [83467.5, 6960.0], [83457.5, 6960.0], [83422.5, 7150.0], [83410.0, 6830.0], [83400.0, 6850.0], [83360.0, 7040.0], [83347.5, 33170.0], [83332.5, 111940.0], [83275.0, 450.0], [83270.0, 6960.0], [83267.5, 20.0], [83240.0, 7030.0], [83220.0, 7040.0], [83210.0, 7160.0]], "asks": [[83530.0, 10800.0], [83532.5, 20.0], [83535.0, 7450.0], [83537.5, 2090.0], [83540.0, 6960.0], [83547.5, 21580.0], [83550.0, 6960.0], [83555.0, 10000.0], [83560.0, 6960.0], [83570.0, 7150.0], [83590.0, 50000.0], [83595.0, 6910.0], [83600.0, 20.0], [83665.0, 6930.0], [83667.5, 20.0], [83672.5, 26250.0], [83675.0, 7020.0], [83727.5, 7040.0], [83735.0, 20.0], [83747.5, 6830.0]]}}}
{"jsonrpc": "2.0", "method": "subscription", "params": {"channel": "book.BTC-18APR25.none.20.100ms", "data": {"timestamp": 1743780192563, "change_id": 95605146002, "instrument_name": "BTC-18APR25", "bids": [[83605.0, 10.0], [83600.0, 2700.0], [83597.5, 20000.0], [83585.0, 7440.0], [83532.5, 20.0], [83467.5, 20.0], [83400.0, 10.0], [83332.5, 20.0], [83315.0, 50000.0], [83267.5, 20.0], [83230.0, 50000.0], [83200.0, 20.0], [83142.5, 7780.0], [83140.0, 56920.0], [83135.0, 20.0], [83105.0, 38260.0], [83067.5, 20.0], [83035.0, 50000.0], [83000.0, 20.0], [82935.0, 20.0]], "asks": [[83627.5, 7440.0], [83640.0, 10000.0], [83667.5, 20.0], [83735.0, 20.0], [83800.0, 20.0], [83855.0, 20000.0], [83867.5, 20.0], [83935.0, 20.0], [83942.5, 50000.0], [83945.0, 50000.0], [83992.5, 6290.0], [84002.5, 20.0], [84057.5, 38030.0], [84070.0, 20.0], [84080.0, 3300.0], [84112.5, 50000.0], [84127.5, 55260.0], [84137.5, 20.0], [84190.0, 13230.0], [84205.0, 20.0]]}}}
{"jsonrpc": "2.0", "method": "subscription", "params": {"channel": "book.BTC-11APR25.none.20.100ms", "data": {"timestamp": 1743780192870, "change_id": 95605147897, "instrument_name": "BTC-11APR25", "bids": [[83527.5, 10.0], [83510.0, 10.0], [83507.5, 7450.0], [83500.0, 120.0], [83497.5, 16960.0], [83487.5, 13960.0], [83477.5, 6960.0], [83467.5, 6960.0], [83457.5, 6960.0], [83422.5, 7150.0], [83410.0, 6830.0], [83400.0, 6850.0], [83360.0, 7040.0], [83347.5, 33170.0], [83332.5, 111940.0], [83275.0, 450.0], [83270.0, 6960.0], [83267.5, 20.0], [83240.0, 7030.0], [83220.0, 7040.0]], "asks": [[83530.0, 10800.0], [83532.5, 6060.0], [83540.0, 6960.0], [83542.5, 1430.0], [83545.0, 20000.0], [83547.5, 50120.0], [83550.0, 14410.0], [83555.0, 10000.0], [83560.0, 6960.0], [83570.0, 7150.0], [83595.0, 6910.0], [83600.0, 20.0], [83665.0, 6930.0], [83667.5, 20.0], [83672.5, 26250.0], [83675.0, 7020.0], [83727.5, 7040.0], [83735.0, 20.0], [83747.5, 6830.0], [83772.5, 105410.0]]}}}
{"jsonrpc": "2.0", "method": "subscription", "params": {"channel": "book.BTC-18APR25.none.20.100ms", "data": {"timestamp": 1743780192870, "change_id": 95605147488, "instrument_name": "BTC-18APR25", "bids": [[83605.0, 10.0], [83600.0, 2700.0], [83597.5, 27440.0], [83577.5, 10000.0], [83532.5, 20.0], [83467.5, 20.0], [83400.0, 10.0], [83332.5, 20.0], [83315.0, 50000.0], [83267.5, 20.0], [83230.0, 50000.0], [83200.0, 20.0], [83145.0, 7780.0], [83140.0, 56920.0], [83135.0, 20.0], [83105.0, 38260.0], [83067.5, 20.0], [83035.0, 50000.0], [83000.0, 20.0], [82935.0, 20.0]], "asks": [[83640.0, 10000.0], [83642.5, 7440.0], [83667.5, 20.0], [83735.0, 20.0], [83800.0, 20.0], [83855.0, 20000.0], [83867.5, 20.0], [83935.0, 20.0], [83942.5, 50000.0], [83945.0, 50000.0], [83992.5, 6290.0], [84002.5, 20.0], [84057.5, 38030.0], [84070.0, 20.0], [84080.0, 3300.0], [84112.5, 50000.0], [84127.5, 55260.0], [84137.5, 20.0], [84190.0, 13230.0], [84205.0, 20.0]]}}}
{"jsonrpc": "2.0", "method": "subscription", "params": {"channel": "book.BTC-11APR25.none.20.100ms", "data": {"timestamp": 1743780193191, "change_id": 95605149142, "instrument_name": "BTC-11APR25", "bids": [[83527.5, 10.0], [83510.0, 10.0], [83497.5, 10000.0], [83490.0, 7450.0], [83487.5, 13960.0], [83482.5, 120.0], [83477.5, 8960.0], [83467.5, 6960.0], [83457.5, 6960.0], [83422.5, 7150.0], [83410.0, 6830.0], [83400.0, 6850.0], [83360.0, 7040.0], [83347.5, 33170.0], [83332.5, 111940.0], [83275.0, 450.0], [83270.0, 6960.0], [83267.5, 20.0], [83240.0, 7030.0], [83220.0, 7040.0]], "asks": [[83530.0, 18250.0], [83532.5, 7490.0], [83537.5, 120.0], [83540.0, 26960.0], [83545.0, 10000.0], [83547.5, 50000.0], [83550.0, 6960.0], [83560.0, 6960.0], [83570.0, 7150.0], [83595.0, 6910.0], [83600.0, 20.0], [83665.0, 6930.0], [83667.5, 20.0], [83672.5, 26250.0], [83675.0, 7020.0], [83727.5, 7040.0], [83735.0, 20.0], [83747.5, 6830.0], [83772.5, 105410.0], [83797.5, 6940.0]]}}}
{"jsonrpc": "2.0", "method": "subscription", "params": {"channel": "book.BTC-18APR25.none.20.100ms", "data": {"timestamp": 1743780193174, "change_id": 95605149191, "instrument_name": "BTC-18APR25", "bids": [[83605.0, 10.0], [83582.5, 2230.0], [83580.0, 7910.0], [83577.5, 10000.0], [83532.5, 20.0], [83467.5, 20.0], [83400.0, 10.0], [83332.5, 20.0], [83315.0, 50000.0], [83267.5, 20.0], [83230.0, 50000.0], [83200.0, 20.0], [83142.5, 7780.0], [83140.0, 56920.0], [83135.0, 20.0], [83105.0, 38260.0], [83067.5, 20.0], [83035.0, 50000.0], [83000.0, 20.0], [82935.0, 20.0]], "asks": [[83622.5, 7440.0], [83630.0, 10000.0], [83645.0, 20000.0], [83667.5, 20.0], [83675.0, 2000.0], [83735.0, 20.0], [83800.0, 20.0], [83867.5, 20.0], [83935.0, 20.0], [83937.5, 50000.0], [83945.0, 50000.0], [83992.5, 6290.0], [84002.5, 20.0], [84057.5, 38030.0], [84070.0, 20.0], [84080.0, 3300.0], [84112.5, 50000.0], [84127.5, 55260.0], [84137.5, 20.0], [84190.0, 13230.0]]}}}
{"jsonrpc": "2.0", "method": "subscription", "params": {"channel": "book.BTC-11APR25.none.20.100ms", "data": {"timestamp": 1743780193530, "change_id": 95605150436, "instrument_name": "BTC-11APR25", "bids": [[83527.5, 10.0], [83510.0, 10.0], [83497.5, 16960.0], [83490.0, 7450.0], [83487.5, 13960.0], [83482.5, 120.0], [83477.5, 8960.0], [83457.5, 6960.0], [83422.5, 7150.0], [83410.0, 6830.0], [83400.0, 6850.0], [83360.0, 7040.0], [83347.5, 33170.0], [83332.5, 111940.0], [83275.0, 450.0], [83270.0, 6960.0], [83267.5, 20.0], [83240.0, 7030.0], [83220.0, 7040.0], [83210.0, 7160.0]], "asks": [[83530.0, 18250.0], [83532.5, 7490.0], [83535.0, 20000.0], [83537.5, 9320.0], [83540.0, 6960.0], [83545.0, 10000.0], [83547.5, 50000.0], [83560.0, 6960.0], [83570.0, 7150.0], [83595.0, 6910.0], [83600.0, 20.0], [83665.0, 6930.0], [83667.5, 20.0], [83672.5, 26250.0], [83675.0, 7020.0], [83727.5, 7040.0], [83735.0, 20.0], [83747.5, 6830.0], [83772.5, 105410.0], [83797.5, 6940.0]]}}}
{"jsonrpc": "2.0", "method": "subscription", "params": {"channel": "book.BTC-18APR25.none.20.100ms", "data": {"timestamp": 1743780193505, "change_id": 95605150280, "instrument_name": "BTC-18APR25", "bids": [[83605.0, 10.0], [83592.5, 2230.0], [83590.0, 7440.0], [83580.0, 470.0], [83577.5, 10000.0], [83532.5, 20.0], [83467.5, 20.0], [83400.0, 10.0], [83332.5, 20.0], [83315.0, 50000.0], [83267.5, 20.0], [83230.0, 50000.0], [83200.0, 20.0], [83142.5, 7780.0], [83140.0, 56920.0], [83135.0, 20.0], [83105.0, 38260.0], [83067.5, 20.0], [83035.0, 50000.0], [83000.0, 20.0]], "asks": [[83620.0, 10000.0], [83627.5, 9210.0], [83645.0, 20000.0], [83667.5, 20.0], [83675.0, 2000.0], [83735.0, 20.0], [83800.0, 20.0], [83867.5, 20.0], [83935.0, 20.0], [83942.5, 50000.0], [83945.0, 50000.0], [83992.5, 6290.0], [84002.5, 20.0], [84057.5, 38030.0], [84070.0, 20.0], [84080.0, 3300.0], [84112.5, 50000.0], [84127.5, 55260.0], [84137.5, 20.0], [84190.0, 13230.0]]}}}
{"jsonrpc": "2.0", "method": "subscription", "params": {"channel": "book.BTC-11APR25.none.20.100ms", "data": {"timestamp": 1743780193632, "change_id": 95605150943, "instrument_name": "BTC-11APR25", "bids": [[83527.5, 10.0], [83510.0, 10.0], [83500.0, 7450.0], [83497.5, 16960.0], [83487.5, 13960.0], [83482.5, 120.0], [83477.5, 8960.0], [83457.5, 6960.0], [83422.5, 7150.0], [83410.0, 6830.0], [83400.0, 6850.0], [83360.0, 7040.0], [83347.5, 33170.0], [83332.5, 111940.0], [83275.0, 450.0], [83270.0, 6960.0], [83267.5, 20.0], [83240.0, 7030.0], [83220.0, 7040.0], [83210.0, 7160.0]], "asks": [[83530.0, 10800.0], [83532.5, 7490.0], [83535.0, 23800.0], [83537.5, 16770.0], [83540.0, 6960.0], [83545.0, 10000.0], [83547.5, 50000.0], [83560.0, 6960.0], [83570.0, 7150.0], [83595.0, 6910.0], [83600.0, 20.0], [83665.0, 6930.0], [83667.5, 20.0], [83672.5, 26250.0], [83675.0, 7020.0], [83727.5, 7040.0], [83735.0, 20.0], [83747.5, 6830.0], [83772.5, 105410.0], [83797.5, 6940.0]]}}}
{"jsonrpc": "2.0", "method": "subscription", "params": {"channel": "book.BTC-18APR25.none.20.100ms", "data": {"timestamp": 1743780193653, "change_id": 95605150919, "instrument_name": "BTC-18APR25", "bids": [[83605.0, 10.0], [83592.5, 2230.0], [83590.0, 7440.0], [83580.0, 470.0], [83577.5, 10000.0], [83532.5, 20.0], [83467.5, 20.0], [83400.0, 10.0], [83332.5, 20.0], [83315.0, 50000.0], [83267.5, 20.0], [83230.0, 50000.0], [83200.0, 20.0], [83142.5, 7780.0], [83140.0, 56920.0], [83135.0, 20.0], [83105.0, 38260.0], [83067.5, 20.0], [83035.0, 50000.0], [83000.0, 20.0]], "asks": [[83620.0, 10000.0], [83627.5, 9210.0], [83630.0, 7440.0], [83645.0, 20000.0], [83667.5, 20.0], [83675.0, 2000.0], [83735.0, 20.0], [83800.0, 20.0], [83867.5, 20.0], [83935.0, 20.0], [83942.5, 50000.0], [83945.0, 50000.0], [83992.5, 6290.0], [84002.5, 20.0], [84057.5, 38030.0], [84070.0, 20.0], [84080.0, 3300.0], [84112.5, 50000.0], [84127.5, 55260.0], [84137.5, 20.0]]}}}
{"jsonrpc": "2.0", "method": "subscription", "params": {"channel": "book.BTC-11APR25.none.20.100ms", "data": {"timestamp": 1743780193968, "change_id": 95605152213, "instrument_name": "BTC-11APR25", "bids": [[83527.5, 10.0], [83510.0, 10.0], [83500.0, 7450.0], [83497.5, 16960.0], [83495.0, 120.0], [83487.5, 13960.0], [83477.5, 8960.0], [83457.5, 6960.0], [83422.5, 7150.0], [83410.0, 6830.0], [83400.0, 6850.0], [83360.0, 7040.0], [83347.5, 33170.0], [83332.5, 111940.0], [83275.0, 450.0], [83270.0, 6960.0], [83267.5, 20.0], [83240.0, 7030.0], [83220.0, 7040.0], [83210.0, 7160.0]], "asks": [[83530.0, 10800.0], [83532.5, 7490.0], [83535.0, 3800.0], [83537.5, 29320.0], [83540.0, 6960.0], [83545.0, 10000.0], [83547.5, 57450.0], [83560.0, 6960.0], [83570.0, 7150.0], [83595.0, 6910.0], [83600.0, 20.0], [83665.0, 6930.0], [83667.5, 20.0], [83672.5, 26250.0], [83675.0, 7020.0], [83727.5, 7040.0], [83735.0, 20.0], [83747.5, 6830.0], [83772.5, 105410.0], [83797.5, 6940.0]]}}}
{"jsonrpc": "2.0", "method": "subscription", "params": {"channel": "book.BTC-18APR25.none.20.100ms", "data": {"timestamp": 1743780194099, "change_id": 95605152209, "instrument_name": "BTC-18APR25", "bids": [[83605.0, 10.0], [83602.5, 2230.0], [83600.0, 7910.0], [83597.5, 20000.0], [83577.5, 10000.0], [83532.5, 20.0], [83467.5, 20.0], [83400.0, 10.0], [83332.5, 20.0], [83317.5, 13230.0], [83315.0, 50000.0], [83267.5, 20.0], [83230.0, 50000.0], [83200.0, 20.0], [83142.5, 7780.0], [83140.0, 56920.0], [83135.0, 20.0], [83105.0, 38260.0], [83067.5, 20.0], [83035.0, 50000.0]], "asks": [[83620.0, 10000.0], [83627.5, 9210.0], [83637.5, 7440.0], [83667.5, 20.0], [83675.0, 2000.0], [83685.0, 20000.0], [83735.0, 20.0], [83800.0, 20.0], [83867.5, 20.0], [83935.0, 20.0], [83942.5, 50000.0], [83945.0, 50000.0], [83992.5, 6290.0], [84002.5, 20.0], [84057.5, 38030.0], [84070.0, 20.0], [84080.0, 3300.0], [84112.5, 50000.0], [84127.5, 55260.0], [84137.5, 20.0]]}}}
{"jsonrpc": "2.0", "method": "subscription", "params": {"channel": "book.BTC-11APR25.none.20.100ms", "data": {"timestamp": 1743780194569, "change_id": 95605153520, "instrument_name": "BTC-11APR25", "bids": [[83527.5, 10.0], [83520.0, 30000.0], [83512.5, 7450.0], [83510.0, 10.0], [83507.5, 16960.0], [83505.0, 120.0], [83497.5, 6960.0], [83487.5, 13960.0], [83477.5, 8960.0], [83457.5, 6960.0], [83422.5, 7150.0], [83410.0, 6830.0], [83400.0, 6850.0], [83360.0, 7040.0], [83347.5, 33170.0], [83332.5, 111940.0], [83275.0, 450.0], [83270.0, 6960.0], [83267.5, 20.0], [83240.0, 7030.0]], "asks": [[83530.0, 10800.0], [83532.5, 10820.0], [83535.0, 7470.0], [83537.5, 20120.0], [83542.5, 6960.0], [83557.5, 17450.0], [83560.0, 6960.0], [83567.5, 50000.0], [83570.0, 7150.0], [83595.0, 6910.0], [83600.0, 20.0], [83665.0, 6930.0], [83667.5, 20.0], [83672.5, 26250.0], [83675.0, 7020.0], [83727.5, 7040.0], [83735.0, 20.0], [83747.5, 6830.0], [83772.5, 105410.0], [83797.5, 6940.0]]}}}
{"jsonrpc": "2.0", "method": "subscription", "params": {"channel": "book.BTC-18APR25.none.20.100ms", "data": {"timestamp": 1743780194392, "change_id": 95605153521, "instrument_name": "BTC-18APR25", "bids": [[83605.0, 10.0], [83602.5, 2230.0], [83600.0, 7910.0], [83597.5, 20000.0], [83587.5, 10000.0], [83532.5, 20.0], [83467.5, 20.0], [83400.0, 10.0], [83332.5, 20.0], [83315.0, 50000.0], [83267.5, 20.0], [83230.0, 50000.0], [83200.0, 20.0], [83145.0, 7780.0], [83140.0, 56920.0], [83135.0, 20.0], [83105.0, 38260.0], [83067.5, 20.0], [83035.0, 50000.0], [83000.0, 20.0]], "asks": [[83637.5, 10000.0], [83647.5, 7440.0], [83667.5, 20.0], [83700.0, 2000.0], [83735.0, 20.0], [83800.0, 20.0], [83867.5, 20.0], [83935.0, 20.0], [83940.0, 20000.0], [83942.5, 50000.0], [83945.0, 50000.0], [83992.5, 6290.0], [84002.5, 20.0], [84057.5, 56290.0], [84070.0, 20.0], [84080.0, 3300.0], [84112.5, 50000.0], [84127.5, 37000.0], [84137.5, 20.0], [84190.0, 13230.0]]}}}
{"jsonrpc": "2.0", "method": "subscription", "params": {"channel": "book.BTC-11APR25.none.20.100ms", "data": {"timestamp": 1743780194888, "change_id": 95605154483, "instrument_name": "BTC-11APR25", "bids": [[83527.5, 10.0], [83522.5, 3800.0], [83520.0, 30000.0], [83512.5, 7450.0], [83510.0, 10.0], [83507.5, 16960.0], [83505.0, 120.0], [83497.5, 6960.0], [83487.5, 13960.0], [83477.5, 8960.0], [83457.5, 6960.0], [83422.5, 7150.0], [83410.0, 6830.0], [83400.0, 6850.0], [83360.0, 7040.0], [83347.5, 33170.0], [83332.5, 111940.0], [83275.0, 450.0], [83270.0, 6960.0], [83267.5, 20.0]], "asks": [[83530.0, 10800.0], [83532.5, 7490.0], [83535.0, 3800.0], [83540.0, 10760.0], [83550.0, 6960.0], [83552.5, 120.0], [83555.0, 50000.0], [83557.5, 38410.0], [83560.0, 6960.0], [83570.0, 7150.0], [83595.0, 6910.0], [83600.0, 20.0], [83605.0, 20000.0], [83665.0, 6930.0], [83667.5, 20.0], [83672.5, 26250.0], [83675.0, 7020.0], [83727.5, 7040.0], [83735.0, 20.0], [83747.5, 6830.0]]}}}
{"jsonrpc": "2.0", "method": "subscription", "params": {"channel": "book.BTC-18APR25.none.20.100ms", "data": {"timestamp": 1743780194892, "change_id": 95605154674, "instrument_name": "BTC-18APR25", "bids": [[83605.0, 10.0], [83602.5, 2230.0], [83600.0, 7910.0], [83597.5, 20000.0], [83587.5, 10000.0], [83532.5, 20.0], [83467.5, 20.0], [83400.0, 10.0], [83332.5, 20.0], [83315.0, 50000.0], [83267.5, 20.0], [83230.0, 50000.0], [83200.0, 20.0], [83147.5, 7780.0], [83140.0, 56920.0], [83135.0, 20.0], [83105.0, 38260.0], [83067.5, 20.0], [83035.0, 50000.0], [83000.0, 20.0]], "asks": [[83647.5, 28440.0], [83650.0, 17440.0], [83667.5, 20.0], [83685.0, 50000.0], [83687.5, 20000.0], [83700.0, 2000.0], [83735.0, 20.0], [83800.0, 20.0], [83867.5, 20.0], [83935.0, 20.0], [83945.0, 50000.0], [83992.5, 6290.0], [84002.5, 20.0], [84057.5, 56290.0], [84070.0, 20.0], [84080.0, 3300.0], [84112.5, 50000.0], [84127.5, 37000.0], [84137.5, 20.0], [84190.0, 13230.0]]}}}
{"jsonrpc": "2.0", "method": "subscription", "params": {"channel": "book.BTC-11APR25.none.20.100ms", "data": {"timestamp": 1743780195206, "change_id": 95605155694, "instrument_name": "BTC-11APR25", "bids": [[83527.5, 7010.0], [83522.5, 3800.0], [83520.0, 30000.0], [83517.5, 6960.0], [83512.5, 7450.0], [83510.0, 10.0], [83507.5, 16960.0], [83505.0, 120.0], [83497.5, 6960.0], [83487.5, 13960.0], [83477.5, 8960.0], [83457.5, 6960.0], [83422.5, 7150.0], [83410.0, 6830.0], [83400.0, 6850.0], [83360.0, 7040.0], [83347.5, 33170.0], [83332.5, 111940.0], [83275.0, 450.0], [83270.0, 6960.0]], "asks": [[83532.5, 2300.0], [83535.0, 3800.0], [83540.0, 5190.0], [83542.5, 20000.0], [83552.5, 120.0], [83555.0, 57450.0], [83557.5, 38410.0], [83560.0, 6960.0], [83570.0, 7150.0], [83595.0, 6910.0], [83600.0, 20.0], [83665.0, 6930.0], [83667.5, 20.0], [83672.5, 26250.0], [83675.0, 7020.0], [83727.5, 7040.0], [83735.0, 20.0], [83747.5, 6830.0], [83772.5, 105410.0], [83797.5, 6940.0]]}}}
{"jsonrpc": "2.0", "method": "subscription", "params": {"channel": "book.BTC-18APR25.none.20.100ms", "data": {"timestamp": 1743780195152, "change_id": 95605155703, "instrument_name": "BTC-18APR25", "bids": [[83612.5, 2230.0], [83610.0, 7440.0], [83605.0, 10.0], [83600.0, 470.0], [83597.5, 20000.0], [83587.5, 10000.0], [83532.5, 20.0], [83467.5, 20.0], [83400.0, 10.0], [83332.5, 20.0], [83315.0, 50000.0], [83267.5, 20.0], [83230.0, 50000.0], [83200.0, 20.0], [83192.5, 38260.0], [83150.0, 7780.0], [83140.0, 56920.0], [83135.0, 20.0], [83067.5, 20.0], [83035.0, 50000.0]], "asks": [[83647.5, 48440.0], [83650.0, 17440.0], [83667.5, 20.0], [83685.0, 50000.0], [83700.0, 2000.0], [83735.0, 20.0], [83800.0, 20.0], [83867.5, 20.0], [83935.0, 20.0], [83945.0, 50000.0], [83992.5, 6290.0], [84002.5, 20.0], [84057.5, 56290.0], [84070.0, 20.0], [84080.0, 3300.0], [84112.5, 50000.0], [84127.5, 37000.0], [84137.5, 20.0], [84190.0, 13230.0], [84205.0, 20.0]]}}}
{"jsonrpc": "2.0", "method": "subscription", "params": {"channel": "book.BTC-11APR25.none.20.100ms", "data": {"timestamp": 1743780195408, "change_id": 95605156576, "instrument_name": "BTC-11APR25", "bids": [[83530.0, 10810.0], [83527.5, 10800.0], [83525.0, 7450.0], [83522.5, 3800.0], [83520.0, 30000.0], [83517.5, 16960.0], [83515.0, 120.0], [83507.5, 6960.0], [83500.0, 2000.0], [83497.5, 6960.0], [83487.5, 6960.0], [83477.5, 6960.0], [83457.5, 6960.0], [83422.5, 7150.0], [83410.0, 6830.0], [83400.0, 6850.0], [83360.0, 7040.0], [83347.5, 33170.0], [83332.5, 111940.0], [83275.0, 450.0]], "asks": [[83532.5, 20.0], [83550.0, 3670.0], [83552.5, 20120.0], [83555.0, 50000.0], [83557.5, 10000.0], [83560.0, 6960.0], [83565.0, 7450.0], [83570.0, 7150.0], [83595.0, 6910.0], [83600.0, 20.0], [83665.0, 6930.0], [83667.5, 20.0], [83672.5, 26250.0], [83675.0, 7020.0], [83727.5, 7040.0], [83735.0, 20.0], [83747.5, 6830.0], [83772.5, 105410.0], [83797.5, 6940.0], [83800.0, 20.0]]}}}
{"jsonrpc": "2.0", "method": "subscription", "params": {"channel": "book.BTC-18APR25.none.20.100ms", "data": {"timestamp": 1743780195590, "change_id": 95605156577, "instrument_name": "BTC-18APR25", "bids": [[83612.5, 2700.0], [83610.0, 27440.0], [83605.0, 10.0], [83600.0, 10000.0], [83532.5, 20.0], [83467.5, 20.0], [83400.0, 10.0], [83332.5, 20.0], [83315.0, 50000.0], [83267.5, 20.0], [83230.0, 50000.0], [83200.0, 20.0], [83192.5, 38260.0], [83150.0, 7780.0], [83140.0, 56920.0], [83135.0, 20.0], [83067.5, 20.0], [83035.0, 50000.0], [83000.0, 20.0], [82935.0, 20.0]], "asks": [[83647.5, 20000.0], [83650.0, 10000.0], [83660.0, 7440.0], [83667.5, 20.0], [83685.0, 50000.0], [83700.0, 2000.0], [83735.0, 20.0], [83800.0, 20.0], [83867.5, 20.0], [83935.0, 20.0], [83945.0, 50000.0], [83992.5, 6290.0], [84002.5, 20.0], [84057.5, 56290.0], [84070.0, 20.0], [84080.0, 3300.0], [84112.5, 50000.0], [84127.5, 37000.0], [84137.5, 20.0], [84190.0, 13230.0]]}}}
{"jsonrpc": "2.0", "method": "subscription", "params": {"channel": "book.BTC-11APR25.none.20.100ms", "data": {"timestamp": 1743780195891, "change_id": 95605156862, "instrument_name": "BTC-11APR25", "bids": [[83530.0, 10810.0], [83527.5, 10800.0], [83525.0, 7450.0], [83522.5, 3800.0], [83520.0, 30000.0], [83517.5, 16960.0], [83515.0, 120.0], [83507.5, 6960.0], [83500.0, 2000.0], [83487.5, 6960.0], [83477.5, 6960.0], [83457.5, 6960.0], [83422.5, 7150.0], [83410.0, 6830.0], [83400.0, 6850.0], [83360.0, 7040.0], [83347.5, 33170.0], [83332.5, 111940.0], [83275.0, 450.0], [83270.0, 6960.0]], "asks": [[83532.5, 20.0], [83550.0, 3670.0], [83552.5, 120.0], [83555.0, 20000.0], [83557.5, 10000.0], [83560.0, 6960.0], [83565.0, 7450.0], [83570.0, 6960.0], [83592.5, 50000.0], [83595.0, 6910.0], [83600.0, 20.0], [83665.0, 6930.0], [83667.5, 20.0], [83672.5, 26250.0], [83675.0, 7020.0], [83727.5, 7040.0], [83735.0, 20.0], [83747.5, 6830.0], [83772.5, 105410.0], [83797.5, 6940.0]]}}}
{"jsonrpc": "2.0", "method": "subscription", "params": {"channel": "book.BTC-18APR25.none.20.100ms", "data": {"timestamp": 1743780195891, "change_id": 95605156628, "instrument_name": "BTC-18APR25", "bids": [[83612.5, 2700.0], [83610.0, 27440.0], [83605.0, 10.0], [83600.0, 10000.0], [83532.5, 20.0], [83467.5, 20.0], [83400.0, 10.0], [83332.5, 20.0], [83315.0, 50000.0], [83267.5, 20.0], [83230.0, 50000.0], [83200.0, 20.0], [83192.5, 38260.0], [83150.0, 7780.0], [83140.0, 56920.0], [83135.0, 20.0], [83067.5, 20.0], [83035.0, 50000.0], [83000.0, 20.0], [82935.0, 20.0]], "asks": [[83647.5, 20000.0], [83650.0, 10000.0], [83660.0, 7440.0], [83667.5, 20.0], [83700.0, 2000.0], [83735.0, 20.0], [83800.0, 20.0], [83867.5, 20.0], [83935.0, 20.0], [83937.5, 50000.0], [83945.0, 50000.0], [83992.5, 6290.0], [84002.5, 20.0], [84057.5, 56290.0], [84070.0, 20.0], [84080.0, 3300.0], [84112.5, 50000.0], [84127.5, 37000.0], [84137.5, 20.0], [84190.0, 13230.0]]}}}
{"jsonrpc": "2.0", "method": "subscription", "params": {"channel": "book.BTC-11APR25.none.20.100ms", "data": {"timestamp": 1743780196252, "change_id": 95605157619, "instrument_name": "BTC-11APR25", "bids": [[83530.0, 10810.0], [83527.5, 10800.0], [83525.0, 7450.0], [83522.5, 3800.0], [83520.0, 30000.0], [83517.5, 16960.0], [83515.0, 120.0], [83507.5, 6960.0], [83505.0, 52280.0], [83500.0, 2000.0], [83487.5, 6960.0], [83477.5, 6960.0], [83457.5, 6960.0], [83422.5, 7150.0], [83410.0, 6830.0], [83400.0, 6850.0], [83360.0, 7040.0], [83347.5, 33170.0], [83332.5, 111940.0], [83275.0, 450.0]], "asks": [[83532.5, 20.0], [83550.0, 3670.0], [83552.5, 120.0], [83555.0, 20000.0], [83557.5, 10000.0], [83560.0, 6960.0], [83565.0, 7450.0], [83570.0, 6960.0], [83592.5, 50000.0], [83595.0, 6910.0], [83600.0, 20.0], [83665.0, 6930.0], [83667.5, 20.0], [83672.5, 26250.0], [83675.0, 7020.0], [83727.5, 7040.0], [83735.0, 20.0], [83747.5, 6830.0], [83772.5, 105410.0], [83797.5, 6940.0]]}}}
{"jsonrpc": "2.0", "method": "subscription", "params": {"channel": "book.BTC-18APR25.none.20.100ms", "data": {"timestamp": 1743780196041, "change_id": 95605157312, "instrument_name": "BTC-18APR25", "bids": [[83612.5, 2700.0], [83610.0, 27440.0], [83605.0, 10.0], [83600.0, 10000.0], [83532.5, 20.0], [83467.5, 20.0], [83400.0, 10.0], [83332.5, 20.0], [83315.0, 50000.0], [83267.5, 20.0], [83230.0, 50000.0], [83200.0, 20.0], [83192.5, 38260.0], [83150.0, 7780.0], [83140.0, 56920.0], [83135.0, 20.0], [83067.5, 20.0], [83035.0, 50000.0], [83000.0, 20.0], [82935.0, 20.0]], "asks": [[83647.5, 20000.0], [83650.0, 10000.0], [83660.0, 14440.0], [83667.5, 20.0], [83700.0, 2000.0], [83735.0, 20.0], [83800.0, 20.0], [83867.5, 20.0], [83935.0, 20.0], [83937.5, 50000.0], [83945.0, 50000.0], [83992.5, 6290.0], [84002.5, 20.0], [84057.5, 56290.0], [84070.0, 20.0], [84080.0, 3300.0], [84112.5, 50000.0], [84127.5, 37000.0], [84137.5, 20.0], [84190.0, 13230.0]]}}}
{"jsonrpc": "2.0", "method": "subscription", "params": {"channel": "book.BTC-11APR25.none.20.100ms", "data": {"timestamp": 1743780196577, "change_id": 95605158273, "instrument_name": "BTC-11APR25", "bids": [[83530.0, 10810.0], [83527.5, 10800.0], [83525.0, 7450.0], [83522.5, 3800.0], [83520.0, 30000.0], [83517.5, 16960.0], [83515.0, 120.0], [83507.5, 6960.0], [83505.0, 52280.0], [83500.0, 2000.0], [83487.5, 6960.0], [83477.5, 6960.0], [83457.5, 6960.0], [83422.5, 7150.0], [83410.0, 6830.0], [83400.0, 6850.0], [83360.0, 7040.0], [83347.5, 33170.0], [83332.5, 111940.0], [83275.0, 450.0]], "asks": [[83532.5, 30.0], [83545.0, 1140.0], [83547.5, 3800.0], [83550.0, 2530.0], [83552.5, 120.0], [83555.0, 20000.0], [83557.5, 10000.0], [83560.0, 6960.0], [83565.0, 7450.0], [83570.0, 6960.0], [83592.5, 50000.0], [83595.0, 6910.0], [83600.0, 20.0], [83665.0, 6930.0], [83667.5, 20.0], [83672.5, 26250.0], [83675.0, 7020.0], [83727.5, 7040.0], [83735.0, 20.0], [83747.5, 6830.0]]}}}
{"jsonrpc": "2.0", "method": "subscription", "params": {"channel": "book.BTC-11APR25.none.20.100ms", "data": {"timestamp": 1743780196912, "change_id": 95605158911, "instrument_name": "BTC-11APR25", "bids": [[83530.0, 3810.0], [83525.0, 7450.0], [83522.5, 3800.0], [83520.0, 30000.0], [83517.5, 16960.0], [83515.0, 120.0], [83507.5, 6960.0], [83505.0, 52280.0], [83500.0, 2000.0], [83487.5, 6960.0], [83477.5, 6960.0], [83457.5, 6960.0], [83422.5, 7150.0], [83410.0, 6830.0], [83400.0, 6850.0], [83360.0, 7040.0], [83347.5, 33170.0], [83332.5, 111940.0], [83275.0, 450.0], [83270.0, 6960.0]], "asks": [[83532.5, 30.0], [83545.0, 1140.0], [83547.5, 3800.0], [83552.5, 2650.0], [83555.0, 20000.0], [83557.5, 10000.0], [83560.0, 6960.0], [83565.0, 7450.0], [83570.0, 6960.0], [83572.5, 50000.0], [83595.0, 6910.0], [83600.0, 20.0], [83665.0, 6930.0], [83667.5, 20.0], [83672.5, 26250.0], [83675.0, 7020.0], [83727.5, 7040.0], [83735.0, 20.0], [83747.5, 6830.0], [83772.5, 105410.0]]}}}
{"jsonrpc": "2.0", "method": "subscription", "params": {"channel": "book.BTC-18APR25.none.20.100ms", "data": {"timestamp": 1743780196898, "change_id": 95605158829, "instrument_name": "BTC-18APR25", "bids": [[83612.5, 2700.0], [83610.0, 27440.0], [83605.0, 10.0], [83600.0, 10000.0], [83532.5, 20.0], [83467.5, 20.0], [83400.0, 10.0], [83332.5, 20.0], [83315.0, 50000.0], [83267.5, 20.0], [83230.0, 50000.0], [83200.0, 20.0], [83192.5, 38260.0], [83150.0, 7780.0], [83140.0, 56920.0], [83135.0, 20.0], [83067.5, 20.0], [83035.0, 50000.0], [83000.0, 20.0], [82935.0, 20.0]], "asks": [[83650.0, 10000.0], [83660.0, 14440.0], [83667.5, 20.0], [83697.5, 20000.0], [83700.0, 2000.0], [83735.0, 20.0], [83800.0, 20.0], [83867.5, 20.0], [83935.0, 20.0], [83937.5, 50000.0], [83945.0, 50000.0], [83992.5, 6290.0], [84002.5, 20.0], [84057.5, 56290.0], [84070.0, 20.0], [84080.0, 3300.0], [84112.5, 50000.0], [84127.5, 37000.0], [84137.5, 20.0], [84190.0, 13230.0]]}}}
{"jsonrpc": "2.0", "method": "subscription", "params": {"channel": "book.BTC-11APR25.none.20.100ms", "data": {"timestamp": 1743780197165, "change_id": 95605159824, "instrument_name": "BTC-11APR25", "bids": [[83525.0, 12010.0], [83520.0, 30000.0], [83517.5, 10000.0], [83515.0, 7570.0], [83507.5, 6960.0], [83505.0, 52280.0], [83500.0, 2000.0], [83487.5, 6960.0], [83477.5, 6960.0], [83457.5, 6960.0], [83422.5, 7150.0], [83410.0, 6830.0], [83400.0, 6850.0], [83360.0, 7040.0], [83347.5, 33170.0], [83332.5, 111940.0], [83275.0, 450.0], [83270.0, 6960.0], [83267.5, 50020.0], [83240.0, 7030.0]], "asks": [[83527.5, 3800.0], [83530.0, 3800.0], [83532.5, 20.0], [83545.0, 1140.0], [83547.5, 3800.0], [83552.5, 120.0], [83555.0, 77450.0], [83557.5, 10000.0], [83560.0, 6960.0], [83570.0, 6960.0], [83592.5, 640.0], [83595.0, 6910.0], [83600.0, 20.0], [83662.5, 1890.0], [83665.0, 6930.0], [83667.5, 20.0], [83672.5, 26250.0], [83675.0, 7020.0], [83727.5, 7040.0], [83735.0, 20.0]]}}}
{"jsonrpc": "2.0", "method": "subscription", "params": {"channel": "book.BTC-18APR25.none.20.100ms", "data": {"timestamp": 1743780197083, "change_id": 95605159547, "instrument_name": "BTC-18APR25", "bids": [[83612.5, 2700.0], [83610.0, 27440.0], [83605.0, 10.0], [83600.0, 10000.0], [83532.5, 20.0], [83467.5, 20.0], [83400.0, 10.0], [83332.5, 20.0], [83315.0, 50000.0], [83267.5, 20.0], [83230.0, 50000.0], [83200.0, 20.0], [83192.5, 38260.0], [83150.0, 7780.0], [83140.0, 56920.0], [83135.0, 20.0], [83067.5, 20.0], [83035.0, 50000.0], [83000.0, 20.0], [82935.0, 20.0]], "asks": [[83650.0, 17440.0], [83660.0, 7000.0], [83667.5, 20.0], [83697.5, 20000.0], [83700.0, 2000.0], [83735.0, 20.0], [83800.0, 20.0], [83867.5, 20.0], [83935.0, 20.0], [83937.5, 50000.0], [83945.0, 50000.0], [83992.5, 6290.0], [84002.5, 20.0], [84057.5, 56290.0], [84070.0, 20.0], [84080.0, 3300.0], [84112.5, 50000.0], [84127.5, 37000.0], [84137.5, 20.0], [84190.0, 13230.0]]}}}
{"jsonrpc": "2.0", "method": "subscription", "params": {"channel": "book.BTC-11APR25.none.20.100ms", "data": {"timestamp": 1743780197516, "change_id": 95605160512, "instrument_name": "BTC-11APR25", "bids": [[83525.0, 3320.0], [83520.0, 30000.0], [83517.5, 10000.0], [83515.0, 7570.0], [83505.0, 6960.0], [83500.0, 2000.0], [83487.5, 6960.0], [83477.5, 6960.0], [83457.5, 6960.0], [83422.5, 7150.0], [83410.0, 6830.0], [83400.0, 6850.0], [83360.0, 7040.0], [83347.5, 33170.0], [83332.5, 111940.0], [83275.0, 450.0], [83270.0, 6960.0], [83267.5, 50020.0], [83240.0, 7030.0], [83220.0, 7040.0]], "asks": [[83527.5, 10810.0], [83530.0, 3800.0], [83532.5, 1160.0], [83535.0, 5890.0], [83537.5, 6960.0], [83542.5, 440.0], [83545.0, 70000.0], [83547.5, 6960.0], [83552.5, 120.0], [83555.0, 7450.0], [83557.5, 10000.0], [83560.0, 6960.0], [83570.0, 6960.0], [83595.0, 6910.0], [83600.0, 20.0], [83665.0, 6930.0], [83667.5, 20.0], [83672.5, 26250.0], [83675.0, 7020.0], [83727.5, 7040.0]]}}}
{"jsonrpc": "2.0", "method": "subscription", "params": {"channel": "book.BTC-18APR25.none.20.100ms", "data": {"timestamp": 1743780197537, "change_id": 95605160452, "instrument_name": "BTC-18APR25", "bids": [[83612.5, 2700.0], [83610.0, 27440.0], [83605.0, 10.0], [83600.0, 10000.0], [83532.5, 20.0], [83467.5, 20.0], [83400.0, 10.0], [83332.5, 20.0], [83315.0, 50000.0], [83267.5, 20.0], [83230.0, 50000.0], [83200.0, 20.0], [83192.5, 38260.0], [83150.0, 7780.0], [83140.0, 56920.0], [83135.0, 20.0], [83067.5, 20.0], [83035.0, 50000.0], [83000.0, 20.0], [82935.0, 20.0]], "asks": [[83640.0, 10000.0], [83650.0, 7440.0], [83660.0, 7000.0], [83667.5, 20.0], [83697.5, 20000.0], [83700.0, 2000.0], [83735.0, 20.0], [83800.0, 20.0], [83867.5, 20.0], [83935.0, 20.0], [83937.5, 50000.0], [83945.0, 50000.0], [83992.5, 6290.0], [84002.5, 20.0], [84057.5, 56290.0], [84070.0, 20.0], [84080.0, 3300.0], [84112.5, 50000.0], [84127.5, 37000.0], [84137.5, 20.0]]}}}
