{"jsonrpc": "2.0", "method": "subscription", "params": {"channel": "book.BTC-10OCT25.none.20.100ms", "data": {"timestamp": 1759937427628, "change_id": 120597073586, "instrument_name": "BTC-10OCT25", "bids": [[122460.0, 6850.0], [122452.5, 20.0], [122450.0, 20.0], [122435.0, 3000.0], [122425.0, 46860.0], [122422.5, 9800.0], [122420.0, 3380.0], [122417.5, 9570.0], [122415.0, 6110.0], [122412.5, 11890.0], [122410.0, 10000.0], [122407.5, 900.0], [122405.0, 3000.0], [122397.5, 160.0], [122395.0, 1750.0], [122392.5, 5000.0], [122390.0, 2870.0], [122385.0, 900.0], [122382.5, 3000.0], [122375.0, 4810.0]], "asks": [[122462.5, 41340.0], [122465.0, 26500.0], [122467.5, 29790.0], [122470.0, 50770.0], [122475.0, 2820.0], [122480.0, 10260.0], [122485.0, 35220.0], [122487.5, 2820.0], [122490.0, 10260.0], [122492.5, 34380.0], [122527.5, 2920.0], [122532.5, 9700.0], [122535.0, 32500.0], [122537.5, 1980.0], [122540.0, 6640.0], [122542.5, 4750.0], [122545.0, 15910.0], [122547.5, 20.0], [122552.5, 2920.0], [122557.5, 20.0]]}}}
{"jsonrpc": "2.0", "method": "subscription", "params": {"channel": "book.BTC-17OCT25.none.20.100ms", "data": {"timestamp": 1759937427637, "change_id": 120597073618, "instrument_name": "BTC-17OCT25", "bids": [[122642.5, 44000.0], [122640.0, 9570.0], [122632.5, 28340.0], [122630.0, 34590.0], [122622.5, 34610.0], [122620.0, 10000.0], [122615.0, 2380.0], [122612.5, 34590.0], [122610.0, 160.0], [122602.5, 2410.0], [122590.0, 2410.0], [122587.5, 16420.0], [122577.5, 2410.0], [122565.0, 2410.0], [122560.0, 32500.0], [122530.0, 2470.0], [122522.5, 20.0], [122492.5, 2380.0], [122485.0, 1530.0], [122480.0, 44620.0]], "asks": [[122645.0, 9780.0], [122650.0, 10000.0], [122657.5, 46540.0], [122662.5, 34750.0], [122667.5, 5960.0], [122672.5, 34590.0], [122675.0, 46380.0], [122687.5, 2410.0], [122697.5, 720.0], [122700.0, 2410.0], [122747.5, 16430.0], [122752.5, 2380.0], [122757.5, 32500.0], [122765.0, 2380.0], [122777.5, 2410.0], [122780.0, 47330.0], [122787.5, 720.0], [122790.0, 2410.0], [122812.5, 2450.0], [122817.5, 20.0]]}}}
{"jsonrpc": "2.0", "method": "subscription", "params": {"channel": "book.BTC-10OCT25.none.20.100ms", "data": {"timestamp": 1759937427704, "change_id": 120597074624, "instrument_name": "BTC-10OCT25", "bids": [[122452.5, 20.0], [122450.0, 20.0], [122437.5, 7700.0], [122435.0, 47000.0], [122427.5, 7190.0], [122425.0, 39330.0], [122422.5, 7800.0], [122420.0, 11740.0], [122417.5, 9570.0], [122415.0, 40490.0], [122412.5, 5920.0], [122410.0, 10000.0], [122407.5, 900.0], [122405.0, 3000.0], [122397.5, 160.0], [122395.0, 3750.0], [122392.5, 3000.0], [122390.0, 2870.0], [122385.0, 900.0], [122382.5, 3000.0]], "asks": [[122455.0, 45070.0], [122457.5, 6840.0], [122460.0, 16500.0], [122462.5, 20.0], [122465.0, 7900.0], [122467.5, 13130.0], [122470.0, 54240.0], [122475.0, 37200.0], [122480.0, 10260.0], [122485.0, 35220.0], [122487.5, 2820.0], [122492.5, 29250.0], [122495.0, 97990.0], [122510.0, 20.0], [122525.0, 870.0], [122527.5, 2920.0], [122532.5, 9700.0], [122535.0, 32500.0], [122537.5, 1980.0], [122540.0, 6640.0]]}}}
{"jsonrpc": "2.0", "method": "subscription", "params": {"channel": "book.BTC-17OCT25.none.20.100ms", "data": {"timestamp": 1759937427925, "change_id": 120597074584, "instrument_name": "BTC-17OCT25", "bids": [[122645.0, 16970.0], [122642.5, 44000.0], [122635.0, 18780.0], [122632.5, 22380.0], [122630.0, 34590.0], [122625.0, 13320.0], [122622.5, 34610.0], [122620.0, 10000.0], [122617.5, 710.0], [122615.0, 12750.0], [122612.5, 34590.0], [122610.0, 160.0], [122605.0, 720.0], [122602.5, 2410.0], [122592.5, 720.0], [122590.0, 7310.0], [122587.5, 16420.0], [122580.0, 720.0], [122577.5, 2410.0], [122567.5, 720.0]], "asks": [[122647.5, 9780.0], [122650.0, 10000.0], [122655.0, 13890.0], [122657.5, 44160.0], [122660.0, 760.0], [122662.5, 2540.0], [122665.0, 1780.0], [122667.5, 5960.0], [122670.0, 21440.0], [122672.5, 34590.0], [122675.0, 56710.0], [122677.5, 34590.0], [122685.0, 720.0], [122687.5, 2410.0], [122697.5, 720.0], [122700.0, 2410.0], [122745.0, 4900.0], [122747.5, 16430.0], [122750.0, 710.0], [122752.5, 2380.0]]}}}
{"jsonrpc": "2.0", "method": "subscription", "params": {"channel": "book.BTC-10OCT25.none.20.100ms", "data": {"timestamp": 1759937428268, "change_id": 120597075011, "instrument_name": "BTC-10OCT25", "bids": [[122452.5, 20.0], [122450.0, 20.0], [122437.5, 7700.0], [122435.0, 47000.0], [122427.5, 10060.0], [122425.0, 39330.0], [122422.5, 7800.0], [122420.0, 11740.0], [122417.5, 19570.0], [122415.0, 46460.0], [122412.5, 5920.0], [122407.5, 900.0], [122405.0, 3000.0], [122397.5, 160.0], [122395.0, 3750.0], [122392.5, 3000.0], [122390.0, 2870.0], [122385.0, 900.0], [122382.5, 3000.0], [122377.5, 900.0]], "asks": [[122455.0, 139130.0], [122457.5, 4930.0], [122460.0, 16500.0], [122462.5, 20.0], [122467.5, 13130.0], [122470.0, 50770.0], [122475.0, 37200.0], [122480.0, 10260.0], [122485.0, 35220.0], [122487.5, 2820.0], [122492.5, 29250.0], [122495.0, 97990.0], [122510.0, 20.0], [122525.0, 870.0], [122527.5, 2920.0], [122537.5, 1980.0], [122540.0, 6640.0], [122545.0, 15910.0], [122547.5, 20.0], [122552.5, 2920.0]]}}}
{"jsonrpc": "2.0", "method": "subscription", "params": {"channel": "book.BTC-17OCT25.none.20.100ms", "data": {"timestamp": 1759937428285, "change_id": 120597075053, "instrument_name": "BTC-17OCT25", "bids": [[122647.5, 9780.0], [122645.0, 16970.0], [122640.0, 2210.0], [122637.5, 7400.0], [122635.0, 18780.0], [122632.5, 28340.0], [122630.0, 34590.0], [122625.0, 2990.0], [122622.5, 20.0], [122620.0, 10000.0], [122617.5, 710.0], [122615.0, 12750.0], [122612.5, 34590.0], [122610.0, 160.0], [122605.0, 720.0], [122602.5, 2410.0], [122592.5, 720.0], [122590.0, 7310.0], [122587.5, 16420.0], [122580.0, 720.0]], "asks": [[122650.0, 10000.0], [122655.0, 10330.0], [122657.5, 34590.0], [122662.5, 2540.0], [122665.0, 1780.0], [122667.5, 5960.0], [122670.0, 11040.0], [122672.5, 34590.0], [122675.0, 2380.0], [122677.5, 34590.0], [122685.0, 720.0], [122687.5, 2410.0], [122697.5, 720.0], [122700.0, 2410.0], [122745.0, 4900.0], [122747.5, 16430.0], [122750.0, 710.0], [122752.5, 2380.0], [122762.5, 710.0], [122765.0, 2380.0]]}}}
{"jsonrpc": "2.0", "method": "subscription", "params": {"channel": "book.BTC-10OCT25.none.20.100ms", "data": {"timestamp": 1759937428495, "change_id": 120597075814, "instrument_name": "BTC-10OCT25", "bids": [[122452.5, 20.0], [122450.0, 20.0], [122445.0, 44000.0], [122440.0, 50000.0], [122437.5, 7700.0], [122435.0, 3000.0], [122427.5, 12820.0], [122425.0, 39330.0], [122422.5, 13770.0], [122420.0, 11740.0], [122417.5, 19570.0], [122415.0, 40490.0], [122412.5, 5920.0], [122410.0, 160.0], [122407.5, 900.0], [122405.0, 3000.0], [122395.0, 3750.0], [122392.5, 3000.0], [122390.0, 2870.0], [122385.0, 900.0]], "asks": [[122455.0, 148700.0], [122462.5, 20.0], [122467.5, 13130.0], [122470.0, 54240.0], [122475.0, 37200.0], [122480.0, 10260.0], [122485.0, 35220.0], [122487.5, 2820.0], [122492.5, 29250.0], [122495.0, 97990.0], [122510.0, 20.0], [122522.5, 32500.0], [122525.0, 870.0], [122527.5, 2920.0], [122537.5, 1980.0], [122540.0, 6640.0], [122545.0, 15910.0], [122547.5, 20.0], [122552.5, 2920.0], [122557.5, 20.0]]}}}
{"jsonrpc": "2.0", "method": "subscription", "params": {"channel": "book.BTC-17OCT25.none.20.100ms", "data": {"timestamp": 1759937428587, "change_id": 120597075944, "instrument_name": "BTC-17OCT25", "bids": [[122647.5, 51400.0], [122645.0, 9570.0], [122640.0, 12530.0], [122637.5, 34590.0], [122635.0, 18780.0], [122632.5, 28340.0], [122630.0, 37580.0], [122627.5, 10000.0], [122622.5, 14510.0], [122620.0, 67280.0], [122617.5, 62930.0], [122615.0, 12750.0], [122612.5, 34590.0], [122605.0, 720.0], [122602.5, 2410.0], [122592.5, 720.0], [122590.0, 7310.0], [122587.5, 16420.0], [122580.0, 720.0], [122577.5, 2410.0]], "asks": [[122650.0, 10000.0], [122655.0, 9570.0], [122657.5, 10330.0], [122660.0, 35350.0], [122662.5, 2540.0], [122665.0, 1780.0], [122667.5, 5960.0], [122670.0, 11040.0], [122672.5, 34590.0], [122675.0, 12710.0], [122677.5, 34590.0], [122680.0, 13130.0], [122682.5, 44000.0], [122685.0, 720.0], [122687.5, 2410.0], [122697.5, 720.0], [122700.0, 2410.0], [122742.5, 9700.0], [122745.0, 37400.0], [122747.5, 16430.0]]}}}
{"jsonrpc": "2.0", "method": "subscription", "params": {"channel": "book.BTC-10OCT25.none.20.100ms", "data": {"timestamp": 1759937428817, "change_id": 120597076888, "instrument_name": "BTC-10OCT25", "bids": [[122452.5, 20.0], [122450.0, 20.0], [122437.5, 44000.0], [122435.0, 3000.0], [122427.5, 52760.0], [122425.0, 49330.0], [122422.5, 7800.0], [122420.0, 11740.0], [122417.5, 9570.0], [122415.0, 40490.0], [122412.5, 5920.0], [122410.0, 160.0], [122407.5, 900.0], [122405.0, 3000.0], [122397.5, 600.0], [122395.0, 3750.0], [122392.5, 3000.0], [122390.0, 2870.0], [122385.0, 900.0], [122382.5, 3000.0]], "asks": [[122455.0, 132200.0], [122462.5, 20.0], [122467.5, 13130.0], [122470.0, 54240.0], [122475.0, 37200.0], [122480.0, 10260.0], [122485.0, 35220.0], [122487.5, 2820.0], [122492.5, 29250.0], [122495.0, 97990.0], [122510.0, 20.0], [122520.0, 9700.0], [122522.5, 32500.0], [122525.0, 870.0], [122527.5, 2920.0], [122537.5, 1980.0], [122540.0, 6640.0], [122545.0, 15910.0], [122547.5, 20.0], [122550.0, 870.0]]}}}
{"jsonrpc": "2.0", "method": "subscription", "params": {"channel": "book.BTC-17OCT25.none.20.100ms", "data": {"timestamp": 1759937428942, "change_id": 120597076898, "instrument_name": "BTC-17OCT25", "bids": [[122647.5, 51400.0], [122645.0, 9570.0], [122640.0, 12530.0], [122637.5, 34590.0], [122635.0, 18780.0], [122632.5, 22380.0], [122630.0, 37580.0], [122627.5, 10000.0], [122622.5, 14510.0], [122620.0, 67280.0], [122617.5, 62930.0], [122615.0, 12750.0], [122612.5, 34590.0], [122605.0, 720.0], [122602.5, 2410.0], [122592.5, 720.0], [122590.0, 7310.0], [122587.5, 16420.0], [122580.0, 720.0], [122577.5, 2410.0]], "asks": [[122650.0, 18980.0], [122652.5, 3900.0], [122655.0, 9570.0], [122657.5, 10330.0], [122660.0, 35350.0], [122662.5, 2540.0], [122665.0, 1780.0], [122667.5, 5960.0], [122670.0, 11040.0], [122672.5, 34590.0], [122675.0, 12710.0], [122677.5, 34590.0], [122680.0, 13130.0], [122682.5, 44000.0], [122685.0, 720.0], [122687.5, 2410.0], [122697.5, 720.0], [122700.0, 2410.0], [122742.5, 9700.0], [122745.0, 37400.0]]}}}
{"jsonrpc": "2.0", "method": "subscription", "params": {"channel": "book.BTC-10OCT25.none.20.100ms", "data": {"timestamp": 1759937429167, "change_id": 120597077038, "instrument_name": "BTC-10OCT25", "bids": [[122452.5, 20.0], [122450.0, 20.0], [122437.5, 44000.0], [122435.0, 3000.0], [122427.5, 2760.0], [122425.0, 49330.0], [122422.5, 7800.0], [122420.0, 11740.0], [122417.5, 9570.0], [122415.0, 46460.0], [122412.5, 5920.0], [122410.0, 160.0], [122407.5, 900.0], [122405.0, 3000.0], [122397.5, 600.0], [122395.0, 3750.0], [122392.5, 3000.0], [122390.0, 2870.0], [122385.0, 900.0], [122382.5, 3000.0]], "asks": [[122455.0, 132200.0], [122462.5, 20.0], [122467.5, 13130.0], [122470.0, 54240.0], [122475.0, 37200.0], [122480.0, 10260.0], [122485.0, 35220.0], [122487.5, 2820.0], [122492.5, 29250.0], [122495.0, 97990.0], [122510.0, 20.0], [122520.0, 9700.0], [122522.5, 32500.0], [122525.0, 870.0], [122527.5, 2920.0], [122537.5, 1980.0], [122540.0, 6640.0], [122545.0, 15910.0], [122547.5, 20.0], [122550.0, 870.0]]}}}
{"jsonrpc": "2.0", "method": "subscription", "params": {"channel": "book.BTC-17OCT25.none.20.100ms", "data": {"timestamp": 1759937429167, "change_id": 120597077040, "instrument_name": "BTC-17OCT25", "bids": [[122647.5, 51400.0], [122645.0, 9570.0], [122640.0, 12530.0], [122637.5, 34590.0], [122635.0, 18780.0], [122632.5, 28340.0], [122630.0, 37580.0], [122627.5, 10000.0], [122622.5, 14510.0], [122620.0, 67280.0], [122617.5, 62930.0], [122615.0, 12750.0], [122612.5, 34590.0], [122605.0, 720.0], [122602.5, 2410.0], [122592.5, 720.0], [122590.0, 7310.0], [122587.5, 16420.0], [122580.0, 720.0], [122577.5, 2410.0]], "asks": [[122650.0, 18980.0], [122652.5, 3900.0], [122655.0, 9570.0], [122657.5, 10330.0], [122660.0, 35350.0], [122662.5, 2540.0], [122665.0, 1780.0], [122667.5, 5960.0], [122670.0, 11040.0], [122672.5, 34590.0], [122675.0, 12710.0], [122677.5, 34590.0], [122680.0, 13130.0], [122682.5, 44000.0], [122685.0, 720.0], [122687.5, 2410.0], [122697.5, 720.0], [122700.0, 2410.0], [122742.5, 9700.0], [122745.0, 37400.0]]}}}
{"jsonrpc": "2.0", "method": "subscription", "params": {"channel": "book.BTC-10OCT25.none.20.100ms", "data": {"timestamp": 1759937429394, "change_id": 120597077391, "instrument_name": "BTC-10OCT25", "bids": [[122452.5, 20.0], [122450.0, 20.0], [122437.5, 44000.0], [122435.0, 3000.0], [122427.5, 14380.0], [122425.0, 49330.0], [122422.5, 7800.0], [122420.0, 11740.0], [122417.5, 9570.0], [122415.0, 46460.0], [122412.5, 5920.0], [122410.0, 160.0], [122407.5, 900.0], [122405.0, 3000.0], [122397.5, 600.0], [122395.0, 3750.0], [122392.5, 3000.0], [122390.0, 2870.0], [122385.0, 900.0], [122382.5, 3000.0]], "asks": [[122455.0, 132200.0], [122462.5, 20.0], [122467.5, 13130.0], [122470.0, 54240.0], [122475.0, 37200.0], [122480.0, 10260.0], [122485.0, 35220.0], [122487.5, 2820.0], [122492.5, 29250.0], [122495.0, 97990.0], [122510.0, 20.0], [122520.0, 9700.0], [122522.5, 32500.0], [122525.0, 870.0], [122527.5, 2920.0], [122537.5, 1980.0], [122540.0, 6640.0], [122545.0, 15910.0], [122547.5, 20.0], [122550.0, 870.0]]}}}
{"jsonrpc": "2.0", "method": "subscription", "params": {"channel": "book.BTC-17OCT25.none.20.100ms", "data": {"timestamp": 1759937429566, "change_id": 120597077689, "instrument_name": "BTC-17OCT25", "bids": [[122647.5, 51400.0], [122645.0, 9570.0], [122640.0, 12530.0], [122637.5, 34590.0], [122635.0, 18780.0], [122632.5, 28340.0], [122630.0, 37580.0], [122627.5, 10000.0], [122622.5, 14510.0], [122620.0, 67280.0], [122617.5, 62930.0], [122615.0, 12750.0], [122612.5, 34590.0], [122605.0, 720.0], [122602.5, 2410.0], [122592.5, 720.0], [122590.0, 7310.0], [122587.5, 16420.0], [122580.0, 720.0], [122577.5, 2410.0]], "asks": [[122650.0, 12380.0], [122655.0, 9570.0], [122657.5, 10330.0], [122660.0, 35350.0], [122662.5, 2540.0], [122665.0, 1780.0], [122667.5, 5960.0], [122670.0, 11040.0], [122672.5, 34590.0], [122675.0, 12710.0], [122677.5, 34590.0], [122680.0, 13130.0], [122682.5, 44000.0], [122685.0, 720.0], [122687.5, 2410.0], [122697.5, 720.0], [122700.0, 2410.0], [122742.5, 9700.0], [122745.0, 37400.0], [122747.5, 16430.0]]}}}
{"jsonrpc": "2.0", "method": "subscription", "params": {"channel": "book.BTC-10OCT25.none.20.100ms", "data": {"timestamp": 1759937429806, "change_id": 120597078521, "instrument_name": "BTC-10OCT25", "bids": [[122452.5, 20.0], [122450.0, 20.0], [122437.5, 44000.0], [122435.0, 3000.0], [122430.0, 50000.0], [122427.5, 11450.0], [122425.0, 49330.0], [122422.5, 7800.0], [122420.0, 11740.0], [122417.5, 9570.0], [122415.0, 46460.0], [122412.5, 5920.0], [122410.0, 160.0], [122407.5, 900.0], [122405.0, 3000.0], [122397.5, 600.0], [122395.0, 3750.0], [122392.5, 3000.0], [122390.0, 2870.0], [122385.0, 900.0]], "asks": [[122455.0, 148700.0], [122462.5, 20.0], [122467.5, 13130.0], [122470.0, 54240.0], [122475.0, 37200.0], [122480.0, 10260.0], [122485.0, 35220.0], [122487.5, 2820.0], [122492.5, 29250.0], [122495.0, 97990.0], [122510.0, 20.0], [122520.0, 9700.0], [122522.5, 32500.0], [122525.0, 870.0], [122527.5, 2920.0], [122537.5, 1980.0], [122540.0, 6640.0], [122542.5, 4750.0], [122545.0, 15910.0], [122547.5, 20.0]]}}}
{"jsonrpc": "2.0", "method": "subscription", "params": {"channel": "book.BTC-17OCT25.none.20.100ms", "data": {"timestamp": 1759937429839, "change_id": 120597078225, "instrument_name": "BTC-17OCT25", "bids": [[122647.5, 51400.0], [122645.0, 9570.0], [122640.0, 12530.0], [122637.5, 34590.0], [122635.0, 18780.0], [122632.5, 28340.0], [122630.0, 37580.0], [122627.5, 10000.0], [122622.5, 14510.0], [122620.0, 67280.0], [122617.5, 62930.0], [122615.0, 12750.0], [122612.5, 34590.0], [122605.0, 720.0], [122602.5, 2410.0], [122592.5, 720.0], [122590.0, 7310.0], [122587.5, 16420.0], [122580.0, 720.0], [122577.5, 2410.0]], "asks": [[122650.0, 19480.0], [122652.5, 3900.0], [122655.0, 9570.0], [122657.5, 10330.0], [122660.0, 35350.0], [122662.5, 2540.0], [122665.0, 1780.0], [122667.5, 5960.0], [122670.0, 11040.0], [122672.5, 34590.0], [122675.0, 12710.0], [122677.5, 34590.0], [122680.0, 13130.0], [122682.5, 44000.0], [122685.0, 720.0], [122687.5, 2410.0], [122697.5, 720.0], [122700.0, 2410.0], [122742.5, 9700.0], [122745.0, 37400.0]]}}}
{"jsonrpc": "2.0", "method": "subscription", "params": {"channel": "book.BTC-10OCT25.none.20.100ms", "data": {"timestamp": 1759937430262, "change_id": 120597078673, "instrument_name": "BTC-10OCT25", "bids": [[122452.5, 20.0], [122450.0, 20.0], [122437.5, 44000.0], [122435.0, 3000.0], [122427.5, 14380.0], [122425.0, 49330.0], [122422.5, 7800.0], [122420.0, 11740.0], [122417.5, 9570.0], [122415.0, 46460.0], [122412.5, 5920.0], [122410.0, 160.0], [122407.5, 900.0], [122405.0, 3000.0], [122397.5, 600.0], [122395.0, 3750.0], [122392.5, 3000.0], [122390.0, 2870.0], [122385.0, 900.0], [122382.5, 3000.0]], "asks": [[122455.0, 148700.0], [122462.5, 20.0], [122467.5, 13130.0], [122470.0, 54240.0], [122475.0, 37200.0], [122480.0, 10260.0], [122485.0, 35220.0], [122487.5, 2820.0], [122492.5, 29250.0], [122495.0, 97990.0], [122510.0, 20.0], [122520.0, 9700.0], [122522.5, 32500.0], [122525.0, 870.0], [122527.5, 2920.0], [122537.5, 1980.0], [122540.0, 6640.0], [122542.5, 4750.0], [122545.0, 15910.0], [122547.5, 20.0]]}}}
{"jsonrpc": "2.0", "method": "subscription", "params": {"channel": "book.BTC-17OCT25.none.20.100ms", "data": {"timestamp": 1759937430269, "change_id": 120597078688, "instrument_name": "BTC-17OCT25", "bids": [[122647.5, 51400.0], [122645.0, 9570.0], [122640.0, 12530.0], [122637.5, 34590.0], [122635.0, 18780.0], [122632.5, 28340.0], [122630.0, 37580.0], [122627.5, 10000.0], [122622.5, 14510.0], [122620.0, 67280.0], [122617.5, 62930.0], [122615.0, 12750.0], [122612.5, 34590.0], [122605.0, 720.0], [122602.5, 2410.0], [122592.5, 720.0], [122590.0, 7310.0], [122587.5, 16420.0], [122580.0, 720.0], [122577.5, 2410.0]], "asks": [[122650.0, 17100.0], [122655.0, 9570.0], [122657.5, 10330.0], [122660.0, 35350.0], [122662.5, 2540.0], [122665.0, 1780.0], [122667.5, 5960.0], [122670.0, 11040.0], [122672.5, 34590.0], [122675.0, 12710.0], [122677.5, 34590.0], [122680.0, 13130.0], [122682.5, 44000.0], [122685.0, 720.0], [122687.5, 2410.0], [122697.5, 720.0], [122700.0, 2410.0], [122742.5, 9700.0], [122745.0, 37400.0], [122747.5, 16430.0]]}}}
{"jsonrpc": "2.0", "method": "subscription", "params": {"channel": "book.BTC-10OCT25.none.20.100ms", "data": {"timestamp": 1759937430304, "change_id": 120597079275, "instrument_name": "BTC-10OCT25", "bids": [[122452.5, 20.0], [122450.0, 20.0], [122437.5, 44000.0], [122435.0, 3000.0], [122430.0, 50000.0], [122427.5, 14380.0], [122425.0, 49330.0], [122422.5, 7800.0], [122420.0, 11740.0], [122417.5, 9570.0], [122415.0, 46460.0], [122412.5, 5920.0], [122410.0, 160.0], [122407.5, 900.0], [122405.0, 3000.0], [122397.5, 600.0], [122395.0, 3750.0], [122392.5, 3000.0], [122390.0, 2870.0], [122385.0, 900.0]], "asks": [[122455.0, 148700.0], [122462.5, 20.0], [122467.5, 13130.0], [122470.0, 54240.0], [122475.0, 37200.0], [122480.0, 10260.0], [122485.0, 35220.0], [122487.5, 2820.0], [122492.5, 29250.0], [122495.0, 97990.0], [122510.0, 20.0], [122520.0, 9700.0], [122522.5, 32500.0], [122525.0, 870.0], [122527.5, 2920.0], [122537.5, 1980.0], [122540.0, 6640.0], [122542.5, 4750.0], [122545.0, 15910.0], [122547.5, 20.0]]}}}
{"jsonrpc": "2.0", "method": "subscription", "params": {"channel": "book.BTC-17OCT25.none.20.100ms", "data": {"timestamp": 1759937430408, "change_id": 120597078977, "instrument_name": "BTC-17OCT25", "bids": [[122647.5, 51400.0], [122645.0, 9570.0], [122640.0, 12530.0], [122637.5, 34590.0], [122635.0, 18780.0], [122632.5, 28340.0], [122630.0, 37580.0], [122627.5, 10000.0], [122622.5, 14510.0], [122620.0, 67280.0], [122617.5, 62930.0], [122615.0, 12750.0], [122612.5, 34590.0], [122605.0, 720.0], [122602.5, 2410.0], [122592.5, 720.0], [122590.0, 7310.0], [122587.5, 16420.0], [122580.0, 720.0], [122577.5, 2410.0]], "asks": [[122650.0, 10000.0], [122655.0, 9570.0], [122657.5, 10330.0], [122660.0, 35350.0], [122662.5, 2540.0], [122665.0, 1780.0], [122667.5, 5960.0], [122670.0, 11040.0], [122672.5, 34590.0], [122675.0, 12710.0], [122677.5, 34590.0], [122680.0, 13130.0], [122682.5, 44000.0], [122685.0, 720.0], [122687.5, 2410.0], [122697.5, 720.0], [122700.0, 2410.0], [122742.5, 9700.0], [122745.0, 37400.0], [122747.5, 16430.0]]}}}
{"jsonrpc": "2.0", "method": "subscription", "params": {"channel": "book.BTC-10OCT25.none.20.100ms", "data": {"timestamp": 1759937430666, "change_id": 120597080156, "instrument_name": "BTC-10OCT25", "bids": [[122452.5, 20.0], [122450.0, 20.0], [122437.5, 44000.0], [122435.0, 3000.0], [122427.5, 14380.0], [122425.0, 49330.0], [122422.5, 7800.0], [122420.0, 11740.0], [122417.5, 9570.0], [122415.0, 46460.0], [122412.5, 5920.0], [122410.0, 160.0], [122407.5, 900.0], [122405.0, 3000.0], [122397.5, 600.0], [122395.0, 3750.0], [122392.5, 3000.0], [122390.0, 2870.0], [122385.0, 900.0], [122382.5, 3000.0]], "asks": [[122455.0, 148700.0], [122462.5, 20.0], [122467.5, 13130.0], [122470.0, 54240.0], [122475.0, 37200.0], [122480.0, 10260.0], [122485.0, 35220.0], [122487.5, 2820.0], [122492.5, 29250.0], [122495.0, 97990.0], [122497.5, 870.0], [122500.0, 2930.0], [122510.0, 20.0], [122520.0, 9700.0], [122522.5, 32500.0], [122525.0, 870.0], [122527.5, 2920.0], [122537.5, 1980.0], [122540.0, 6640.0], [122542.5, 4750.0]]}}}
{"jsonrpc": "2.0", "method": "subscription", "params": {"channel": "book.BTC-17OCT25.none.20.100ms", "data": {"timestamp": 1759937430931, "change_id": 120597080121, "instrument_name": "BTC-17OCT25", "bids": [[122647.5, 51400.0], [122645.0, 9570.0], [122640.0, 12530.0], [122637.5, 34590.0], [122635.0, 18780.0], [122632.5, 28340.0], [122630.0, 37580.0], [122627.5, 10000.0], [122622.5, 14510.0], [122620.0, 67280.0], [122617.5, 62930.0], [122615.0, 12750.0], [122612.5, 34590.0], [122605.0, 720.0], [122602.5, 2410.0], [122592.5, 720.0], [122590.0, 7310.0], [122587.5, 16420.0], [122580.0, 720.0], [122577.5, 2410.0]], "asks": [[122650.0, 17180.0], [122655.0, 9570.0], [122657.5, 10330.0], [122660.0, 35350.0], [122662.5, 2540.0], [122665.0, 1780.0], [122667.5, 5960.0], [122670.0, 11040.0], [122672.5, 34590.0], [122675.0, 12710.0], [122677.5, 34590.0], [122680.0, 13130.0], [122682.5, 44000.0], [122685.0, 720.0], [122687.5, 2410.0], [122697.5, 720.0], [122700.0, 2410.0], [122742.5, 9700.0], [122745.0, 37400.0], [122747.5, 16430.0]]}}}
{"jsonrpc": "2.0", "method": "subscription", "params": {"channel": "book.BTC-10OCT25.none.20.100ms", "data": {"timestamp": 1759937431252, "change_id": 120597080413, "instrument_name": "BTC-10OCT25", "bids": [[122452.5, 20.0], [122450.0, 20.0], [122437.5, 44000.0], [122435.0, 3000.0], [122430.0, 50000.0], [122427.5, 14380.0], [122425.0, 49330.0], [122422.5, 7800.0], [122420.0, 11740.0], [122417.5, 15540.0], [122415.0, 40490.0], [122412.5, 5920.0], [122410.0, 160.0], [122407.5, 900.0], [122405.0, 3000.0], [122397.5, 600.0], [122395.0, 3750.0], [122392.5, 3000.0], [122390.0, 2870.0], [122385.0, 900.0]], "asks": [[122455.0, 148700.0], [122462.5, 20.0], [122467.5, 13130.0], [122470.0, 54240.0], [122475.0, 37200.0], [122480.0, 10260.0], [122485.0, 35220.0], [122487.5, 2820.0], [122492.5, 29250.0], [122495.0, 97990.0], [122497.5, 870.0], [122500.0, 2930.0], [122510.0, 20.0], [122520.0, 9700.0], [122522.5, 32500.0], [122525.0, 870.0], [122527.5, 2920.0], [122537.5, 1980.0], [122540.0, 6640.0], [122542.5, 4750.0]]}}}
{"jsonrpc": "2.0", "method": "subscription", "params": {"channel": "book.BTC-17OCT25.none.20.100ms", "data": {"timestamp": 1759937431259, "change_id": 120597080418, "instrument_name": "BTC-17OCT25", "bids": [[122647.5, 51400.0], [122645.0, 9570.0], [122640.0, 12530.0], [122637.5, 40550.0], [122635.0, 18780.0], [122632.5, 22380.0], [122630.0, 37580.0], [122627.5, 10000.0], [122622.5, 14510.0], [122620.0, 67280.0], [122617.5, 62930.0], [122615.0, 12750.0], [122612.5, 34590.0], [122605.0, 720.0], [122602.5, 2410.0], [122592.5, 720.0], [122590.0, 7310.0], [122587.5, 16420.0], [122580.0, 720.0], [122577.5, 2410.0]], "asks": [[122650.0, 14800.0], [122655.0, 9570.0], [122657.5, 10330.0], [122660.0, 35350.0], [122662.5, 2540.0], [122665.0, 1780.0], [122667.5, 5960.0], [122670.0, 11040.0], [122672.5, 34590.0], [122675.0, 12710.0], [122677.5, 34590.0], [122680.0, 13130.0], [122682.5, 44000.0], [122685.0, 720.0], [122687.5, 2410.0], [122697.5, 720.0], [122700.0, 2410.0], [122742.5, 9700.0], [122745.0, 37400.0], [122747.5, 16430.0]]}}}
{"jsonrpc": "2.0", "method": "subscription", "params": {"channel": "book.BTC-10OCT25.none.20.100ms", "data": {"timestamp": 1759937431359, "change_id": 120597080609, "instrument_name": "BTC-10OCT25", "bids": [[122452.5, 20.0], [122450.0, 20.0], [122437.5, 44000.0], [122435.0, 3000.0], [122427.5, 14380.0], [122425.0, 49330.0], [122422.5, 7800.0], [122420.0, 11740.0], [122417.5, 15540.0], [122415.0, 40490.0], [122412.5, 5920.0], [122410.0, 160.0], [122407.5, 900.0], [122405.0, 3000.0], [122397.5, 600.0], [122395.0, 3750.0], [122392.5, 3000.0], [122390.0, 2870.0], [122385.0, 900.0], [122382.5, 3000.0]], "asks": [[122455.0, 148700.0], [122462.5, 20.0], [122467.5, 13130.0], [122470.0, 54240.0], [122475.0, 37200.0], [122480.0, 10260.0], [122485.0, 35220.0], [122487.5, 2820.0], [122492.5, 29250.0], [122495.0, 97990.0], [122497.5, 870.0], [122500.0, 2930.0], [122510.0, 20.0], [122520.0, 9700.0], [122522.5, 32500.0], [122525.0, 870.0], [122527.5, 2920.0], [122537.5, 1980.0], [122540.0, 6640.0], [122542.5, 4750.0]]}}}
{"jsonrpc": "2.0", "method": "subscription", "params": {"channel": "book.BTC-17OCT25.none.20.100ms", "data": {"timestamp": 1759937431603, "change_id": 120597081000, "instrument_name": "BTC-17OCT25", "bids": [[122647.5, 51400.0], [122645.0, 9570.0], [122640.0, 12530.0], [122637.5, 40550.0], [122635.0, 18780.0], [122632.5, 22380.0], [122630.0, 37580.0], [122627.5, 10000.0], [122622.5, 14510.0], [122620.0, 67280.0], [122617.5, 62930.0], [122615.0, 12750.0], [122612.5, 34590.0], [122605.0, 720.0], [122602.5, 2410.0], [122592.5, 720.0], [122590.0, 7310.0], [122587.5, 16420.0], [122580.0, 720.0], [122577.5, 2410.0]], "asks": [[122650.0, 17180.0], [122655.0, 9570.0], [122657.5, 10330.0], [122660.0, 35350.0], [122662.5, 2540.0], [122665.0, 1780.0], [122667.5, 5960.0], [122670.0, 11040.0], [122672.5, 34590.0], [122675.0, 12710.0], [122677.5, 34590.0], [122680.0, 13130.0], [122682.5, 44000.0], [122685.0, 720.0], [122687.5, 2410.0], [122697.5, 720.0], [122700.0, 2410.0], [122742.5, 9700.0], [122745.0, 37400.0], [122747.5, 16430.0]]}}}
{"jsonrpc": "2.0", "method": "subscription", "params": {"channel": "book.BTC-10OCT25.none.20.100ms", "data": {"timestamp": 1759937431783, "change_id": 120597081754, "instrument_name": "BTC-10OCT25", "bids": [[122452.5, 20.0], [122450.0, 20.0], [122437.5, 44000.0], [122435.0, 3000.0], [122430.0, 50000.0], [122427.5, 14380.0], [122425.0, 47330.0], [122422.5, 9800.0], [122420.0, 11740.0], [122417.5, 15540.0], [122415.0, 40490.0], [122412.5, 5920.0], [122410.0, 160.0], [122407.5, 900.0], [122405.0, 3000.0], [122395.0, 1750.0], [122392.5, 5000.0], [122390.0, 2870.0], [122385.0, 900.0], [122382.5, 3000.0]], "asks": [[122455.0, 132200.0], [122462.5, 20.0], [122467.5, 13130.0], [122470.0, 54240.0], [122475.0, 37200.0], [122480.0, 10260.0], [122485.0, 35220.0], [122487.5, 2820.0], [122492.5, 29250.0], [122495.0, 97990.0], [122497.5, 870.0], [122500.0, 2930.0], [122510.0, 20.0], [122520.0, 9700.0], [122522.5, 32500.0], [122525.0, 870.0], [122527.5, 2920.0], [122537.5, 1980.0], [122540.0, 6640.0], [122542.5, 4750.0]]}}}
{"jsonrpc": "2.0", "method": "subscription", "params": {"channel": "book.BTC-17OCT25.none.20.100ms", "data": {"timestamp": 1759937431888, "change_id": 120597081626, "instrument_name": "BTC-17OCT25", "bids": [[122647.5, 51400.0], [122645.0, 9570.0], [122640.0, 12530.0], [122637.5, 40550.0], [122635.0, 18780.0], [122632.5, 22380.0], [122630.0, 37580.0], [122627.5, 10000.0], [122622.5, 14510.0], [122620.0, 67280.0], [122617.5, 62930.0], [122615.0, 12750.0], [122612.5, 34590.0], [122605.0, 720.0], [122602.5, 2410.0], [122592.5, 720.0], [122590.0, 7310.0], [122587.5, 16420.0], [122580.0, 720.0], [122577.5, 2410.0]], "asks": [[122650.0, 17180.0], [122655.0, 9570.0], [122657.5, 10330.0], [122660.0, 35350.0], [122662.5, 2540.0], [122665.0, 1780.0], [122667.5, 5960.0], [122670.0, 11040.0], [122672.5, 34590.0], [122675.0, 12710.0], [122677.5, 34590.0], [122680.0, 13130.0], [122682.5, 44000.0], [122685.0, 720.0], [122687.5, 2410.0], [122697.5, 720.0], [122700.0, 2410.0], [122742.5, 9700.0], [122745.0, 37400.0], [122747.5, 16430.0]]}}}
{"jsonrpc": "2.0", "method": "subscription", "params": {"channel": "book.BTC-10OCT25.none.20.100ms", "data": {"timestamp": 1759937432214, "change_id": 120597082019, "instrument_name": "BTC-10OCT25", "bids": [[122452.5, 20.0], [122450.0, 20.0], [122437.5, 44000.0], [122435.0, 3000.0], [122427.5, 14380.0], [122425.0, 47330.0], [122422.5, 9800.0], [122420.0, 11740.0], [122417.5, 15540.0], [122415.0, 40490.0], [122412.5, 5920.0], [122410.0, 160.0], [122407.5, 900.0], [122405.0, 3000.0], [122395.0, 1750.0], [122392.5, 5000.0], [122390.0, 2870.0], [122385.0, 900.0], [122382.5, 3000.0], [122377.5, 900.0]], "asks": [[122455.0, 132200.0], [122462.5, 20.0], [122467.5, 13130.0], [122470.0, 54240.0], [122475.0, 37200.0], [122480.0, 10260.0], [122485.0, 35220.0], [122487.5, 2820.0], [122492.5, 29250.0], [122495.0, 97990.0], [122497.5, 870.0], [122500.0, 2930.0], [122510.0, 20.0], [122520.0, 9700.0], [122522.5, 32500.0], [122525.0, 870.0], [122527.5, 2920.0], [122537.5, 1980.0], [122540.0, 6640.0], [122542.5, 4750.0]]}}}
{"jsonrpc": "2.0", "method": "subscription", "params": {"channel": "book.BTC-17OCT25.none.20.100ms", "data": {"timestamp": 1759937432143, "change_id": 120597081974, "instrument_name": "BTC-17OCT25", "bids": [[122647.5, 51400.0], [122645.0, 9570.0], [122640.0, 12530.0], [122637.5, 40550.0], [122635.0, 18780.0], [122632.5, 22380.0], [122630.0, 37580.0], [122627.5, 10000.0], [122622.5, 14510.0], [122620.0, 67280.0], [122617.5, 62930.0], [122615.0, 12750.0], [122612.5, 34590.0], [122605.0, 720.0], [122602.5, 2410.0], [122592.5, 720.0], [122590.0, 7310.0], [122587.5, 16420.0], [122580.0, 720.0], [122577.5, 2410.0]], "asks": [[122650.0, 14800.0], [122655.0, 9570.0], [122657.5, 10330.0], [122660.0, 35350.0], [122662.5, 2540.0], [122665.0, 1780.0], [122667.5, 5960.0], [122670.0, 11040.0], [122672.5, 34590.0], [122675.0, 12710.0], [122677.5, 34590.0], [122680.0, 13130.0], [122682.5, 44000.0], [122685.0, 720.0], [122687.5, 2410.0], [122697.5, 720.0], [122700.0, 2410.0], [122742.5, 9700.0], [122745.0, 37400.0], [122747.5, 16430.0]]}}}
{"jsonrpc": "2.0", "method": "subscription", "params": {"channel": "book.BTC-10OCT25.none.20.100ms", "data": {"timestamp": 1759937432540, "change_id": 120597082518, "instrument_name": "BTC-10OCT25", "bids": [[122452.5, 20.0], [122450.0, 20.0], [122437.5, 44000.0], [122435.0, 3000.0], [122427.5, 14380.0], [122425.0, 47330.0], [122422.5, 9800.0], [122420.0, 11740.0], [122417.5, 15540.0], [122415.0, 40490.0], [122412.5, 5920.0], [122410.0, 160.0], [122407.5, 900.0], [122405.0, 3000.0], [122395.0, 1750.0], [122392.5, 5000.0], [122390.0, 2870.0], [122385.0, 900.0], [122382.5, 3000.0], [122377.5, 900.0]], "asks": [[122455.0, 132200.0], [122462.5, 20.0], [122467.5, 13130.0], [122470.0, 54240.0], [122475.0, 37200.0], [122485.0, 35220.0], [122487.5, 2820.0], [122492.5, 29250.0], [122495.0, 97990.0], [122497.5, 870.0], [122500.0, 2930.0], [122510.0, 20.0], [122520.0, 9700.0], [122522.5, 32500.0], [122525.0, 870.0], [122527.5, 2920.0], [122537.5, 1980.0], [122540.0, 6640.0], [122542.5, 4750.0], [122545.0, 15910.0]]}}}
{"jsonrpc": "2.0", "method": "subscription", "params": {"channel": "book.BTC-17OCT25.none.20.100ms", "data": {"timestamp": 1759937432540, "change_id": 120597082519, "instrument_name": "BTC-17OCT25", "bids": [[122647.5, 51400.0], [122645.0, 9570.0], [122640.0, 12530.0], [122637.5, 40550.0], [122635.0, 18780.0], [122632.5, 22380.0], [122630.0, 37580.0], [122627.5, 10000.0], [122622.5, 14510.0], [122620.0, 67280.0], [122617.5, 62930.0], [122615.0, 12750.0], [122612.5, 34590.0], [122605.0, 720.0], [122602.5, 2410.0], [122592.5, 720.0], [122590.0, 7310.0], [122587.5, 16420.0], [122580.0, 720.0], [122577.5, 2410.0]], "asks": [[122650.0, 10000.0], [122655.0, 9570.0], [122657.5, 10330.0], [122660.0, 34590.0], [122662.5, 2540.0], [122665.0, 1780.0], [122667.5, 5960.0], [122670.0, 11040.0], [122672.5, 34590.0], [122675.0, 12710.0], [122677.5, 34590.0], [122680.0, 13130.0], [122682.5, 44000.0], [122685.0, 720.0], [122687.5, 2410.0], [122697.5, 720.0], [122700.0, 2410.0], [122742.5, 9700.0], [122745.0, 37400.0], [122747.5, 16430.0]]}}}
{"jsonrpc": "2.0", "method": "subscription", "params": {"channel": "book.BTC-10OCT25.none.20.100ms", "data": {"timestamp": 1759937432772, "change_id": 120597082829, "instrument_name": "BTC-10OCT25", "bids": [[122452.5, 20.0], [122450.0, 20.0], [122440.0, 3500.0], [122437.5, 44000.0], [122435.0, 3000.0], [122427.5, 14380.0], [122425.0, 47330.0], [122422.5, 9800.0], [122420.0, 11740.0], [122417.5, 15540.0], [122415.0, 40490.0], [122412.5, 5920.0], [122410.0, 160.0], [122407.5, 900.0], [122405.0, 3000.0], [122395.0, 1750.0], [122392.5, 5000.0], [122390.0, 2870.0], [122385.0, 900.0], [122382.5, 3000.0]], "asks": [[122455.0, 148700.0], [122462.5, 20.0], [122467.5, 13130.0], [122470.0, 54240.0], [122475.0, 37200.0], [122482.5, 10260.0], [122485.0, 35220.0], [122487.5, 2820.0], [122492.5, 29250.0], [122495.0, 97990.0], [122497.5, 870.0], [122500.0, 2930.0], [122510.0, 20.0], [122520.0, 9700.0], [122522.5, 32500.0], [122525.0, 870.0], [122527.5, 2920.0], [122537.5, 1980.0], [122540.0, 6640.0], [122542.5, 4750.0]]}}}
{"jsonrpc": "2.0", "method": "subscription", "params": {"channel": "book.BTC-17OCT25.none.20.100ms", "data": {"timestamp": 1759937432897, "change_id": 120597083230, "instrument_name": "BTC-17OCT25", "bids": [[122647.5, 51400.0], [122645.0, 9570.0], [122640.0, 12530.0], [122637.5, 40550.0], [122635.0, 18780.0], [122632.5, 22380.0], [122630.0, 37580.0], [122627.5, 10000.0], [122622.5, 14510.0], [122620.0, 67280.0], [122617.5, 62930.0], [122615.0, 12750.0], [122612.5, 34590.0], [122605.0, 720.0], [122602.5, 2410.0], [122592.5, 720.0], [122590.0, 7310.0], [122587.5, 16420.0], [122580.0, 720.0], [122577.5, 2410.0]], "asks": [[122650.0, 17420.0], [122655.0, 9570.0], [122657.5, 10330.0], [122660.0, 35350.0], [122662.5, 2540.0], [122665.0, 1780.0], [122667.5, 5960.0], [122670.0, 11040.0], [122672.5, 34590.0], [122675.0, 12710.0], [122677.5, 34590.0], [122680.0, 13130.0], [122682.5, 44000.0], [122685.0, 720.0], [122687.5, 2410.0], [122697.5, 720.0], [122700.0, 2410.0], [122742.5, 9700.0], [122745.0, 37400.0], [122747.5, 16430.0]]}}}
{"jsonrpc": "2.0", "method": "subscription", "params": {"channel": "book.BTC-10OCT25.none.20.100ms", "data": {"timestamp": 1759937433249, "change_id": 120597083516, "instrument_name": "BTC-10OCT25", "bids": [[122452.5, 20.0], [122450.0, 20.0], [122437.5, 44000.0], [122435.0, 3000.0], [122427.5, 14380.0], [122425.0, 47330.0], [122422.5, 7800.0], [122420.0, 11740.0], [122417.5, 15540.0], [122415.0, 40490.0], [122412.5, 5920.0], [122410.0, 160.0], [122407.5, 900.0], [122405.0, 3000.0], [122395.0, 1750.0], [122392.5, 3000.0], [122390.0, 2870.0], [122385.0, 900.0], [122382.5, 3000.0], [122377.5, 900.0]], "asks": [[122455.0, 148700.0], [122462.5, 20.0], [122467.5, 13130.0], [122470.0, 54240.0], [122475.0, 37200.0], [122482.5, 10260.0], [122485.0, 35220.0], [122487.5, 2820.0], [122492.5, 29250.0], [122495.0, 97990.0], [122497.5, 870.0], [122500.0, 2930.0], [122510.0, 20.0], [122520.0, 9700.0], [122522.5, 32500.0], [122525.0, 870.0], [122527.5, 2920.0], [122537.5, 1980.0], [122540.0, 6640.0], [122542.5, 4750.0]]}}}
{"jsonrpc": "2.0", "method": "subscription", "params": {"channel": "book.BTC-17OCT25.none.20.100ms", "data": {"timestamp": 1759937433241, "change_id": 120597083502, "instrument_name": "BTC-17OCT25", "bids": [[122647.5, 51400.0], [122645.0, 9570.0], [122640.0, 12530.0], [122637.5, 40550.0], [122635.0, 18780.0], [122632.5, 22380.0], [122630.0, 37580.0], [122627.5, 10000.0], [122622.5, 14510.0], [122620.0, 67280.0], [122617.5, 62930.0], [122615.0, 12750.0], [122612.5, 34590.0], [122605.0, 720.0], [122602.5, 2410.0], [122592.5, 720.0], [122590.0, 7310.0], [122587.5, 16420.0], [122580.0, 720.0], [122577.5, 2410.0]], "asks": [[122650.0, 15000.0], [122655.0, 9570.0], [122657.5, 10330.0], [122660.0, 35350.0], [122662.5, 2540.0], [122665.0, 1780.0], [122667.5, 5960.0], [122670.0, 11040.0], [122672.5, 34590.0], [122675.0, 12710.0], [122677.5, 34590.0], [122680.0, 13130.0], [122682.5, 44000.0], [122685.0, 720.0], [122687.5, 2410.0], [122697.5, 720.0], [122700.0, 2410.0], [122742.5, 9700.0], [122745.0, 37400.0], [122747.5, 16430.0]]}}}
{"jsonrpc": "2.0", "method": "subscription", "params": {"channel": "book.BTC-10OCT25.none.20.100ms", "data": {"timestamp": 1759937433558, "change_id": 120597084784, "instrument_name": "BTC-10OCT25", "bids": [[122452.5, 20.0], [122450.0, 20.0], [122447.5, 44000.0], [122442.5, 870.0], [122440.0, 5490.0], [122435.0, 9570.0], [122432.5, 2000.0], [122427.5, 14380.0], [122425.0, 47330.0], [122422.5, 7800.0], [122420.0, 11740.0], [122417.5, 9570.0], [122415.0, 34380.0], [122412.5, 5920.0], [122410.0, 160.0], [122407.5, 900.0], [122405.0, 3000.0], [122402.5, 2000.0], [122392.5, 3000.0], [122390.0, 2870.0]], "asks": [[122455.0, 123360.0], [122462.5, 20.0], [122470.0, 10240.0], [122475.0, 50330.0], [122477.5, 44000.0], [122482.5, 10260.0], [122485.0, 35220.0], [122487.5, 2820.0], [122495.0, 97990.0], [122497.5, 870.0], [122500.0, 2930.0], [122510.0, 20.0], [122522.5, 32500.0], [122525.0, 870.0], [122527.5, 2920.0], [122540.0, 6640.0], [122542.5, 4750.0], [122545.0, 15910.0], [122547.5, 20.0], [122550.0, 870.0]]}}}
{"jsonrpc": "2.0", "method": "subscription", "params": {"channel": "book.BTC-17OCT25.none.20.100ms", "data": {"timestamp": 1759937433583, "change_id": 120597084799, "instrument_name": "BTC-17OCT25", "bids": [[122660.0, 9820.0], [122657.5, 7400.0], [122655.0, 7400.0], [122645.0, 37010.0], [122637.5, 34590.0], [122635.0, 10000.0], [122632.5, 22380.0], [122630.0, 34590.0], [122622.5, 180.0], [122620.0, 48000.0], [122617.5, 62930.0], [122615.0, 2380.0], [122602.5, 2410.0], [122590.0, 2410.0], [122587.5, 16420.0], [122577.5, 2410.0], [122565.0, 2410.0], [122560.0, 32500.0], [122530.0, 2470.0], [122522.5, 20.0]], "asks": [[122662.5, 19570.0], [122675.0, 2380.0], [122677.5, 160.0], [122682.5, 34590.0], [122687.5, 2410.0], [122692.5, 34590.0], [122700.0, 2410.0], [122747.5, 48930.0], [122752.5, 2380.0], [122765.0, 2380.0], [122777.5, 2410.0], [122780.0, 47330.0], [122790.0, 2410.0], [122812.5, 2450.0], [122817.5, 20.0], [122830.0, 2460.0], [122840.0, 1600.0], [122842.5, 2460.0], [122855.0, 3970.0], [122885.0, 84500.0]]}}}
{"jsonrpc": "2.0", "method": "subscription", "params": {"channel": "book.BTC-10OCT25.none.20.100ms", "data": {"timestamp": 1759937433912, "change_id": 120597086373, "instrument_name": "BTC-10OCT25", "bids": [[122452.5, 11750.0], [122450.0, 20.0], [122447.5, 44000.0], [122445.0, 50000.0], [122440.0, 2930.0], [122435.0, 3000.0], [122432.5, 46380.0], [122427.5, 2930.0], [122425.0, 34400.0], [122422.5, 7960.0], [122417.5, 9570.0], [122412.5, 5920.0], [122405.0, 3000.0], [122402.5, 2000.0], [122392.5, 3000.0], [122390.0, 2870.0], [122382.5, 3000.0], [122375.0, 3000.0], [122372.5, 5200.0], [122370.0, 2870.0]], "asks": [[122455.0, 113200.0], [122462.5, 20.0], [122467.5, 16500.0], [122470.0, 160.0], [122475.0, 2820.0], [122485.0, 34380.0], [122487.5, 2820.0], [122492.5, 44000.0], [122495.0, 97990.0], [122500.0, 2930.0], [122510.0, 20.0], [122527.5, 2920.0], [122537.5, 32500.0], [122540.0, 6640.0], [122545.0, 15910.0], [122547.5, 20.0], [122552.5, 2920.0], [122557.5, 20.0], [122575.0, 2830.0], [122577.5, 20.0]]}}}
{"jsonrpc": "2.0", "method": "subscription", "params": {"channel": "book.BTC-17OCT25.none.20.100ms", "data": {"timestamp": 1759937433913, "change_id": 120597086375, "instrument_name": "BTC-17OCT25", "bids": [[122670.0, 2420.0], [122665.0, 9570.0], [122660.0, 7400.0], [122657.5, 9820.0], [122655.0, 34590.0], [122645.0, 37010.0], [122637.5, 34590.0], [122635.0, 10160.0], [122632.5, 2380.0], [122622.5, 20.0], [122620.0, 48000.0], [122617.5, 62930.0], [122615.0, 2380.0], [122602.5, 2410.0], [122590.0, 2410.0], [122587.5, 16420.0], [122577.5, 2410.0], [122565.0, 2410.0], [122560.0, 32500.0], [122530.0, 2470.0]], "asks": [[122677.5, 160.0], [122687.5, 37010.0], [122697.5, 34590.0], [122700.0, 2410.0], [122705.0, 34590.0], [122707.5, 44000.0], [122712.5, 2420.0], [122747.5, 16430.0], [122752.5, 2380.0], [122760.0, 32500.0], [122765.0, 2380.0], [122777.5, 2410.0], [122780.0, 47330.0], [122790.0, 2410.0], [122812.5, 2450.0], [122817.5, 20.0], [122830.0, 2460.0], [122840.0, 1600.0], [122842.5, 2460.0], [122855.0, 3970.0]]}}}
{"jsonrpc": "2.0", "method": "subscription", "params": {"channel": "book.BTC-10OCT25.none.20.100ms", "data": {"timestamp": 1759937434215, "change_id": 120597087668, "instrument_name": "BTC-10OCT25", "bids": [[122452.5, 17720.0], [122450.0, 27890.0], [122447.5, 44000.0], [122445.0, 50000.0], [122442.5, 10000.0], [122440.0, 2930.0], [122437.5, 940.0], [122435.0, 3160.0], [122432.5, 45950.0], [122427.5, 2930.0], [122425.0, 34400.0], [122422.5, 7800.0], [122412.5, 5920.0], [122405.0, 3000.0], [122402.5, 2000.0], [122392.5, 3000.0], [122390.0, 2870.0], [122382.5, 3000.0], [122375.0, 3000.0], [122372.5, 5200.0]], "asks": [[122455.0, 113200.0], [122462.5, 20.0], [122470.0, 160.0], [122475.0, 12820.0], [122480.0, 5970.0], [122487.5, 2820.0], [122500.0, 2930.0], [122505.0, 44000.0], [122510.0, 20.0], [122527.5, 2920.0], [122540.0, 6640.0], [122542.5, 32500.0], [122545.0, 15910.0], [122547.5, 20.0], [122552.5, 2920.0], [122557.5, 20.0], [122575.0, 2830.0], [122577.5, 20.0], [122580.0, 47350.0], [122602.5, 2810.0]]}}}
{"jsonrpc": "2.0", "method": "subscription", "params": {"channel": "book.BTC-17OCT25.none.20.100ms", "data": {"timestamp": 1759937434219, "change_id": 120597087681, "instrument_name": "BTC-17OCT25", "bids": [[122680.0, 2420.0], [122670.0, 9570.0], [122665.0, 5960.0], [122660.0, 7400.0], [122657.5, 9820.0], [122655.0, 37580.0], [122652.5, 10000.0], [122647.5, 11210.0], [122645.0, 37010.0], [122640.0, 13310.0], [122637.5, 34590.0], [122635.0, 710.0], [122632.5, 2380.0], [122622.5, 13260.0], [122620.0, 67500.0], [122617.5, 62930.0], [122615.0, 2380.0], [122605.0, 720.0], [122602.5, 2410.0], [122592.5, 720.0]], "asks": [[122682.5, 9570.0], [122685.0, 10000.0], [122690.0, 770.0], [122692.5, 2580.0], [122695.0, 12100.0], [122697.5, 40550.0], [122702.5, 10330.0], [122705.0, 47720.0], [122707.5, 44000.0], [122712.5, 2420.0], [122747.5, 16430.0], [122752.5, 2380.0], [122762.5, 10320.0], [122765.0, 34880.0], [122777.5, 2410.0], [122780.0, 47330.0], [122787.5, 720.0], [122790.0, 2410.0], [122810.0, 730.0], [122812.5, 2450.0]]}}}
{"jsonrpc": "2.0", "method": "subscription", "params": {"channel": "book.BTC-10OCT25.none.20.100ms", "data": {"timestamp": 1759937434485, "change_id": 120597088694, "instrument_name": "BTC-10OCT25", "bids": [[122452.5, 17720.0], [122450.0, 37890.0], [122447.5, 44000.0], [122445.0, 50000.0], [122442.5, 870.0], [122440.0, 2930.0], [122435.0, 16880.0], [122432.5, 45950.0], [122427.5, 13200.0], [122425.0, 34400.0], [122422.5, 7800.0], [122412.5, 5920.0], [122405.0, 3000.0], [122402.5, 2000.0], [122392.5, 3000.0], [122390.0, 2870.0], [122382.5, 3000.0], [122375.0, 3000.0], [122372.5, 5200.0], [122370.0, 2870.0]], "asks": [[122455.0, 103630.0], [122462.5, 20.0], [122472.5, 840.0], [122475.0, 2820.0], [122485.0, 160.0], [122487.5, 2820.0], [122500.0, 2930.0], [122505.0, 44000.0], [122510.0, 20.0], [122527.5, 2920.0], [122540.0, 6640.0], [122545.0, 15910.0], [122547.5, 20.0], [122552.5, 2920.0], [122557.5, 20.0], [122575.0, 2830.0], [122577.5, 20.0], [122580.0, 47350.0], [122602.5, 2810.0], [122607.5, 20.0]]}}}
{"jsonrpc": "2.0", "method": "subscription", "params": {"channel": "book.BTC-17OCT25.none.20.100ms", "data": {"timestamp": 1759937434547, "change_id": 120597088897, "instrument_name": "BTC-17OCT25", "bids": [[122685.0, 7400.0], [122682.5, 9820.0], [122680.0, 7400.0], [122677.5, 44000.0], [122675.0, 44160.0], [122670.0, 2420.0], [122665.0, 5960.0], [122660.0, 10000.0], [122657.5, 2420.0], [122655.0, 34590.0], [122647.5, 160.0], [122645.0, 37010.0], [122637.5, 34590.0], [122632.5, 2380.0], [122622.5, 20.0], [122615.0, 2380.0], [122602.5, 2410.0], [122590.0, 2410.0], [122587.5, 16420.0], [122577.5, 2410.0]], "asks": [[122692.5, 160.0], [122707.5, 44000.0], [122712.5, 2420.0], [122747.5, 16430.0], [122752.5, 2380.0], [122765.0, 2380.0], [122777.5, 2410.0], [122780.0, 47330.0], [122790.0, 2410.0], [122812.5, 2450.0], [122817.5, 20.0], [122830.0, 2460.0], [122840.0, 1600.0], [122842.5, 2460.0], [122855.0, 3970.0], [122895.0, 2460.0], [122915.0, 2480.0], [122922.5, 40.0], [123010.0, 2480.0], [123015.0, 20.0]]}}}
{"jsonrpc": "2.0", "method": "subscription", "params": {"channel": "book.BTC-10OCT25.none.20.100ms", "data": {"timestamp": 1759937434878, "change_id": 120597090072, "instrument_name": "BTC-10OCT25", "bids": [[122452.5, 16520.0], [122450.0, 73150.0], [122447.5, 44000.0], [122445.0, 3730.0], [122442.5, 9570.0], [122440.0, 2930.0], [122437.5, 940.0], [122435.0, 16880.0], [122432.5, 36380.0], [122427.5, 13200.0], [122425.0, 34400.0], [122422.5, 7800.0], [122412.5, 5920.0], [122405.0, 3000.0], [122402.5, 2000.0], [122392.5, 3000.0], [122390.0, 2870.0], [122382.5, 3000.0], [122375.0, 3000.0], [122372.5, 5200.0]], "asks": [[122455.0, 103630.0], [122457.5, 9570.0], [122472.5, 11000.0], [122475.0, 37200.0], [122477.5, 2990.0], [122480.0, 10000.0], [122482.5, 10310.0], [122485.0, 38370.0], [122487.5, 2820.0], [122495.0, 44000.0], [122500.0, 2930.0], [122510.0, 20.0], [122527.5, 2920.0], [122540.0, 6640.0], [122545.0, 15910.0], [122547.5, 20.0], [122550.0, 32500.0], [122552.5, 2920.0], [122557.5, 20.0], [122575.0, 2830.0]]}}}
{"jsonrpc": "2.0", "method": "subscription", "params": {"channel": "book.BTC-17OCT25.none.20.100ms", "data": {"timestamp": 1759937434899, "change_id": 120597090222, "instrument_name": "BTC-17OCT25", "bids": [[122675.0, 9570.0], [122670.0, 44000.0], [122665.0, 34590.0], [122660.0, 10000.0], [122657.5, 2420.0], [122655.0, 34590.0], [122647.5, 34750.0], [122645.0, 2420.0], [122632.5, 2380.0], [122622.5, 20.0], [122615.0, 2380.0], [122602.5, 2410.0], [122590.0, 2410.0], [122587.5, 16420.0], [122577.5, 2410.0], [122565.0, 2410.0], [122560.0, 32500.0], [122530.0, 2470.0], [122522.5, 20.0], [122492.5, 2380.0]], "asks": [[122680.0, 2420.0], [122682.5, 9570.0], [122687.5, 10000.0], [122690.0, 34590.0], [122692.5, 160.0], [122697.5, 34590.0], [122700.0, 2420.0], [122710.0, 34590.0], [122712.5, 2420.0], [122725.0, 2420.0], [122747.5, 16430.0], [122752.5, 2380.0], [122765.0, 2380.0], [122772.5, 32500.0], [122777.5, 2410.0], [122780.0, 47330.0], [122790.0, 2410.0], [122812.5, 2450.0], [122817.5, 20.0], [122830.0, 2460.0]]}}}
{"jsonrpc": "2.0", "method": "subscription", "params": {"channel": "book.BTC-10OCT25.none.20.100ms", "data": {"timestamp": 1759937435181, "change_id": 120597091384, "instrument_name": "BTC-10OCT25", "bids": [[122452.5, 11750.0], [122450.0, 63150.0], [122447.5, 44000.0], [122445.0, 9700.0], [122442.5, 9570.0], [122440.0, 2930.0], [122437.5, 940.0], [122435.0, 16880.0], [122432.5, 36380.0], [122427.5, 13200.0], [122425.0, 34400.0], [122422.5, 7800.0], [122412.5, 5920.0], [122405.0, 3000.0], [122402.5, 2000.0], [122392.5, 3000.0], [122390.0, 2870.0], [122382.5, 3000.0], [122375.0, 3000.0], [122372.5, 5200.0]], "asks": [[122455.0, 103650.0], [122457.5, 9570.0], [122467.5, 2990.0], [122470.0, 10000.0], [122472.5, 11160.0], [122475.0, 38980.0], [122477.5, 5970.0], [122482.5, 22080.0], [122485.0, 82210.0], [122487.5, 2820.0], [122500.0, 2930.0], [122510.0, 20.0], [122527.5, 2920.0], [122540.0, 6640.0], [122545.0, 15910.0], [122547.5, 20.0], [122550.0, 32500.0], [122552.5, 2920.0], [122557.5, 20.0], [122575.0, 2830.0]]}}}
{"jsonrpc": "2.0", "method": "subscription", "params": {"channel": "book.BTC-17OCT25.none.20.100ms", "data": {"timestamp": 1759937435201, "change_id": 120597091507, "instrument_name": "BTC-17OCT25", "bids": [[122675.0, 9570.0], [122667.5, 10330.0], [122665.0, 47720.0], [122662.5, 44000.0], [122660.0, 5960.0], [122657.5, 12750.0], [122655.0, 34590.0], [122650.0, 11100.0], [122647.5, 34750.0], [122645.0, 2420.0], [122635.0, 710.0], [122632.5, 2380.0], [122622.5, 20.0], [122617.5, 710.0], [122615.0, 2380.0], [122605.0, 720.0], [122602.5, 2410.0], [122592.5, 720.0], [122590.0, 7310.0], [122587.5, 16420.0]], "asks": [[122677.5, 12420.0], [122680.0, 2860.0], [122682.5, 9570.0], [122685.0, 13310.0], [122690.0, 36420.0], [122692.5, 6120.0], [122695.0, 21750.0], [122697.5, 34590.0], [122700.0, 46420.0], [122707.5, 10330.0], [122710.0, 34590.0], [122712.5, 2420.0], [122722.5, 720.0], [122725.0, 2420.0], [122745.0, 4900.0], [122747.5, 16430.0], [122750.0, 710.0], [122752.5, 2380.0], [122762.5, 710.0], [122765.0, 2380.0]]}}}
{"jsonrpc": "2.0", "method": "subscription", "params": {"channel": "book.BTC-10OCT25.none.20.100ms", "data": {"timestamp": 1759937435390, "change_id": 120597092443, "instrument_name": "BTC-10OCT25", "bids": [[122452.5, 8820.0], [122450.0, 63150.0], [122447.5, 44000.0], [122445.0, 9700.0], [122442.5, 9570.0], [122440.0, 2930.0], [122437.5, 940.0], [122435.0, 26880.0], [122432.5, 36380.0], [122427.5, 13200.0], [122425.0, 34400.0], [122422.5, 7800.0], [122420.0, 85140.0], [122417.5, 97930.0], [122415.0, 1770.0], [122412.5, 5920.0], [122405.0, 3000.0], [122402.5, 2000.0], [122392.5, 3000.0], [122390.0, 2870.0]], "asks": [[122455.0, 103650.0], [122457.5, 9570.0], [122460.0, 2990.0], [122462.5, 10000.0], [122472.5, 11160.0], [122475.0, 38980.0], [122477.5, 5970.0], [122482.5, 22080.0], [122485.0, 82210.0], [122487.5, 2820.0], [122497.5, 870.0], [122500.0, 2930.0], [122510.0, 20.0], [122525.0, 870.0], [122527.5, 2920.0], [122540.0, 6640.0], [122545.0, 15910.0], [122547.5, 20.0], [122550.0, 32500.0], [122552.5, 2920.0]]}}}
{"jsonrpc": "2.0", "method": "subscription", "params": {"channel": "book.BTC-17OCT25.none.20.100ms", "data": {"timestamp": 1759937435365, "change_id": 120597092238, "instrument_name": "BTC-17OCT25", "bids": [[122675.0, 9570.0], [122667.5, 10330.0], [122665.0, 47720.0], [122662.5, 44000.0], [122660.0, 5960.0], [122657.5, 12750.0], [122655.0, 34590.0], [122650.0, 11100.0], [122647.5, 34750.0], [122645.0, 25310.0], [122642.5, 95290.0], [122635.0, 710.0], [122632.5, 2380.0], [122622.5, 20.0], [122617.5, 710.0], [122615.0, 2380.0], [122605.0, 720.0], [122602.5, 2410.0], [122592.5, 720.0], [122590.0, 7310.0]], "asks": [[122677.5, 12420.0], [122680.0, 3020.0], [122682.5, 9570.0], [122685.0, 13310.0], [122690.0, 36420.0], [122692.5, 5960.0], [122695.0, 21750.0], [122697.5, 34590.0], [122700.0, 46420.0], [122707.5, 10330.0], [122710.0, 34590.0], [122712.5, 2420.0], [122722.5, 720.0], [122725.0, 2420.0], [122745.0, 4900.0], [122747.5, 16430.0], [122750.0, 710.0], [122752.5, 2380.0], [122762.5, 710.0], [122765.0, 2380.0]]}}}
{"jsonrpc": "2.0", "method": "subscription", "params": {"channel": "book.BTC-10OCT25.none.20.100ms", "data": {"timestamp": 1759937435862, "change_id": 120597093511, "instrument_name": "BTC-10OCT25", "bids": [[122452.5, 11750.0], [122450.0, 63150.0], [122447.5, 44000.0], [122445.0, 9700.0], [122442.5, 19570.0], [122440.0, 2930.0], [122437.5, 940.0], [122435.0, 16880.0], [122432.5, 36380.0], [122427.5, 13200.0], [122425.0, 34400.0], [122422.5, 7800.0], [122420.0, 85140.0], [122417.5, 97930.0], [122415.0, 1770.0], [122412.5, 5920.0], [122405.0, 3000.0], [122402.5, 2000.0], [122392.5, 3000.0], [122390.0, 2870.0]], "asks": [[122455.0, 20.0], [122457.5, 109600.0], [122460.0, 2990.0], [122462.5, 10000.0], [122472.5, 11160.0], [122475.0, 38980.0], [122477.5, 5970.0], [122482.5, 10310.0], [122485.0, 38210.0], [122487.5, 2820.0], [122492.5, 44000.0], [122497.5, 870.0], [122500.0, 2930.0], [122510.0, 20.0], [122525.0, 870.0], [122527.5, 2920.0], [122540.0, 6640.0], [122545.0, 15910.0], [122547.5, 20.0], [122550.0, 32500.0]]}}}
{"jsonrpc": "2.0", "method": "subscription", "params": {"channel": "book.BTC-17OCT25.none.20.100ms", "data": {"timestamp": 1759937435772, "change_id": 120597093177, "instrument_name": "BTC-17OCT25", "bids": [[122675.0, 16970.0], [122672.5, 44000.0], [122667.5, 10330.0], [122665.0, 36370.0], [122660.0, 5960.0], [122657.5, 12750.0], [122655.0, 34590.0], [122652.5, 2990.0], [122650.0, 21100.0], [122647.5, 34750.0], [122645.0, 25310.0], [122642.5, 183400.0], [122635.0, 710.0], [122632.5, 2380.0], [122622.5, 20.0], [122617.5, 710.0], [122615.0, 2380.0], [122605.0, 720.0], [122602.5, 2410.0], [122592.5, 720.0]], "asks": [[122677.5, 10000.0], [122680.0, 3020.0], [122682.5, 9570.0], [122685.0, 13310.0], [122690.0, 40550.0], [122695.0, 21750.0], [122697.5, 34590.0], [122700.0, 46420.0], [122707.5, 12330.0], [122710.0, 34590.0], [122712.5, 2420.0], [122722.5, 720.0], [122725.0, 2420.0], [122745.0, 4900.0], [122747.5, 16430.0], [122750.0, 710.0], [122752.5, 2380.0], [122762.5, 710.0], [122765.0, 2380.0], [122770.0, 9700.0]]}}}
{"jsonrpc": "2.0", "method": "subscription", "params": {"channel": "book.BTC-10OCT25.none.20.100ms", "data": {"timestamp": 1759937436222, "change_id": 120597094119, "instrument_name": "BTC-10OCT25", "bids": [[122452.5, 11750.0], [122450.0, 63150.0], [122447.5, 44000.0], [122445.0, 12210.0], [122442.5, 19570.0], [122440.0, 2930.0], [122437.5, 940.0], [122435.0, 16880.0], [122432.5, 36380.0], [122427.5, 13200.0], [122425.0, 34400.0], [122422.5, 7800.0], [122420.0, 85140.0], [122417.5, 97930.0], [122415.0, 1770.0], [122412.5, 5920.0], [122405.0, 3000.0], [122402.5, 2000.0], [122392.5, 3000.0], [122390.0, 2870.0]], "asks": [[122455.0, 20.0], [122457.5, 9570.0], [122472.5, 1000.0], [122475.0, 7360.0], [122477.5, 15970.0], [122482.5, 10310.0], [122485.0, 38210.0], [122487.5, 2820.0], [122492.5, 44000.0], [122497.5, 870.0], [122500.0, 2930.0], [122510.0, 20.0], [122525.0, 870.0], [122527.5, 2920.0], [122540.0, 6640.0], [122545.0, 15910.0], [122547.5, 20.0], [122550.0, 32500.0], [122552.5, 2920.0], [122557.5, 20.0]]}}}
{"jsonrpc": "2.0", "method": "subscription", "params": {"channel": "book.BTC-17OCT25.none.20.100ms", "data": {"timestamp": 1759937436192, "change_id": 120597094060, "instrument_name": "BTC-17OCT25", "bids": [[122675.0, 19390.0], [122672.5, 44000.0], [122667.5, 10330.0], [122665.0, 36370.0], [122660.0, 5960.0], [122657.5, 12750.0], [122655.0, 34590.0], [122652.5, 2990.0], [122650.0, 21100.0], [122647.5, 34750.0], [122645.0, 41920.0], [122642.5, 183400.0], [122635.0, 710.0], [122632.5, 2380.0], [122622.5, 20.0], [122617.5, 710.0], [122615.0, 2380.0], [122605.0, 720.0], [122602.5, 2410.0], [122592.5, 720.0]], "asks": [[122677.5, 10000.0], [122680.0, 3020.0], [122682.5, 9570.0], [122685.0, 13310.0], [122690.0, 40550.0], [122695.0, 11050.0], [122697.5, 34590.0], [122700.0, 2420.0], [122707.5, 56330.0], [122710.0, 35310.0], [122712.5, 2420.0], [122722.5, 720.0], [122725.0, 2420.0], [122745.0, 4900.0], [122747.5, 16430.0], [122750.0, 710.0], [122752.5, 2380.0], [122762.5, 710.0], [122765.0, 2380.0], [122770.0, 9700.0]]}}}
{"jsonrpc": "2.0", "method": "subscription", "params": {"channel": "book.BTC-10OCT25.none.20.100ms", "data": {"timestamp": 1759937436524, "change_id": 120597094902, "instrument_name": "BTC-10OCT25", "bids": [[122452.5, 11750.0], [122450.0, 63150.0], [122447.5, 44000.0], [122445.0, 12210.0], [122442.5, 19570.0], [122440.0, 2930.0], [122437.5, 940.0], [122435.0, 16880.0], [122432.5, 36380.0], [122427.5, 13200.0], [122425.0, 34400.0], [122422.5, 7800.0], [122420.0, 85140.0], [122415.0, 1770.0], [122412.5, 5920.0], [122405.0, 3000.0], [122402.5, 2000.0], [122392.5, 3000.0], [122390.0, 2870.0], [122385.0, 900.0]], "asks": [[122455.0, 109620.0], [122467.5, 2990.0], [122470.0, 10000.0], [122472.5, 11160.0], [122475.0, 38980.0], [122477.5, 5970.0], [122482.5, 10310.0], [122485.0, 38210.0], [122487.5, 2820.0], [122490.0, 13130.0], [122492.5, 44000.0], [122495.0, 34380.0], [122497.5, 870.0], [122500.0, 2930.0], [122510.0, 20.0], [122525.0, 870.0], [122527.5, 2920.0], [122540.0, 6640.0], [122542.5, 4750.0], [122545.0, 15910.0]]}}}
{"jsonrpc": "2.0", "method": "subscription", "params": {"channel": "book.BTC-17OCT25.none.20.100ms", "data": {"timestamp": 1759937436534, "change_id": 120597094903, "instrument_name": "BTC-17OCT25", "bids": [[122675.0, 16970.0], [122672.5, 44000.0], [122667.5, 10330.0], [122665.0, 36370.0], [122660.0, 5960.0], [122657.5, 12750.0], [122655.0, 34590.0], [122652.5, 2990.0], [122650.0, 21100.0], [122647.5, 34750.0], [122645.0, 41920.0], [122642.5, 183400.0], [122635.0, 710.0], [122632.5, 2380.0], [122622.5, 20.0], [122617.5, 710.0], [122615.0, 2380.0], [122605.0, 720.0], [122602.5, 2410.0], [122592.5, 720.0]], "asks": [[122677.5, 10000.0], [122680.0, 9730.0], [122685.0, 13310.0], [122690.0, 40550.0], [122695.0, 11050.0], [122697.5, 34590.0], [122700.0, 2420.0], [122705.0, 18800.0], [122707.5, 46000.0], [122710.0, 35310.0], [122712.5, 2420.0], [122722.5, 720.0], [122725.0, 2420.0], [122745.0, 4900.0], [122747.5, 16430.0], [122750.0, 710.0], [122752.5, 2380.0], [122762.5, 710.0], [122765.0, 2380.0], [122767.5, 9700.0]]}}}
{"jsonrpc": "2.0", "method": "subscription", "params": {"channel": "book.BTC-10OCT25.none.20.100ms", "data": {"timestamp": 1759937436728, "change_id": 120597095517, "instrument_name": "BTC-10OCT25", "bids": [[122452.5, 16650.0], [122450.0, 63150.0], [122447.5, 44000.0], [122445.0, 12210.0], [122442.5, 19570.0], [122440.0, 2930.0], [122437.5, 940.0], [122435.0, 16880.0], [122432.5, 36380.0], [122427.5, 68360.0], [122425.0, 34400.0], [122422.5, 7800.0], [122420.0, 85140.0], [122415.0, 1770.0], [122412.5, 5920.0], [122405.0, 3000.0], [122402.5, 2000.0], [122392.5, 3000.0], [122390.0, 2870.0], [122385.0, 900.0]], "asks": [[122455.0, 9590.0], [122467.5, 2990.0], [122470.0, 10000.0], [122472.5, 11160.0], [122475.0, 38980.0], [122477.5, 5970.0], [122482.5, 10310.0], [122485.0, 38210.0], [122487.5, 2820.0], [122490.0, 13130.0], [122492.5, 44000.0], [122497.5, 870.0], [122500.0, 2930.0], [122510.0, 20.0], [122525.0, 870.0], [122527.5, 2920.0], [122540.0, 6640.0], [122542.5, 4750.0], [122545.0, 15910.0], [122547.5, 32520.0]]}}}
{"jsonrpc": "2.0", "method": "subscription", "params": {"channel": "book.BTC-17OCT25.none.20.100ms", "data": {"timestamp": 1759937436873, "change_id": 120597095585, "instrument_name": "BTC-17OCT25", "bids": [[122675.0, 16970.0], [122672.5, 44000.0], [122667.5, 10330.0], [122665.0, 36370.0], [122660.0, 5960.0], [122657.5, 12750.0], [122655.0, 34590.0], [122652.5, 2990.0], [122650.0, 21100.0], [122647.5, 34750.0], [122645.0, 41920.0], [122642.5, 183400.0], [122635.0, 710.0], [122632.5, 2380.0], [122622.5, 20.0], [122617.5, 710.0], [122615.0, 2380.0], [122605.0, 720.0], [122602.5, 2410.0], [122592.5, 720.0]], "asks": [[122677.5, 10000.0], [122680.0, 9730.0], [122685.0, 13310.0], [122690.0, 40550.0], [122695.0, 11050.0], [122697.5, 34590.0], [122700.0, 2420.0], [122705.0, 18800.0], [122707.5, 46000.0], [122710.0, 35310.0], [122712.5, 2420.0], [122722.5, 720.0], [122725.0, 2420.0], [122745.0, 4900.0], [122747.5, 16430.0], [122750.0, 710.0], [122752.5, 2380.0], [122762.5, 710.0], [122765.0, 2380.0], [122767.5, 9700.0]]}}}
{"jsonrpc": "2.0", "method": "subscription", "params": {"channel": "book.BTC-10OCT25.none.20.100ms", "data": {"timestamp": 1759937437222, "change_id": 120597096198, "instrument_name": "BTC-10OCT25", "bids": [[122457.5, 870.0], [122455.0, 2930.0], [122452.5, 23750.0], [122450.0, 50020.0], [122445.0, 8480.0], [122442.5, 19570.0], [122440.0, 2930.0], [122437.5, 940.0], [122435.0, 16880.0], [122432.5, 36380.0], [122427.5, 58090.0], [122425.0, 34400.0], [122422.5, 7800.0], [122420.0, 85140.0], [122412.5, 5920.0], [122405.0, 3000.0], [122402.5, 2000.0], [122392.5, 3000.0], [122390.0, 2870.0], [122385.0, 900.0]], "asks": [[122467.5, 2990.0], [122470.0, 10000.0], [122472.5, 10320.0], [122475.0, 38980.0], [122477.5, 5970.0], [122485.0, 34380.0], [122487.5, 2820.0], [122490.0, 13130.0], [122492.5, 44000.0], [122495.0, 11140.0], [122497.5, 34380.0], [122500.0, 2930.0], [122510.0, 20.0], [122527.5, 2920.0], [122540.0, 6640.0], [122542.5, 4750.0], [122545.0, 15910.0], [122547.5, 20.0], [122552.5, 2920.0], [122557.5, 20.0]]}}}
{"jsonrpc": "2.0", "method": "subscription", "params": {"channel": "book.BTC-17OCT25.none.20.100ms", "data": {"timestamp": 1759937437191, "change_id": 120597096153, "instrument_name": "BTC-17OCT25", "bids": [[122675.0, 16970.0], [122672.5, 44000.0], [122667.5, 10330.0], [122665.0, 36370.0], [122660.0, 5960.0], [122657.5, 12750.0], [122655.0, 34590.0], [122652.5, 2990.0], [122650.0, 21100.0], [122647.5, 34750.0], [122645.0, 41920.0], [122642.5, 183400.0], [122635.0, 710.0], [122632.5, 2380.0], [122622.5, 20.0], [122617.5, 710.0], [122615.0, 2380.0], [122605.0, 720.0], [122602.5, 2410.0], [122592.5, 720.0]], "asks": [[122677.5, 10000.0], [122680.0, 160.0], [122685.0, 13310.0], [122690.0, 40550.0], [122695.0, 11050.0], [122697.5, 34590.0], [122700.0, 2420.0], [122705.0, 18800.0], [122707.5, 46000.0], [122710.0, 35310.0], [122712.5, 2420.0], [122722.5, 720.0], [122725.0, 2420.0], [122745.0, 4900.0], [122747.5, 16430.0], [122750.0, 710.0], [122752.5, 2380.0], [122762.5, 710.0], [122765.0, 2380.0], [122777.5, 16540.0]]}}}
{"jsonrpc": "2.0", "method": "subscription", "params": {"channel": "book.BTC-10OCT25.none.20.100ms", "data": {"timestamp": 1759937437508, "change_id": 120597096751, "instrument_name": "BTC-10OCT25", "bids": [[122457.5, 3800.0], [122452.5, 20.0], [122450.0, 1800.0], [122445.0, 26790.0], [122442.5, 69570.0], [122440.0, 2930.0], [122437.5, 940.0], [122435.0, 16880.0], [122432.5, 36380.0], [122430.0, 22310.0], [122427.5, 58090.0], [122425.0, 34400.0], [122422.5, 7800.0], [122420.0, 85140.0], [122412.5, 5920.0], [122407.5, 900.0], [122405.0, 3000.0], [122402.5, 2000.0], [122392.5, 3000.0], [122390.0, 2870.0]], "asks": [[122460.0, 9590.0], [122462.5, 36810.0], [122467.5, 116530.0], [122470.0, 10000.0], [122472.5, 10320.0], [122475.0, 38980.0], [122477.5, 5970.0], [122482.5, 9120.0], [122485.0, 45380.0], [122487.5, 2820.0], [122490.0, 47510.0], [122492.5, 44000.0], [122500.0, 2930.0], [122510.0, 20.0], [122527.5, 2920.0], [122537.5, 1980.0], [122540.0, 6640.0], [122542.5, 4750.0], [122545.0, 15910.0], [122547.5, 32520.0]]}}}
{"jsonrpc": "2.0", "method": "subscription", "params": {"channel": "book.BTC-17OCT25.none.20.100ms", "data": {"timestamp": 1759937437492, "change_id": 120597096657, "instrument_name": "BTC-17OCT25", "bids": [[122675.0, 16970.0], [122672.5, 44000.0], [122667.5, 10330.0], [122665.0, 36370.0], [122660.0, 5960.0], [122657.5, 12750.0], [122655.0, 34590.0], [122652.5, 2990.0], [122650.0, 21100.0], [122647.5, 34750.0], [122645.0, 41920.0], [122642.5, 183400.0], [122635.0, 710.0], [122632.5, 2380.0], [122622.5, 20.0], [122617.5, 710.0], [122615.0, 2380.0], [122605.0, 720.0], [122602.5, 2410.0], [122592.5, 720.0]], "asks": [[122677.5, 10000.0], [122680.0, 9730.0], [122685.0, 13310.0], [122690.0, 40550.0], [122695.0, 11050.0], [122697.5, 34590.0], [122700.0, 2420.0], [122705.0, 18800.0], [122707.5, 46000.0], [122710.0, 35310.0], [122712.5, 2420.0], [122722.5, 720.0], [122725.0, 2420.0], [122745.0, 4900.0], [122747.5, 16430.0], [122750.0, 710.0], [122752.5, 2380.0], [122762.5, 710.0], [122765.0, 2380.0], [122770.0, 32500.0]]}}}
{"jsonrpc": "2.0", "method": "subscription", "params": {"channel": "book.BTC-10OCT25.none.20.100ms", "data": {"timestamp": 1759937437765, "change_id": 120597098433, "instrument_name": "BTC-10OCT25", "bids": [[122452.5, 20.0], [122450.0, 20.0], [122442.5, 9570.0], [122435.0, 66720.0], [122432.5, 36380.0], [122430.0, 22310.0], [122427.5, 68090.0], [122425.0, 20.0], [122422.5, 7800.0], [122420.0, 119520.0], [122415.0, 34540.0], [122412.5, 5920.0], [122407.5, 900.0], [122405.0, 3000.0], [122402.5, 2000.0], [122392.5, 3000.0], [122390.0, 2870.0], [122385.0, 900.0], [122382.5, 3000.0], [122375.0, 3000.0]], "asks": [[122455.0, 29000.0], [122457.5, 16500.0], [122460.0, 3010.0], [122462.5, 10000.0], [122467.5, 1780.0], [122470.0, 5970.0], [122472.5, 160.0], [122475.0, 37200.0], [122482.5, 9120.0], [122485.0, 34380.0], [122487.5, 2820.0], [122500.0, 2930.0], [122510.0, 20.0], [122527.5, 2920.0], [122537.5, 1980.0], [122540.0, 6640.0], [122542.5, 4750.0], [122545.0, 15910.0], [122547.5, 32520.0], [122552.5, 2920.0]]}}}
{"jsonrpc": "2.0", "method": "subscription", "params": {"channel": "book.BTC-17OCT25.none.20.100ms", "data": {"timestamp": 1759937437871, "change_id": 120597098376, "instrument_name": "BTC-17OCT25", "bids": [[122667.5, 9570.0], [122662.5, 44000.0], [122657.5, 4640.0], [122655.0, 20000.0], [122645.0, 2420.0], [122642.5, 217990.0], [122635.0, 34590.0], [122632.5, 2380.0], [122627.5, 160.0], [122622.5, 20.0], [122615.0, 2380.0], [122602.5, 2410.0], [122590.0, 2410.0], [122587.5, 16420.0], [122577.5, 2410.0], [122565.0, 2410.0], [122530.0, 2470.0], [122522.5, 20.0], [122492.5, 2380.0], [122480.0, 44620.0]], "asks": [[122670.0, 2420.0], [122677.5, 10000.0], [122680.0, 44320.0], [122687.5, 2420.0], [122690.0, 40550.0], [122695.0, 44000.0], [122700.0, 37010.0], [122707.5, 2000.0], [122712.5, 2420.0], [122725.0, 2420.0], [122747.5, 16430.0], [122752.5, 2380.0], [122765.0, 2380.0], [122770.0, 32500.0], [122777.5, 2410.0], [122780.0, 47330.0], [122790.0, 2410.0], [122812.5, 2450.0], [122817.5, 20.0], [122830.0, 2460.0]]}}}
{"jsonrpc": "2.0", "method": "subscription", "params": {"channel": "book.BTC-10OCT25.none.20.100ms", "data": {"timestamp": 1759937438148, "change_id": 120597099918, "instrument_name": "BTC-10OCT25", "bids": [[122452.5, 20.0], [122450.0, 20.0], [122435.0, 3000.0], [122432.5, 2000.0], [122427.5, 18470.0], [122425.0, 2350.0], [122422.5, 7800.0], [122417.5, 10310.0], [122415.0, 34540.0], [122412.5, 5920.0], [122405.0, 3000.0], [122402.5, 2000.0], [122392.5, 3000.0], [122390.0, 2870.0], [122382.5, 3000.0], [122375.0, 3000.0], [122372.5, 5200.0], [122370.0, 2870.0], [122362.5, 3000.0], [122357.5, 15780.0]], "asks": [[122455.0, 139030.0], [122457.5, 22470.0], [122460.0, 180.0], [122472.5, 11100.0], [122475.0, 37200.0], [122480.0, 10260.0], [122485.0, 34380.0], [122487.5, 2820.0], [122500.0, 2930.0], [122510.0, 20.0], [122527.5, 2920.0], [122537.5, 1980.0], [122540.0, 6640.0], [122542.5, 4750.0], [122545.0, 15910.0], [122547.5, 32520.0], [122552.5, 2920.0], [122557.5, 20.0], [122575.0, 2830.0], [122577.5, 20.0]]}}}
{"jsonrpc": "2.0", "method": "subscription", "params": {"channel": "book.BTC-17OCT25.none.20.100ms", "data": {"timestamp": 1759937438202, "change_id": 120597099864, "instrument_name": "BTC-17OCT25", "bids": [[122655.0, 20000.0], [122645.0, 88410.0], [122635.0, 34590.0], [122632.5, 2380.0], [122627.5, 160.0], [122625.0, 34590.0], [122622.5, 20.0], [122615.0, 2380.0], [122602.5, 2410.0], [122590.0, 2410.0], [122587.5, 16420.0], [122577.5, 2410.0], [122565.0, 2410.0], [122530.0, 2470.0], [122522.5, 20.0], [122492.5, 2380.0], [122480.0, 44620.0], [122467.5, 2400.0], [122465.0, 10.0], [122430.0, 2460.0]], "asks": [[122660.0, 2420.0], [122662.5, 10000.0], [122667.5, 9730.0], [122670.0, 34590.0], [122672.5, 2420.0], [122675.0, 5960.0], [122680.0, 34590.0], [122685.0, 44000.0], [122687.5, 2420.0], [122690.0, 34590.0], [122700.0, 2420.0], [122707.5, 2000.0], [122712.5, 2420.0], [122725.0, 2420.0], [122747.5, 16430.0], [122752.5, 2380.0], [122765.0, 2380.0], [122770.0, 32500.0], [122777.5, 2410.0], [122780.0, 47330.0]]}}}
{"jsonrpc": "2.0", "method": "subscription", "params": {"channel": "book.BTC-10OCT25.none.20.100ms", "data": {"timestamp": 1759937438360, "change_id": 120597101115, "instrument_name": "BTC-10OCT25", "bids": [[122452.5, 20.0], [122450.0, 20.0], [122435.0, 47000.0], [122432.5, 2000.0], [122430.0, 7080.0], [122427.5, 12500.0], [122425.0, 36730.0], [122422.5, 7800.0], [122420.0, 5970.0], [122417.5, 10310.0], [122415.0, 44540.0], [122412.5, 5920.0], [122405.0, 3000.0], [122402.5, 2000.0], [122392.5, 3000.0], [122390.0, 2870.0], [122382.5, 3000.0], [122375.0, 3000.0], [122372.5, 5200.0], [122370.0, 2870.0]], "asks": [[122455.0, 39000.0], [122457.5, 22470.0], [122460.0, 180.0], [122470.0, 24240.0], [122472.5, 44000.0], [122475.0, 37200.0], [122480.0, 10260.0], [122485.0, 34380.0], [122500.0, 2930.0], [122510.0, 20.0], [122527.5, 2920.0], [122537.5, 1980.0], [122540.0, 6640.0], [122542.5, 4750.0], [122545.0, 15910.0], [122547.5, 32520.0], [122552.5, 2920.0], [122557.5, 20.0], [122575.0, 2830.0], [122577.5, 20.0]]}}}
{"jsonrpc": "2.0", "method": "subscription", "params": {"channel": "book.BTC-17OCT25.none.20.100ms", "data": {"timestamp": 1759937438543, "change_id": 120597101512, "instrument_name": "BTC-17OCT25", "bids": [[122657.5, 17960.0], [122655.0, 20000.0], [122645.0, 88410.0], [122635.0, 40550.0], [122632.5, 2380.0], [122627.5, 160.0], [122625.0, 44590.0], [122622.5, 20.0], [122615.0, 2380.0], [122602.5, 2410.0], [122590.0, 2410.0], [122587.5, 16420.0], [122577.5, 2410.0], [122567.5, 32500.0], [122565.0, 2410.0], [122530.0, 2470.0], [122522.5, 20.0], [122492.5, 2380.0], [122480.0, 44620.0], [122467.5, 2400.0]], "asks": [[122662.5, 10000.0], [122667.5, 15690.0], [122670.0, 34590.0], [122672.5, 2420.0], [122680.0, 34590.0], [122687.5, 12750.0], [122690.0, 34590.0], [122700.0, 2420.0], [122707.5, 2000.0], [122712.5, 2420.0], [122725.0, 2420.0], [122747.5, 16430.0], [122752.5, 2380.0], [122765.0, 2380.0], [122770.0, 32500.0], [122777.5, 2410.0], [122780.0, 47330.0], [122790.0, 2410.0], [122812.5, 2450.0], [122817.5, 20.0]]}}}
{"jsonrpc": "2.0", "method": "subscription", "params": {"channel": "book.BTC-10OCT25.none.20.100ms", "data": {"timestamp": 1759937438722, "change_id": 120597102275, "instrument_name": "BTC-10OCT25", "bids": [[122452.5, 20.0], [122450.0, 20.0], [122440.0, 15100.0], [122437.5, 58180.0], [122435.0, 47600.0], [122432.5, 2000.0], [122430.0, 13090.0], [122427.5, 18470.0], [122425.0, 36730.0], [122422.5, 17800.0], [122417.5, 10310.0], [122415.0, 34540.0], [122412.5, 5920.0], [122407.5, 900.0], [122405.0, 3000.0], [122402.5, 2000.0], [122392.5, 3000.0], [122390.0, 2870.0], [122382.5, 3000.0], [122377.5, 900.0]], "asks": [[122455.0, 39000.0], [122457.5, 22470.0], [122460.0, 180.0], [122465.0, 4930.0], [122467.5, 16500.0], [122470.0, 24240.0], [122472.5, 44000.0], [122475.0, 37200.0], [122480.0, 10260.0], [122485.0, 34380.0], [122500.0, 2930.0], [122510.0, 20.0], [122525.0, 870.0], [122527.5, 2920.0], [122537.5, 1980.0], [122540.0, 6640.0], [122542.5, 4750.0], [122545.0, 15910.0], [122547.5, 32520.0], [122552.5, 2920.0]]}}}
{"jsonrpc": "2.0", "method": "subscription", "params": {"channel": "book.BTC-17OCT25.none.20.100ms", "data": {"timestamp": 1759937438869, "change_id": 120597102445, "instrument_name": "BTC-17OCT25", "bids": [[122660.0, 7400.0], [122657.5, 15540.0], [122655.0, 20000.0], [122647.5, 26390.0], [122645.0, 81010.0], [122637.5, 11890.0], [122635.0, 44150.0], [122632.5, 12380.0], [122627.5, 160.0], [122625.0, 34590.0], [122622.5, 20.0], [122615.0, 2380.0], [122602.5, 2410.0], [122590.0, 7310.0], [122587.5, 16420.0], [122577.5, 2410.0], [122567.5, 32500.0], [122565.0, 2410.0], [122530.0, 2470.0], [122522.5, 20.0]], "asks": [[122662.5, 12420.0], [122665.0, 10900.0], [122667.5, 15690.0], [122670.0, 34590.0], [122672.5, 720.0], [122675.0, 2420.0], [122677.5, 10330.0], [122680.0, 47720.0], [122682.5, 44000.0], [122687.5, 12750.0], [122690.0, 34590.0], [122700.0, 2420.0], [122707.5, 2000.0], [122712.5, 2420.0], [122725.0, 2420.0], [122747.5, 16430.0], [122752.5, 2380.0], [122765.0, 2380.0], [122767.5, 9700.0], [122770.0, 32500.0]]}}}
{"jsonrpc": "2.0", "method": "subscription", "params": {"channel": "book.BTC-10OCT25.none.20.100ms", "data": {"timestamp": 1759937439160, "change_id": 120597103091, "instrument_name": "BTC-10OCT25", "bids": [[122452.5, 20.0], [122450.0, 20.0], [122437.5, 58180.0], [122435.0, 47600.0], [122432.5, 2000.0], [122430.0, 13090.0], [122427.5, 18470.0], [122425.0, 36730.0], [122422.5, 17800.0], [122417.5, 10310.0], [122415.0, 34540.0], [122412.5, 5920.0], [122407.5, 900.0], [122405.0, 3000.0], [122402.5, 2000.0], [122392.5, 3000.0], [122390.0, 2870.0], [122382.5, 3000.0], [122377.5, 900.0], [122375.0, 3000.0]], "asks": [[122455.0, 139030.0], [122457.5, 22470.0], [122460.0, 180.0], [122465.0, 4930.0], [122467.5, 16500.0], [122470.0, 24240.0], [122472.5, 44000.0], [122475.0, 37200.0], [122480.0, 10260.0], [122485.0, 34380.0], [122500.0, 2930.0], [122510.0, 20.0], [122525.0, 870.0], [122527.5, 2920.0], [122537.5, 1980.0], [122540.0, 6640.0], [122542.5, 4750.0], [122545.0, 15910.0], [122547.5, 32520.0], [122552.5, 2920.0]]}}}
{"jsonrpc": "2.0", "method": "subscription", "params": {"channel": "book.BTC-17OCT25.none.20.100ms", "data": {"timestamp": 1759937439139, "change_id": 120597103023, "instrument_name": "BTC-17OCT25", "bids": [[122657.5, 9570.0], [122655.0, 20000.0], [122647.5, 26390.0], [122645.0, 81010.0], [122637.5, 11890.0], [122635.0, 44150.0], [122632.5, 12380.0], [122627.5, 95610.0], [122625.0, 132690.0], [122622.5, 20.0], [122602.5, 2410.0], [122590.0, 7310.0], [122587.5, 16420.0], [122577.5, 2410.0], [122567.5, 32500.0], [122565.0, 2410.0], [122530.0, 2470.0], [122522.5, 20.0], [122497.5, 1530.0], [122492.5, 2380.0]], "asks": [[122660.0, 2420.0], [122662.5, 12420.0], [122665.0, 10900.0], [122667.5, 15690.0], [122670.0, 34590.0], [122672.5, 720.0], [122675.0, 2420.0], [122677.5, 10330.0], [122680.0, 47720.0], [122682.5, 44000.0], [122687.5, 12750.0], [122690.0, 34590.0], [122700.0, 2420.0], [122707.5, 2000.0], [122725.0, 2420.0], [122747.5, 16430.0], [122752.5, 2380.0], [122765.0, 2380.0], [122767.5, 9700.0], [122770.0, 32500.0]]}}}
{"jsonrpc": "2.0", "method": "subscription", "params": {"channel": "book.BTC-10OCT25.none.20.100ms", "data": {"timestamp": 1759937439501, "change_id": 120597104109, "instrument_name": "BTC-10OCT25", "bids": [[122452.5, 20.0], [122450.0, 20.0], [122435.0, 47600.0], [122432.5, 2000.0], [122430.0, 13090.0], [122427.5, 18470.0], [122425.0, 36730.0], [122422.5, 17800.0], [122417.5, 10310.0], [122415.0, 34540.0], [122412.5, 5920.0], [122407.5, 900.0], [122405.0, 3000.0], [122402.5, 2000.0], [122392.5, 3000.0], [122390.0, 2870.0], [122382.5, 3000.0], [122377.5, 900.0], [122375.0, 3000.0], [122372.5, 5200.0]], "asks": [[122455.0, 139030.0], [122457.5, 16500.0], [122460.0, 180.0], [122465.0, 4930.0], [122467.5, 16500.0], [122470.0, 24240.0], [122472.5, 44000.0], [122475.0, 37200.0], [122480.0, 10260.0], [122485.0, 34380.0], [122500.0, 2930.0], [122510.0, 20.0], [122525.0, 870.0], [122527.5, 2920.0], [122537.5, 1980.0], [122540.0, 6640.0], [122542.5, 4750.0], [122545.0, 15910.0], [122547.5, 32520.0], [122552.5, 2920.0]]}}}
{"jsonrpc": "2.0", "method": "subscription", "params": {"channel": "book.BTC-17OCT25.none.20.100ms", "data": {"timestamp": 1759937439522, "change_id": 120597104205, "instrument_name": "BTC-17OCT25", "bids": [[122657.5, 15540.0], [122655.0, 20000.0], [122647.5, 26390.0], [122645.0, 81010.0], [122637.5, 11890.0], [122635.0, 44150.0], [122632.5, 12380.0], [122627.5, 95610.0], [122625.0, 132690.0], [122622.5, 20.0], [122602.5, 2410.0], [122590.0, 7310.0], [122587.5, 16420.0], [122577.5, 2410.0], [122567.5, 32500.0], [122565.0, 2410.0], [122530.0, 2470.0], [122522.5, 20.0], [122497.5, 1530.0], [122492.5, 2380.0]], "asks": [[122662.5, 12420.0], [122665.0, 10900.0], [122667.5, 9730.0], [122670.0, 34590.0], [122672.5, 720.0], [122675.0, 2420.0], [122677.5, 10330.0], [122680.0, 47720.0], [122682.5, 44000.0], [122687.5, 12750.0], [122690.0, 34590.0], [122700.0, 2420.0], [122707.5, 2000.0], [122725.0, 2420.0], [122747.5, 16430.0], [122752.5, 2380.0], [122765.0, 2380.0], [122767.5, 9700.0], [122770.0, 32500.0], [122777.5, 2410.0]]}}}
{"jsonrpc": "2.0", "method": "subscription", "params": {"channel": "book.BTC-10OCT25.none.20.100ms", "data": {"timestamp": 1759937439729, "change_id": 120597104702, "instrument_name": "BTC-10OCT25", "bids": [[122452.5, 20.0], [122450.0, 20.0], [122437.5, 60100.0], [122435.0, 47600.0], [122432.5, 2000.0], [122430.0, 13090.0], [122427.5, 18470.0], [122425.0, 36730.0], [122422.5, 17800.0], [122417.5, 10310.0], [122415.0, 36310.0], [122412.5, 5920.0], [122407.5, 900.0], [122405.0, 3000.0], [122402.5, 2000.0], [122392.5, 3000.0], [122390.0, 2870.0], [122385.0, 900.0], [122382.5, 3000.0], [122377.5, 900.0]], "asks": [[122455.0, 139030.0], [122457.5, 22470.0], [122460.0, 180.0], [122465.0, 4930.0], [122467.5, 16500.0], [122470.0, 24240.0], [122472.5, 44000.0], [122475.0, 37200.0], [122480.0, 10260.0], [122485.0, 34380.0], [122497.5, 870.0], [122500.0, 2930.0], [122510.0, 20.0], [122525.0, 870.0], [122527.5, 2920.0], [122537.5, 1980.0], [122540.0, 6640.0], [122542.5, 4750.0], [122545.0, 25620.0], [122547.5, 32520.0]]}}}
{"jsonrpc": "2.0", "method": "subscription", "params": {"channel": "book.BTC-17OCT25.none.20.100ms", "data": {"timestamp": 1759937439735, "change_id": 120597104691, "instrument_name": "BTC-17OCT25", "bids": [[122657.5, 16070.0], [122655.0, 20000.0], [122647.5, 26390.0], [122645.0, 81010.0], [122637.5, 11890.0], [122635.0, 44150.0], [122632.5, 12380.0], [122630.0, 18200.0], [122627.5, 95610.0], [122625.0, 132690.0], [122622.5, 20.0], [122602.5, 2410.0], [122592.5, 720.0], [122590.0, 7310.0], [122587.5, 16420.0], [122577.5, 2410.0], [122567.5, 32500.0], [122565.0, 2410.0], [122532.5, 740.0], [122530.0, 2470.0]], "asks": [[122660.0, 2420.0], [122662.5, 10000.0], [122665.0, 10900.0], [122667.5, 9730.0], [122670.0, 34590.0], [122672.5, 2410.0], [122675.0, 8380.0], [122677.5, 10330.0], [122680.0, 47720.0], [122682.5, 44000.0], [122687.5, 12750.0], [122690.0, 34590.0], [122697.5, 720.0], [122700.0, 2420.0], [122707.5, 2000.0], [122725.0, 2420.0], [122745.0, 4900.0], [122747.5, 16430.0], [122752.5, 2380.0], [122765.0, 2380.0]]}}}
{"jsonrpc": "2.0", "method": "subscription", "params": {"channel": "book.BTC-10OCT25.none.20.100ms", "data": {"timestamp": 1759937440163, "change_id": 120597105660, "instrument_name": "BTC-10OCT25", "bids": [[122452.5, 20.0], [122450.0, 20.0], [122437.5, 10100.0], [122435.0, 47600.0], [122432.5, 2000.0], [122430.0, 13090.0], [122427.5, 12500.0], [122425.0, 42700.0], [122422.5, 7800.0], [122417.5, 10310.0], [122415.0, 36310.0], [122412.5, 15920.0], [122407.5, 900.0], [122405.0, 3000.0], [122402.5, 2000.0], [122392.5, 3000.0], [122390.0, 2870.0], [122385.0, 900.0], [122382.5, 3000.0], [122377.5, 900.0]], "asks": [[122455.0, 139030.0], [122457.5, 22470.0], [122460.0, 180.0], [122465.0, 4930.0], [122467.5, 16500.0], [122470.0, 24240.0], [122472.5, 44000.0], [122475.0, 37200.0], [122480.0, 10260.0], [122485.0, 34380.0], [122497.5, 870.0], [122500.0, 2930.0], [122510.0, 20.0], [122525.0, 870.0], [122527.5, 2920.0], [122537.5, 1980.0], [122540.0, 6640.0], [122542.5, 4750.0], [122545.0, 25620.0], [122547.5, 32520.0]]}}}
{"jsonrpc": "2.0", "method": "subscription", "params": {"channel": "book.BTC-17OCT25.none.20.100ms", "data": {"timestamp": 1759937440157, "change_id": 120597105609, "instrument_name": "BTC-17OCT25", "bids": [[122657.5, 9570.0], [122655.0, 20000.0], [122647.5, 26390.0], [122645.0, 81010.0], [122637.5, 11890.0], [122635.0, 41260.0], [122632.5, 2380.0], [122630.0, 18200.0], [122627.5, 95610.0], [122625.0, 132690.0], [122622.5, 20.0], [122620.0, 10000.0], [122602.5, 2410.0], [122592.5, 720.0], [122590.0, 7310.0], [122587.5, 16420.0], [122577.5, 2410.0], [122567.5, 32500.0], [122565.0, 2410.0], [122532.5, 740.0]], "asks": [[122660.0, 2420.0], [122662.5, 19570.0], [122665.0, 10900.0], [122667.5, 160.0], [122670.0, 34590.0], [122672.5, 2410.0], [122675.0, 8380.0], [122677.5, 10330.0], [122680.0, 47720.0], [122682.5, 44000.0], [122687.5, 12750.0], [122690.0, 34590.0], [122697.5, 720.0], [122700.0, 2420.0], [122707.5, 2000.0], [122725.0, 2420.0], [122745.0, 4900.0], [122747.5, 16430.0], [122752.5, 2380.0], [122765.0, 2380.0]]}}}
{"jsonrpc": "2.0", "method": "subscription", "params": {"channel": "book.BTC-10OCT25.none.20.100ms", "data": {"timestamp": 1759937440521, "change_id": 120597106495, "instrument_name": "BTC-10OCT25", "bids": [[122452.5, 20.0], [122450.0, 20.0], [122435.0, 47000.0], [122432.5, 2000.0], [122430.0, 13090.0], [122425.0, 42700.0], [122422.5, 7800.0], [122420.0, 10000.0], [122417.5, 10310.0], [122415.0, 36150.0], [122412.5, 5920.0], [122407.5, 900.0], [122405.0, 3000.0], [122402.5, 2000.0], [122400.0, 160.0], [122392.5, 3000.0], [122390.0, 2870.0], [122385.0, 900.0], [122382.5, 3000.0], [122377.5, 900.0]], "asks": [[122455.0, 139030.0], [122457.5, 22470.0], [122460.0, 180.0], [122465.0, 4930.0], [122467.5, 16500.0], [122470.0, 24240.0], [122472.5, 44000.0], [122475.0, 37200.0], [122480.0, 10260.0], [122485.0, 34380.0], [122497.5, 870.0], [122500.0, 2930.0], [122510.0, 20.0], [122525.0, 870.0], [122527.5, 2920.0], [122537.5, 1980.0], [122540.0, 6640.0], [122542.5, 4750.0], [122545.0, 25620.0], [122547.5, 32520.0]]}}}
{"jsonrpc": "2.0", "method": "subscription", "params": {"channel": "book.BTC-17OCT25.none.20.100ms", "data": {"timestamp": 1759937440509, "change_id": 120597106439, "instrument_name": "BTC-17OCT25", "bids": [[122655.0, 20000.0], [122647.5, 26390.0], [122645.0, 78590.0], [122637.5, 11890.0], [122635.0, 41260.0], [122632.5, 2380.0], [122630.0, 18200.0], [122627.5, 105610.0], [122625.0, 132690.0], [122622.5, 20.0], [122602.5, 2410.0], [122592.5, 720.0], [122590.0, 7310.0], [122587.5, 16420.0], [122577.5, 2410.0], [122565.0, 2410.0], [122532.5, 740.0], [122530.0, 2470.0], [122522.5, 20.0], [122497.5, 1530.0]], "asks": [[122657.5, 2420.0], [122660.0, 5840.0], [122662.5, 19570.0], [122665.0, 10900.0], [122667.5, 160.0], [122670.0, 34590.0], [122672.5, 2410.0], [122675.0, 8380.0], [122677.5, 10330.0], [122680.0, 47720.0], [122682.5, 44000.0], [122687.5, 12750.0], [122690.0, 34590.0], [122697.5, 720.0], [122700.0, 2420.0], [122707.5, 2000.0], [122725.0, 2420.0], [122745.0, 4900.0], [122747.5, 16430.0], [122752.5, 2380.0]]}}}
{"jsonrpc": "2.0", "method": "subscription", "params": {"channel": "book.BTC-10OCT25.none.20.100ms", "data": {"timestamp": 1759937440736, "change_id": 120597107901, "instrument_name": "BTC-10OCT25", "bids": [[122452.5, 20.0], [122450.0, 20.0], [122432.5, 2000.0], [122427.5, 44000.0], [122425.0, 20.0], [122422.5, 4800.0], [122417.5, 9570.0], [122415.0, 3000.0], [122412.5, 37300.0], [122410.0, 5970.0], [122407.5, 10000.0], [122405.0, 3000.0], [122402.5, 2000.0], [122400.0, 160.0], [122392.5, 3000.0], [122390.0, 2870.0], [122385.0, 3000.0], [122375.0, 3000.0], [122372.5, 5200.0], [122370.0, 2870.0]], "asks": [[122455.0, 144170.0], [122457.5, 22470.0], [122460.0, 180.0], [122462.5, 44000.0], [122467.5, 16500.0], [122475.0, 37200.0], [122485.0, 34380.0], [122500.0, 2930.0], [122510.0, 20.0], [122527.5, 2920.0], [122540.0, 6640.0], [122545.0, 15910.0], [122547.5, 32520.0], [122552.5, 2920.0], [122557.5, 20.0], [122575.0, 2830.0], [122577.5, 20.0], [122580.0, 47350.0], [122602.5, 2810.0], [122607.5, 20.0]]}}}
{"jsonrpc": "2.0", "method": "subscription", "params": {"channel": "book.BTC-17OCT25.none.20.100ms", "data": {"timestamp": 1759937440851, "change_id": 120597108127, "instrument_name": "BTC-17OCT25", "bids": [[122642.5, 16270.0], [122640.0, 7400.0], [122637.5, 64000.0], [122632.5, 42930.0], [122627.5, 2200.0], [122625.0, 34590.0], [122622.5, 20.0], [122620.0, 2420.0], [122615.0, 10000.0], [122612.5, 160.0], [122607.5, 34590.0], [122602.5, 2410.0], [122590.0, 2410.0], [122577.5, 2410.0], [122565.0, 2410.0], [122555.0, 32500.0], [122552.5, 2420.0], [122540.0, 16030.0], [122530.0, 2470.0], [122522.5, 20.0]], "asks": [[122647.5, 16700.0], [122650.0, 2420.0], [122652.5, 160.0], [122657.5, 44160.0], [122662.5, 2420.0], [122665.0, 5960.0], [122670.0, 34590.0], [122672.5, 44000.0], [122675.0, 2420.0], [122680.0, 34590.0], [122687.5, 2420.0], [122700.0, 2420.0], [122707.5, 2000.0], [122725.0, 2420.0], [122747.5, 16430.0], [122752.5, 2380.0], [122765.0, 2380.0], [122770.0, 32500.0], [122777.5, 2410.0], [122780.0, 47330.0]]}}}
{"jsonrpc": "2.0", "method": "subscription", "params": {"channel": "book.BTC-10OCT25.none.20.100ms", "data": {"timestamp": 1759937440896, "change_id": 120597108760, "instrument_name": "BTC-10OCT25", "bids": [[122452.5, 20.0], [122450.0, 20.0], [122432.5, 2000.0], [122427.5, 44000.0], [122425.0, 9100.0], [122422.5, 39180.0], [122417.5, 9570.0], [122415.0, 13000.0], [122412.5, 37300.0], [122405.0, 3000.0], [122402.5, 2000.0], [122400.0, 160.0], [122392.5, 3000.0], [122390.0, 2870.0], [122385.0, 3000.0], [122375.0, 3000.0], [122372.5, 5200.0], [122370.0, 2870.0], [122362.5, 3000.0], [122355.0, 3000.0]], "asks": [[122455.0, 144180.0], [122457.5, 22470.0], [122460.0, 13310.0], [122462.5, 44000.0], [122465.0, 4930.0], [122467.5, 16500.0], [122472.5, 11100.0], [122475.0, 37200.0], [122482.5, 10260.0], [122485.0, 34380.0], [122500.0, 2930.0], [122510.0, 20.0], [122527.5, 2920.0], [122540.0, 6640.0], [122545.0, 15910.0], [122547.5, 32520.0], [122552.5, 2920.0], [122557.5, 20.0], [122575.0, 2830.0], [122577.5, 20.0]]}}}
{"jsonrpc": "2.0", "method": "subscription", "params": {"channel": "book.BTC-17OCT25.none.20.100ms", "data": {"timestamp": 1759937441168, "change_id": 120597108802, "instrument_name": "BTC-17OCT25", "bids": [[122645.0, 7400.0], [122642.5, 16270.0], [122640.0, 19100.0], [122637.5, 64000.0], [122635.0, 11050.0], [122632.5, 37010.0], [122627.5, 10330.0], [122625.0, 38300.0], [122622.5, 10020.0], [122620.0, 2420.0], [122617.5, 10330.0], [122615.0, 34590.0], [122612.5, 160.0], [122605.0, 720.0], [122602.5, 2410.0], [122592.5, 720.0], [122590.0, 2410.0], [122580.0, 720.0], [122577.5, 2410.0], [122567.5, 720.0]], "asks": [[122647.5, 10000.0], [122652.5, 160.0], [122655.0, 13180.0], [122657.5, 44160.0], [122660.0, 2500.0], [122662.5, 2420.0], [122665.0, 5960.0], [122667.5, 10330.0], [122670.0, 48450.0], [122672.5, 44000.0], [122675.0, 2420.0], [122677.5, 10330.0], [122680.0, 34590.0], [122685.0, 720.0], [122687.5, 2420.0], [122697.5, 720.0], [122700.0, 2420.0], [122705.0, 600.0], [122707.5, 2000.0], [122722.5, 720.0]]}}}
{"jsonrpc": "2.0", "method": "subscription", "params": {"channel": "book.BTC-10OCT25.none.20.100ms", "data": {"timestamp": 1759937441477, "change_id": 120597109284, "instrument_name": "BTC-10OCT25", "bids": [[122452.5, 20.0], [122450.0, 20.0], [122432.5, 2000.0], [122427.5, 44000.0], [122425.0, 9100.0], [122422.5, 39180.0], [122417.5, 15540.0], [122415.0, 24130.0], [122412.5, 37300.0], [122405.0, 3000.0], [122402.5, 2000.0], [122400.0, 160.0], [122392.5, 3000.0], [122390.0, 2870.0], [122385.0, 3000.0], [122375.0, 3000.0], [122372.5, 5200.0], [122370.0, 2870.0], [122362.5, 3000.0], [122355.0, 3000.0]], "asks": [[122455.0, 144180.0], [122457.5, 22470.0], [122460.0, 13310.0], [122462.5, 44000.0], [122465.0, 4930.0], [122467.5, 16500.0], [122472.5, 11100.0], [122475.0, 37200.0], [122482.5, 10260.0], [122485.0, 34380.0], [122487.5, 2910.0], [122490.0, 97990.0], [122500.0, 2930.0], [122510.0, 20.0], [122527.5, 2920.0], [122540.0, 6640.0], [122545.0, 15910.0], [122547.5, 32520.0], [122552.5, 2920.0], [122557.5, 20.0]]}}}
{"jsonrpc": "2.0", "method": "subscription", "params": {"channel": "book.BTC-17OCT25.none.20.100ms", "data": {"timestamp": 1759937441486, "change_id": 120597109292, "instrument_name": "BTC-17OCT25", "bids": [[122645.0, 7400.0], [122642.5, 16270.0], [122640.0, 19100.0], [122637.5, 64000.0], [122635.0, 11050.0], [122632.5, 37010.0], [122630.0, 5960.0], [122627.5, 10330.0], [122625.0, 38300.0], [122622.5, 10020.0], [122620.0, 2420.0], [122617.5, 10330.0], [122615.0, 34590.0], [122612.5, 15730.0], [122610.0, 124820.0], [122605.0, 720.0], [122602.5, 2410.0], [122592.5, 720.0], [122590.0, 2410.0], [122580.0, 720.0]], "asks": [[122647.5, 10000.0], [122652.5, 160.0], [122655.0, 13180.0], [122657.5, 44160.0], [122660.0, 2500.0], [122662.5, 2420.0], [122665.0, 5960.0], [122667.5, 10330.0], [122670.0, 48450.0], [122672.5, 44000.0], [122675.0, 2420.0], [122677.5, 10330.0], [122680.0, 34590.0], [122685.0, 720.0], [122687.5, 2420.0], [122697.5, 720.0], [122700.0, 2420.0], [122705.0, 600.0], [122707.5, 2000.0], [122722.5, 720.0]]}}}
{"jsonrpc": "2.0", "method": "subscription", "params": {"channel": "book.BTC-10OCT25.none.20.100ms", "data": {"timestamp": 1759937441743, "change_id": 120597109814, "instrument_name": "BTC-10OCT25", "bids": [[122452.5, 20.0], [122450.0, 20.0], [122432.5, 2000.0], [122430.0, 16500.0], [122427.5, 44000.0], [122425.0, 9100.0], [122422.5, 39180.0], [122417.5, 15540.0], [122415.0, 24130.0], [122412.5, 37300.0], [122405.0, 3000.0], [122402.5, 2000.0], [122400.0, 160.0], [122395.0, 1750.0], [122392.5, 3000.0], [122390.0, 2870.0], [122385.0, 3000.0], [122375.0, 3000.0], [122372.5, 5200.0], [122370.0, 2870.0]], "asks": [[122455.0, 144180.0], [122457.5, 22470.0], [122460.0, 13310.0], [122462.5, 44000.0], [122472.5, 11100.0], [122475.0, 37200.0], [122482.5, 10260.0], [122485.0, 34380.0], [122487.5, 32160.0], [122490.0, 97990.0], [122500.0, 2930.0], [122510.0, 20.0], [122525.0, 870.0], [122527.5, 2920.0], [122540.0, 6640.0], [122545.0, 15910.0], [122547.5, 32520.0], [122552.5, 2920.0], [122557.5, 20.0], [122575.0, 2830.0]]}}}
{"jsonrpc": "2.0", "method": "subscription", "params": {"channel": "book.BTC-17OCT25.none.20.100ms", "data": {"timestamp": 1759937441705, "change_id": 120597109768, "instrument_name": "BTC-17OCT25", "bids": [[122645.0, 7400.0], [122642.5, 16270.0], [122640.0, 19100.0], [122637.5, 64000.0], [122635.0, 11050.0], [122632.5, 37010.0], [122630.0, 5960.0], [122627.5, 10330.0], [122625.0, 38300.0], [122622.5, 10020.0], [122620.0, 2420.0], [122617.5, 10330.0], [122615.0, 34590.0], [122612.5, 15730.0], [122610.0, 124820.0], [122605.0, 720.0], [122602.5, 2410.0], [122592.5, 720.0], [122590.0, 2410.0], [122580.0, 720.0]], "asks": [[122647.5, 15200.0], [122652.5, 160.0], [122655.0, 13180.0], [122657.5, 44160.0], [122660.0, 2500.0], [122662.5, 2420.0], [122665.0, 5960.0], [122667.5, 10330.0], [122670.0, 48450.0], [122672.5, 44000.0], [122675.0, 2420.0], [122677.5, 10330.0], [122680.0, 34590.0], [122685.0, 720.0], [122687.5, 2420.0], [122697.5, 720.0], [122700.0, 2420.0], [122705.0, 600.0], [122707.5, 2000.0], [122722.5, 720.0]]}}}
{"jsonrpc": "2.0", "method": "subscription", "params": {"channel": "book.BTC-10OCT25.none.20.100ms", "data": {"timestamp": 1759937442084, "change_id": 120597111042, "instrument_name": "BTC-10OCT25", "bids": [[122452.5, 20.0], [122450.0, 20.0], [122440.0, 15580.0], [122437.5, 44000.0], [122432.5, 6930.0], [122430.0, 19050.0], [122427.5, 2910.0], [122425.0, 15070.0], [122422.5, 39180.0], [122417.5, 9570.0], [122415.0, 24130.0], [122412.5, 37300.0], [122405.0, 3000.0], [122402.5, 2000.0], [122400.0, 160.0], [122395.0, 1750.0], [122392.5, 3000.0], [122390.0, 2870.0], [122385.0, 3000.0], [122375.0, 3000.0]], "asks": [[122455.0, 134610.0], [122460.0, 180.0], [122467.5, 13130.0], [122470.0, 44000.0], [122472.5, 11100.0], [122475.0, 37200.0], [122482.5, 10260.0], [122485.0, 34380.0], [122487.5, 32160.0], [122490.0, 97990.0], [122500.0, 2930.0], [122510.0, 20.0], [122525.0, 870.0], [122527.5, 2920.0], [122540.0, 6640.0], [122545.0, 15910.0], [122547.5, 20.0], [122552.5, 2920.0], [122557.5, 20.0], [122575.0, 2830.0]]}}}
{"jsonrpc": "2.0", "method": "subscription", "params": {"channel": "book.BTC-17OCT25.none.20.100ms", "data": {"timestamp": 1759937442181, "change_id": 120597111039, "instrument_name": "BTC-17OCT25", "bids": [[122655.0, 9840.0], [122652.5, 7400.0], [122645.0, 16970.0], [122640.0, 40550.0], [122637.5, 20000.0], [122632.5, 37010.0], [122630.0, 10000.0], [122625.0, 34590.0], [122622.5, 20.0], [122620.0, 2420.0], [122612.5, 160.0], [122602.5, 2410.0], [122590.0, 2410.0], [122577.5, 2410.0], [122565.0, 2410.0], [122555.0, 32500.0], [122552.5, 2420.0], [122530.0, 2470.0], [122522.5, 20.0], [122497.5, 1530.0]], "asks": [[122657.5, 10000.0], [122667.5, 160.0], [122670.0, 34590.0], [122675.0, 2420.0], [122680.0, 34590.0], [122685.0, 34590.0], [122687.5, 2420.0], [122700.0, 2420.0], [122707.5, 2000.0], [122725.0, 2420.0], [122747.5, 16430.0], [122752.5, 2380.0], [122765.0, 2380.0], [122777.5, 2410.0], [122780.0, 47330.0], [122812.5, 2450.0], [122817.5, 20.0], [122830.0, 2460.0], [122840.0, 1600.0], [122842.5, 2460.0]]}}}
{"jsonrpc": "2.0", "method": "subscription", "params": {"channel": "book.BTC-10OCT25.none.20.100ms", "data": {"timestamp": 1759937442210, "change_id": 120597111743, "instrument_name": "BTC-10OCT25", "bids": [[122452.5, 20.0], [122450.0, 20.0], [122437.5, 1780.0], [122435.0, 5970.0], [122432.5, 6930.0], [122430.0, 20360.0], [122427.5, 2910.0], [122425.0, 21720.0], [122422.5, 39180.0], [122417.5, 9570.0], [122415.0, 3000.0], [122412.5, 37460.0], [122405.0, 3000.0], [122402.5, 2000.0], [122392.5, 3000.0], [122390.0, 2870.0], [122385.0, 3000.0], [122375.0, 3000.0], [122372.5, 5200.0], [122370.0, 2870.0]], "asks": [[122455.0, 144180.0], [122460.0, 1960.0], [122462.5, 5970.0], [122472.5, 11100.0], [122475.0, 37200.0], [122482.5, 10260.0], [122485.0, 34380.0], [122487.5, 2910.0], [122490.0, 97990.0], [122500.0, 2930.0], [122510.0, 20.0], [122522.5, 32500.0], [122527.5, 2920.0], [122540.0, 6640.0], [122545.0, 15910.0], [122547.5, 20.0], [122552.5, 2920.0], [122557.5, 20.0], [122575.0, 2830.0], [122577.5, 20.0]]}}}
{"jsonrpc": "2.0", "method": "subscription", "params": {"channel": "book.BTC-17OCT25.none.20.100ms", "data": {"timestamp": 1759937442339, "change_id": 120597111698, "instrument_name": "BTC-17OCT25", "bids": [[122655.0, 7400.0], [122652.5, 7400.0], [122650.0, 5960.0], [122647.5, 44000.0], [122645.0, 16970.0], [122640.0, 34590.0], [122637.5, 20000.0], [122632.5, 37010.0], [122630.0, 10000.0], [122627.5, 48370.0], [122625.0, 34750.0], [122622.5, 20.0], [122620.0, 2420.0], [122602.5, 2410.0], [122597.5, 16380.0], [122590.0, 2410.0], [122577.5, 2410.0], [122565.0, 2410.0], [122555.0, 32500.0], [122552.5, 2420.0]], "asks": [[122657.5, 19570.0], [122667.5, 34750.0], [122675.0, 2420.0], [122680.0, 34590.0], [122682.5, 5960.0], [122685.0, 34590.0], [122687.5, 2420.0], [122700.0, 2420.0], [122707.5, 2000.0], [122725.0, 2420.0], [122745.0, 32500.0], [122747.5, 16430.0], [122752.5, 2380.0], [122765.0, 2380.0], [122777.5, 2410.0], [122780.0, 47330.0], [122812.5, 2450.0], [122817.5, 20.0], [122830.0, 2460.0], [122840.0, 1600.0]]}}}
{"jsonrpc": "2.0", "method": "subscription", "params": {"channel": "book.BTC-10OCT25.none.20.100ms", "data": {"timestamp": 1759937442750, "change_id": 120597112676, "instrument_name": "BTC-10OCT25", "bids": [[122452.5, 20.0], [122450.0, 20.0], [122440.0, 44000.0], [122437.5, 1780.0], [122435.0, 5970.0], [122432.5, 6930.0], [122430.0, 20360.0], [122427.5, 2910.0], [122425.0, 21720.0], [122422.5, 39180.0], [122417.5, 9570.0], [122415.0, 14180.0], [122412.5, 37460.0], [122405.0, 3000.0], [122402.5, 2000.0], [122392.5, 3000.0], [122390.0, 2870.0], [122385.0, 3000.0], [122377.5, 900.0], [122375.0, 3000.0]], "asks": [[122455.0, 127680.0], [122460.0, 1960.0], [122462.5, 5970.0], [122472.5, 11100.0], [122475.0, 50330.0], [122477.5, 44000.0], [122482.5, 10260.0], [122485.0, 35250.0], [122487.5, 2910.0], [122500.0, 2930.0], [122510.0, 20.0], [122520.0, 9700.0], [122522.5, 32500.0], [122527.5, 2920.0], [122540.0, 6640.0], [122545.0, 15910.0], [122547.5, 20.0], [122550.0, 870.0], [122552.5, 2920.0], [122557.5, 20.0]]}}}
{"jsonrpc": "2.0", "method": "subscription", "params": {"channel": "book.BTC-17OCT25.none.20.100ms", "data": {"timestamp": 1759937442842, "change_id": 120597112943, "instrument_name": "BTC-17OCT25", "bids": [[122655.0, 7400.0], [122652.5, 16970.0], [122650.0, 26650.0], [122647.5, 44000.0], [122642.5, 10330.0], [122640.0, 40560.0], [122637.5, 20000.0], [122635.0, 14030.0], [122632.5, 37010.0], [122630.0, 29390.0], [122627.5, 48370.0], [122625.0, 115060.0], [122622.5, 20.0], [122620.0, 2420.0], [122605.0, 720.0], [122602.5, 2410.0], [122600.0, 4890.0], [122597.5, 16380.0], [122592.5, 720.0], [122590.0, 2410.0]], "asks": [[122657.5, 19570.0], [122662.5, 2210.0], [122665.0, 17770.0], [122667.5, 34750.0], [122672.5, 720.0], [122675.0, 2420.0], [122677.5, 16930.0], [122680.0, 34590.0], [122682.5, 16290.0], [122685.0, 35310.0], [122687.5, 2420.0], [122697.5, 720.0], [122700.0, 2420.0], [122705.0, 600.0], [122707.5, 2000.0], [122722.5, 720.0], [122725.0, 2420.0], [122742.5, 9700.0], [122745.0, 37400.0], [122747.5, 16430.0]]}}}
{"jsonrpc": "2.0", "method": "subscription", "params": {"channel": "book.BTC-10OCT25.none.20.100ms", "data": {"timestamp": 1759937443170, "change_id": 120597113626, "instrument_name": "BTC-10OCT25", "bids": [[122452.5, 20.0], [122450.0, 20.0], [122440.0, 44000.0], [122432.5, 2000.0], [122430.0, 20360.0], [122427.5, 2910.0], [122425.0, 10020.0], [122422.5, 4800.0], [122420.0, 3750.0], [122417.5, 9570.0], [122415.0, 14180.0], [122412.5, 37460.0], [122405.0, 3000.0], [122402.5, 2000.0], [122392.5, 3000.0], [122390.0, 2870.0], [122385.0, 3000.0], [122377.5, 900.0], [122375.0, 3000.0], [122372.5, 5200.0]], "asks": [[122455.0, 133650.0], [122460.0, 180.0], [122472.5, 11100.0], [122475.0, 37200.0], [122482.5, 10260.0], [122485.0, 35250.0], [122487.5, 2910.0], [122500.0, 2930.0], [122510.0, 20.0], [122520.0, 9700.0], [122522.5, 32500.0], [122527.5, 2920.0], [122540.0, 6640.0], [122545.0, 15910.0], [122547.5, 20.0], [122550.0, 870.0], [122552.5, 2920.0], [122557.5, 20.0], [122575.0, 2830.0], [122577.5, 20.0]]}}}
{"jsonrpc": "2.0", "method": "subscription", "params": {"channel": "book.BTC-17OCT25.none.20.100ms", "data": {"timestamp": 1759937443174, "change_id": 120597113641, "instrument_name": "BTC-17OCT25", "bids": [[122655.0, 7400.0], [122652.5, 16970.0], [122650.0, 15990.0], [122647.5, 44000.0], [122642.5, 10330.0], [122640.0, 40560.0], [122637.5, 30000.0], [122635.0, 14030.0], [122632.5, 37010.0], [122630.0, 10370.0], [122625.0, 34750.0], [122622.5, 740.0], [122620.0, 2420.0], [122605.0, 720.0], [122602.5, 2410.0], [122600.0, 4890.0], [122597.5, 16380.0], [122592.5, 720.0], [122590.0, 2410.0], [122580.0, 720.0]], "asks": [[122657.5, 22010.0], [122662.5, 2210.0], [122665.0, 17770.0], [122667.5, 34750.0], [122672.5, 720.0], [122675.0, 25880.0], [122677.5, 44000.0], [122680.0, 34590.0], [122682.5, 16290.0], [122685.0, 35310.0], [122687.5, 2420.0], [122697.5, 720.0], [122700.0, 2420.0], [122705.0, 600.0], [122707.5, 2000.0], [122722.5, 720.0], [122725.0, 2420.0], [122742.5, 9700.0], [122745.0, 37400.0], [122747.5, 16430.0]]}}}
{"jsonrpc": "2.0", "method": "subscription", "params": {"channel": "book.BTC-10OCT25.none.20.100ms", "data": {"timestamp": 1759937443498, "change_id": 120597114303, "instrument_name": "BTC-10OCT25", "bids": [[122452.5, 20.0], [122450.0, 20.0], [122432.5, 46000.0], [122425.0, 1450.0], [122422.5, 4800.0], [122420.0, 3750.0], [122417.5, 9570.0], [122415.0, 14180.0], [122412.5, 37460.0], [122410.0, 10000.0], [122405.0, 3000.0], [122402.5, 2000.0], [122392.5, 3000.0], [122390.0, 2870.0], [122385.0, 3000.0], [122377.5, 900.0], [122375.0, 3000.0], [122372.5, 5200.0], [122370.0, 2870.0], [122362.5, 3000.0]], "asks": [[122455.0, 133650.0], [122460.0, 180.0], [122465.0, 13130.0], [122467.5, 44000.0], [122472.5, 11100.0], [122475.0, 37200.0], [122482.5, 10260.0], [122485.0, 34380.0], [122500.0, 2930.0], [122510.0, 20.0], [122520.0, 9700.0], [122522.5, 32500.0], [122527.5, 2920.0], [122540.0, 6640.0], [122545.0, 15910.0], [122547.5, 20.0], [122550.0, 870.0], [122552.5, 2920.0], [122557.5, 20.0], [122575.0, 2830.0]]}}}
