{"jsonrpc": "2.0", "id": 1, "result": ["book.BTC-22AUG25.none.20.100ms"], "usIn": 1755685547537115, "usOut": 1755685547537625, "usDiff": 510, "testnet": false}
{"jsonrpc": "2.0", "method": "subscription", "params": {"channel": "book.BTC-22AUG25.none.20.100ms", "data": {"timestamp": 1755685547530, "change_id": 114214113888, "instrument_name": "BTC-22AUG25", "bids": [[113595.0, 47970.0], [113592.5, 10000.0], [113587.5, 3000.0], [113582.5, 3530.0], [113575.0, 3660.0], [113572.5, 4300.0], [113570.0, 5530.0], [113560.0, 940.0], [113557.5, 3000.0], [113552.5, 2030.0], [113550.0, 7220.0], [113547.5, 160.0], [113542.5, 600.0], [113540.0, 3040.0], [113537.5, 3470.0], [113530.0, 1950.0], [113527.5, 3000.0], [113525.0, 8360.0], [113522.5, 16230.0], [113517.5, 3000.0]], "asks": [[113597.5, 7050.0], [113600.0, 9300.0], [113602.5, 1450.0], [113605.0, 6630.0], [113607.5, 4300.0], [113610.0, 3460.0], [113620.0, 2150.0], [113622.5, 3490.0], [113625.0, 3660.0], [113632.5, 1070.0], [113635.0, 3560.0], [113637.5, 3000.0], [113640.0, 10000.0], [113645.0, 2170.0], [113647.5, 3560.0], [113650.0, 3660.0], [113655.0, 2190.0], [113660.0, 7300.0], [113662.5, 1030.0], [113665.0, 3430.0]]}}}
{"jsonrpc": "2.0", "method": "subscription", "params": {"channel": "book.BTC-22AUG25.none.20.100ms", "data": {"timestamp": 1755685547797, "change_id": 114214114240, "instrument_name": "BTC-22AUG25", "bids": [[113595.0, 47970.0], [113592.5, 10000.0], [113587.5, 3000.0], [113582.5, 3530.0], [113575.0, 3660.0], [113572.5, 4300.0], [113570.0, 5530.0], [113560.0, 940.0], [113557.5, 3000.0], [113552.5, 2030.0], [113550.0, 7220.0], [113547.5, 160.0], [113542.5, 600.0], [113540.0, 3040.0], [113537.5, 3470.0], [113530.0, 1950.0], [113527.5, 3000.0], [113525.0, 8360.0], [113522.5, 16230.0], [113517.5, 3000.0]], "asks": [[113597.5, 7050.0], [113600.0, 9300.0], [113602.5, 1450.0], [113605.0, 6630.0], [113607.5, 4300.0], [113610.0, 3460.0], [113620.0, 2150.0], [113622.5, 3490.0], [113625.0, 6660.0], [113627.5, 10000.0], [113632.5, 1070.0], [113635.0, 3560.0], [113637.5, 3000.0], [113640.0, 10000.0], [113645.0, 2170.0], [113647.5, 3560.0], [113650.0, 3660.0], [113655.0, 2190.0], [113660.0, 7300.0], [113662.5, 1030.0]]}}}
{"jsonrpc": "2.0", "method": "subscription", "params": {"channel": "book.BTC-22AUG25.none.20.100ms", "data": {"timestamp": 1755685548103, "change_id": 114214114946, "instrument_name": "BTC-22AUG25", "bids": [[113595.0, 47970.0], [113592.5, 10000.0], [113587.5, 3000.0], [113582.5, 3530.0], [113575.0, 3660.0], [113572.5, 4300.0], [113570.0, 5530.0], [113560.0, 940.0], [113557.5, 3000.0], [113552.5, 2030.0], [113550.0, 7220.0], [113547.5, 160.0], [113542.5, 600.0], [113540.0, 3040.0], [113537.5, 3470.0], [113530.0, 1950.0], [113527.5, 3000.0], [113525.0, 8360.0], [113522.5, 16230.0], [113517.5, 3000.0]], "asks": [[113597.5, 7050.0], [113600.0, 14300.0], [113602.5, 4460.0], [113605.0, 20980.0], [113607.5, 4300.0], [113610.0, 128420.0], [113620.0, 2150.0], [113622.5, 3490.0], [113625.0, 6660.0], [113627.5, 10000.0], [113632.5, 1070.0], [113635.0, 3560.0], [113637.5, 3000.0], [113640.0, 10000.0], [113645.0, 2170.0], [113647.5, 3560.0], [113650.0, 3660.0], [113652.5, 15820.0], [113655.0, 2190.0], [113660.0, 7300.0]]}}}
{"jsonrpc": "2.0", "method": "subscription", "params": {"channel": "book.BTC-22AUG25.none.20.100ms", "data": {"timestamp": 1755685548471, "change_id": 114214115537, "instrument_name": "BTC-22AUG25", "bids": [[113597.5, 7190.0], [113595.0, 44310.0], [113592.5, 10000.0], [113587.5, 3000.0], [113585.0, 5000.0], [113582.5, 3530.0], [113577.5, 1100.0], [113575.0, 6270.0], [113572.5, 4300.0], [113570.0, 5530.0], [113560.0, 940.0], [113557.5, 3000.0], [113552.5, 2030.0], [113550.0, 7220.0], [113547.5, 160.0], [113542.5, 600.0], [113540.0, 3040.0], [113537.5, 3470.0], [113530.0, 1950.0], [113527.5, 3000.0]], "asks": [[113600.0, 5000.0], [113605.0, 20980.0], [113610.0, 124960.0], [113620.0, 160.0], [113632.5, 1070.0], [113635.0, 3560.0], [113637.5, 3000.0], [113640.0, 10000.0], [113645.0, 2170.0], [113647.5, 3560.0], [113650.0, 3660.0], [113655.0, 2190.0], [113660.0, 7300.0], [113662.5, 16640.0], [113665.0, 3430.0], [113675.0, 1050.0], [113677.5, 3490.0], [113682.5, 7330.0], [113685.0, 24420.0], [113687.5, 1060.0]]}}}
{"jsonrpc": "2.0", "method": "subscription", "params": {"channel": "book.BTC-22AUG25.none.20.100ms", "data": {"timestamp": 1755685548797, "change_id": 114214116347, "instrument_name": "BTC-22AUG25", "bids": [[113602.5, 13660.0], [113600.0, 5000.0], [113597.5, 3660.0], [113595.0, 44310.0], [113587.5, 3000.0], [113582.5, 3530.0], [113577.5, 1060.0], [113575.0, 6610.0], [113572.5, 4300.0], [113570.0, 5530.0], [113560.0, 200.0], [113557.5, 3000.0], [113552.5, 1070.0], [113550.0, 3560.0], [113542.5, 600.0], [113540.0, 3040.0], [113537.5, 3470.0], [113530.0, 1950.0], [113527.5, 3000.0], [113525.0, 8360.0]], "asks": [[113605.0, 1510.0], [113607.5, 16300.0], [113610.0, 124960.0], [113617.5, 4630.0], [113620.0, 3660.0], [113625.0, 160.0], [113632.5, 1070.0], [113635.0, 3560.0], [113647.5, 13560.0], [113650.0, 3660.0], [113662.5, 15610.0], [113665.0, 3430.0], [113667.5, 10000.0], [113675.0, 4710.0], [113677.5, 3490.0], [113682.5, 7330.0], [113685.0, 24420.0], [113690.0, 3520.0], [113702.5, 3530.0], [113705.0, 5450.0]]}}}
{"jsonrpc": "2.0", "method": "subscription", "params": {"channel": "book.BTC-22AUG25.none.20.100ms", "data": {"timestamp": 1755685549118, "change_id": 114214117074, "instrument_name": "BTC-22AUG25", "bids": [[113602.5, 13660.0], [113597.5, 3660.0], [113595.0, 44310.0], [113587.5, 3000.0], [113582.5, 3530.0], [113577.5, 1060.0], [113575.0, 6610.0], [113572.5, 4300.0], [113570.0, 5530.0], [113560.0, 200.0], [113557.5, 3000.0], [113552.5, 1070.0], [113550.0, 3560.0], [113542.5, 600.0], [113540.0, 3040.0], [113537.5, 3470.0], [113530.0, 1950.0], [113527.5, 3000.0], [113525.0, 8360.0], [113522.5, 16230.0]], "asks": [[113605.0, 1510.0], [113607.5, 2790.0], [113610.0, 5000.0], [113612.5, 4300.0], [113615.0, 2020.0], [113617.5, 7190.0], [113625.0, 160.0], [113632.5, 1070.0], [113635.0, 3560.0], [113647.5, 13560.0], [113650.0, 3660.0], [113662.5, 15610.0], [113665.0, 3430.0], [113667.5, 10000.0], [113675.0, 4710.0], [113677.5, 3490.0], [113682.5, 7330.0], [113685.0, 24420.0], [113690.0, 3520.0], [113702.5, 3530.0]]}}}
{"jsonrpc": "2.0", "method": "subscription", "params": {"channel": "book.BTC-22AUG25.none.20.100ms", "data": {"timestamp": 1755685549446, "change_id": 114214117485, "instrument_name": "BTC-22AUG25", "bids": [[113602.5, 13660.0], [113597.5, 3660.0], [113595.0, 44310.0], [113587.5, 3000.0], [113585.0, 1060.0], [113582.5, 3530.0], [113577.5, 1060.0], [113575.0, 6610.0], [113572.5, 4300.0], [113570.0, 5530.0], [113560.0, 200.0], [113557.5, 3000.0], [113552.5, 1070.0], [113550.0, 3560.0], [113542.5, 600.0], [113540.0, 3040.0], [113537.5, 3470.0], [113530.0, 1950.0], [113527.5, 3000.0], [113525.0, 8360.0]], "asks": [[113605.0, 1510.0], [113607.5, 2790.0], [113610.0, 5000.0], [113612.5, 4300.0], [113615.0, 11930.0], [113617.5, 3530.0], [113620.0, 33430.0], [113625.0, 160.0], [113632.5, 1070.0], [113635.0, 3560.0], [113640.0, 10000.0], [113647.5, 3560.0], [113650.0, 3660.0], [113662.5, 15610.0], [113665.0, 3430.0], [113667.5, 10000.0], [113675.0, 4710.0], [113677.5, 3490.0], [113682.5, 7330.0], [113685.0, 24420.0]]}}}
{"jsonrpc": "2.0", "method": "subscription", "params": {"channel": "book.BTC-22AUG25.none.20.100ms", "data": {"timestamp": 1755685549733, "change_id": 114214117813, "instrument_name": "BTC-22AUG25", "bids": [[113602.5, 13660.0], [113597.5, 3660.0], [113595.0, 44310.0], [113587.5, 3000.0], [113585.0, 1060.0], [113582.5, 3530.0], [113577.5, 1060.0], [113575.0, 6610.0], [113572.5, 4300.0], [113570.0, 5530.0], [113560.0, 1100.0], [113557.5, 3000.0], [113552.5, 1070.0], [113550.0, 3560.0], [113542.5, 600.0], [113540.0, 3040.0], [113537.5, 3470.0], [113530.0, 1950.0], [113527.5, 3000.0], [113525.0, 8360.0]], "asks": [[113605.0, 1510.0], [113607.5, 2790.0], [113610.0, 5000.0], [113612.5, 4300.0], [113615.0, 11930.0], [113617.5, 7190.0], [113620.0, 33430.0], [113625.0, 160.0], [113632.5, 1070.0], [113635.0, 3560.0], [113637.5, 3000.0], [113640.0, 10000.0], [113647.5, 3560.0], [113650.0, 3660.0], [113662.5, 15610.0], [113665.0, 6430.0], [113667.5, 10000.0], [113675.0, 4710.0], [113677.5, 3490.0], [113682.5, 7330.0]]}}}
{"jsonrpc": "2.0", "method": "subscription", "params": {"channel": "book.BTC-22AUG25.none.20.100ms", "data": {"timestamp": 1755685550126, "change_id": 114214118515, "instrument_name": "BTC-22AUG25", "bids": [[113602.5, 13660.0], [113597.5, 3660.0], [113595.0, 44310.0], [113587.5, 3000.0], [113585.0, 1060.0], [113582.5, 3530.0], [113577.5, 1060.0], [113575.0, 6610.0], [113572.5, 4300.0], [113570.0, 5530.0], [113560.0, 1100.0], [113557.5, 3000.0], [113552.5, 1070.0], [113550.0, 3560.0], [113542.5, 600.0], [113540.0, 3040.0], [113537.5, 3470.0], [113530.0, 1950.0], [113527.5, 3000.0], [113525.0, 8360.0]], "asks": [[113605.0, 1510.0], [113607.5, 2790.0], [113610.0, 5000.0], [113612.5, 4300.0], [113615.0, 11930.0], [113617.5, 7190.0], [113620.0, 33430.0], [113625.0, 160.0], [113632.5, 1070.0], [113635.0, 3560.0], [113637.5, 3000.0], [113640.0, 10000.0], [113647.5, 3560.0], [113650.0, 3660.0], [113655.0, 7740.0], [113662.5, 15610.0], [113665.0, 6430.0], [113667.5, 10000.0], [113675.0, 4710.0], [113677.5, 3490.0]]}}}
{"jsonrpc": "2.0", "method": "subscription", "params": {"channel": "book.BTC-22AUG25.none.20.100ms", "data": {"timestamp": 1755685550444, "change_id": 114214119023, "instrument_name": "BTC-22AUG25", "bids": [[113602.5, 13720.0], [113595.0, 44310.0], [113587.5, 6720.0], [113585.0, 1060.0], [113582.5, 3530.0], [113575.0, 2950.0], [113572.5, 4300.0], [113570.0, 5530.0], [113560.0, 1100.0], [113557.5, 3000.0], [113552.5, 1070.0], [113550.0, 3560.0], [113542.5, 600.0], [113540.0, 3040.0], [113537.5, 3470.0], [113530.0, 1950.0], [113527.5, 3000.0], [113525.0, 8360.0], [113522.5, 16230.0], [113517.5, 3000.0]], "asks": [[113607.5, 2790.0], [113610.0, 5000.0], [113612.5, 4300.0], [113615.0, 11930.0], [113620.0, 33430.0], [113622.5, 1160.0], [113625.0, 3880.0], [113632.5, 1070.0], [113635.0, 3560.0], [113647.5, 3560.0], [113650.0, 10000.0], [113662.5, 3720.0], [113665.0, 6430.0], [113667.5, 10000.0], [113675.0, 1050.0], [113677.5, 3490.0], [113682.5, 7330.0], [113685.0, 24420.0], [113690.0, 3520.0], [113700.0, 2690.0]]}}}
{"jsonrpc": "2.0", "method": "subscription", "params": {"channel": "book.BTC-22AUG25.none.20.100ms", "data": {"timestamp": 1755685550784, "change_id": 114214119409, "instrument_name": "BTC-22AUG25", "bids": [[113602.5, 13720.0], [113595.0, 44310.0], [113587.5, 6720.0], [113585.0, 1060.0], [113582.5, 3530.0], [113575.0, 2950.0], [113572.5, 4300.0], [113570.0, 5530.0], [113560.0, 1100.0], [113557.5, 3000.0], [113552.5, 1070.0], [113550.0, 3560.0], [113542.5, 600.0], [113540.0, 3040.0], [113537.5, 3470.0], [113530.0, 1950.0], [113527.5, 3000.0], [113525.0, 8360.0], [113522.5, 16230.0], [113517.5, 3000.0]], "asks": [[113607.5, 2790.0], [113610.0, 5000.0], [113612.5, 4300.0], [113615.0, 11930.0], [113620.0, 33430.0], [113622.5, 1160.0], [113625.0, 3880.0], [113632.5, 1070.0], [113635.0, 3560.0], [113645.0, 4070.0], [113647.5, 3560.0], [113650.0, 10000.0], [113662.5, 3720.0], [113665.0, 6430.0], [113667.5, 10000.0], [113675.0, 1050.0], [113677.5, 3490.0], [113682.5, 7330.0], [113685.0, 24420.0], [113687.5, 1060.0]]}}}
{"jsonrpc": "2.0", "method": "subscription", "params": {"channel": "book.BTC-22AUG25.none.20.100ms", "data": {"timestamp": 1755685551031, "change_id": 114214119978, "instrument_name": "BTC-22AUG25", "bids": [[113605.0, 3720.0], [113602.5, 10000.0], [113595.0, 44310.0], [113592.5, 5000.0], [113587.5, 6720.0], [113585.0, 1060.0], [113582.5, 3530.0], [113575.0, 2950.0], [113572.5, 4300.0], [113570.0, 5530.0], [113560.0, 1100.0], [113557.5, 3000.0], [113552.5, 1070.0], [113550.0, 3560.0], [113542.5, 600.0], [113540.0, 3040.0], [113537.5, 3470.0], [113530.0, 1950.0], [113527.5, 3000.0], [113525.0, 8360.0]], "asks": [[113607.5, 10620.0], [113610.0, 6290.0], [113612.5, 4300.0], [113615.0, 11930.0], [113617.5, 4300.0], [113620.0, 36960.0], [113622.5, 1160.0], [113625.0, 3880.0], [113632.5, 1070.0], [113635.0, 3560.0], [113645.0, 4070.0], [113647.5, 3560.0], [113650.0, 10000.0], [113662.5, 3720.0], [113665.0, 6430.0], [113667.5, 10000.0], [113675.0, 1050.0], [113677.5, 3490.0], [113682.5, 7330.0], [113685.0, 24420.0]]}}}
{"jsonrpc": "2.0", "method": "subscription", "params": {"channel": "book.BTC-22AUG25.none.20.100ms", "data": {"timestamp": 1755685551161, "change_id": 114214120104, "instrument_name": "BTC-22AUG25", "bids": [[113605.0, 3720.0], [113602.5, 10000.0], [113595.0, 44310.0], [113592.5, 5000.0], [113587.5, 6720.0], [113585.0, 1060.0], [113582.5, 3530.0], [113575.0, 2950.0], [113572.5, 4300.0], [113570.0, 5530.0], [113560.0, 1100.0], [113557.5, 3000.0], [113552.5, 1070.0], [113550.0, 3560.0], [113542.5, 600.0], [113540.0, 3040.0], [113537.5, 3470.0], [113530.0, 1950.0], [113527.5, 3000.0], [113525.0, 8360.0]], "asks": [[113607.5, 10620.0], [113610.0, 6290.0], [113612.5, 4300.0], [113615.0, 11930.0], [113617.5, 4300.0], [113620.0, 36960.0], [113622.5, 1160.0], [113625.0, 3880.0], [113632.5, 1070.0], [113635.0, 3560.0], [113642.5, 10000.0], [113647.5, 3560.0], [113662.5, 3720.0], [113665.0, 6430.0], [113667.5, 10000.0], [113675.0, 1050.0], [113677.5, 3490.0], [113682.5, 7330.0], [113685.0, 24420.0], [113687.5, 1060.0]]}}}
{"jsonrpc": "2.0", "method": "subscription", "params": {"channel": "book.BTC-22AUG25.none.20.100ms", "data": {"timestamp": 1755685551722, "change_id": 114214121183, "instrument_name": "BTC-22AUG25", "bids": [[113605.0, 3720.0], [113602.5, 10000.0], [113595.0, 44310.0], [113592.5, 5000.0], [113587.5, 6720.0], [113585.0, 1060.0], [113582.5, 3530.0], [113575.0, 2950.0], [113572.5, 4300.0], [113570.0, 5530.0], [113560.0, 1100.0], [113557.5, 3000.0], [113552.5, 1070.0], [113550.0, 3560.0], [113542.5, 600.0], [113540.0, 3040.0], [113537.5, 3470.0], [113530.0, 1950.0], [113527.5, 3000.0], [113525.0, 8360.0]], "asks": [[113607.5, 3530.0], [113610.0, 6290.0], [113612.5, 4300.0], [113615.0, 11930.0], [113617.5, 4300.0], [113620.0, 36960.0], [113622.5, 1160.0], [113625.0, 3880.0], [113632.5, 1070.0], [113635.0, 3560.0], [113640.0, 3000.0], [113642.5, 10000.0], [113647.5, 3560.0], [113655.0, 2110.0], [113662.5, 3720.0], [113665.0, 6430.0], [113667.5, 10000.0], [113675.0, 1050.0], [113677.5, 3490.0], [113682.5, 7330.0]]}}}
{"jsonrpc": "2.0", "method": "subscription", "params": {"channel": "book.BTC-22AUG25.none.20.100ms", "data": {"timestamp": 1755685552092, "change_id": 114214121791, "instrument_name": "BTC-22AUG25", "bids": [[113605.0, 3720.0], [113602.5, 10000.0], [113595.0, 44310.0], [113592.5, 5000.0], [113587.5, 6720.0], [113585.0, 1060.0], [113582.5, 3530.0], [113575.0, 2950.0], [113572.5, 4300.0], [113570.0, 5530.0], [113560.0, 1100.0], [113557.5, 3000.0], [113552.5, 1070.0], [113550.0, 3560.0], [113542.5, 600.0], [113540.0, 3040.0], [113537.5, 3470.0], [113530.0, 1950.0], [113527.5, 3000.0], [113525.0, 8360.0]], "asks": [[113607.5, 3530.0], [113610.0, 6290.0], [113612.5, 4300.0], [113615.0, 11930.0], [113617.5, 4300.0], [113620.0, 36960.0], [113625.0, 160.0], [113632.5, 1070.0], [113635.0, 3560.0], [113640.0, 3000.0], [113642.5, 10000.0], [113647.5, 3560.0], [113655.0, 2110.0], [113662.5, 3720.0], [113665.0, 6430.0], [113667.5, 10000.0], [113675.0, 1050.0], [113677.5, 3490.0], [113682.5, 7330.0], [113685.0, 24420.0]]}}}
{"jsonrpc": "2.0", "method": "subscription", "params": {"channel": "book.BTC-22AUG25.none.20.100ms", "data": {"timestamp": 1755685552447, "change_id": 114214122582, "instrument_name": "BTC-22AUG25", "bids": [[113615.0, 3720.0], [113612.5, 10000.0], [113595.0, 49840.0], [113587.5, 6720.0], [113582.5, 3530.0], [113572.5, 4300.0], [113570.0, 3530.0], [113560.0, 200.0], [113557.5, 3000.0], [113552.5, 1070.0], [113550.0, 3560.0], [113542.5, 600.0], [113540.0, 3040.0], [113537.5, 3470.0], [113530.0, 1950.0], [113527.5, 3000.0], [113525.0, 8360.0], [113522.5, 16230.0], [113512.5, 3470.0], [113510.0, 2000.0]], "asks": [[113617.5, 390.0], [113620.0, 33430.0], [113625.0, 160.0], [113645.0, 1070.0], [113647.5, 3560.0], [113655.0, 12110.0], [113665.0, 3430.0], [113667.5, 10000.0], [113675.0, 1050.0], [113677.5, 3490.0], [113682.5, 7330.0], [113685.0, 24420.0], [113690.0, 3520.0], [113702.5, 3530.0], [113715.0, 7060.0], [113717.5, 35610.0], [113720.0, 3530.0], [113730.0, 1040.0], [113732.5, 3480.0], [113742.5, 40.0]]}}}
{"jsonrpc": "2.0", "method": "subscription", "params": {"channel": "book.BTC-22AUG25.none.20.100ms", "data": {"timestamp": 1755685552753, "change_id": 114214123300, "instrument_name": "BTC-22AUG25", "bids": [[113622.5, 13720.0], [113595.0, 49840.0], [113590.0, 2020.0], [113587.5, 6720.0], [113585.0, 1060.0], [113582.5, 3530.0], [113572.5, 4460.0], [113570.0, 3530.0], [113560.0, 40.0], [113557.5, 3000.0], [113552.5, 1070.0], [113550.0, 3560.0], [113542.5, 3530.0], [113540.0, 13040.0], [113537.5, 3470.0], [113530.0, 1950.0], [113527.5, 3000.0], [113525.0, 8360.0], [113522.5, 16230.0], [113512.5, 3470.0]], "asks": [[113625.0, 3690.0], [113635.0, 1120.0], [113637.5, 3720.0], [113645.0, 1070.0], [113647.5, 3560.0], [113652.5, 3000.0], [113655.0, 10000.0], [113662.5, 3720.0], [113665.0, 6430.0], [113667.5, 10000.0], [113675.0, 1050.0], [113677.5, 3490.0], [113682.5, 7330.0], [113685.0, 24420.0], [113690.0, 3520.0], [113702.5, 3530.0], [113715.0, 7060.0], [113717.5, 20000.0], [113720.0, 3530.0], [113730.0, 1040.0]]}}}
{"jsonrpc": "2.0", "method": "subscription", "params": {"channel": "book.BTC-22AUG25.none.20.100ms", "data": {"timestamp": 1755685553078, "change_id": 114214124281, "instrument_name": "BTC-22AUG25", "bids": [[113602.5, 10000.0], [113595.0, 46310.0], [113590.0, 2020.0], [113587.5, 6720.0], [113585.0, 1060.0], [113582.5, 3530.0], [113575.0, 2400.0], [113572.5, 4460.0], [113570.0, 3530.0], [113560.0, 40.0], [113557.5, 3000.0], [113552.5, 1070.0], [113550.0, 3560.0], [113542.5, 3530.0], [113540.0, 13040.0], [113537.5, 3470.0], [113530.0, 1950.0], [113527.5, 3000.0], [113525.0, 8360.0], [113522.5, 16230.0]], "asks": [[113622.5, 7830.0], [113625.0, 4460.0], [113627.5, 20090.0], [113630.0, 52640.0], [113632.5, 1060.0], [113635.0, 4650.0], [113637.5, 3720.0], [113645.0, 1070.0], [113647.5, 3560.0], [113652.5, 3000.0], [113655.0, 10000.0], [113662.5, 3720.0], [113665.0, 6430.0], [113667.5, 10000.0], [113675.0, 1050.0], [113677.5, 3490.0], [113680.0, 16430.0], [113682.5, 7330.0], [113685.0, 24420.0], [113690.0, 3520.0]]}}}
{"jsonrpc": "2.0", "method": "subscription", "params": {"channel": "book.BTC-22AUG25.none.20.100ms", "data": {"timestamp": 1755685553435, "change_id": 114214124586, "instrument_name": "BTC-22AUG25", "bids": [[113617.5, 9720.0], [113602.5, 10000.0], [113595.0, 46310.0], [113592.5, 900.0], [113590.0, 4120.0], [113587.5, 3720.0], [113585.0, 1060.0], [113582.5, 3530.0], [113575.0, 2400.0], [113572.5, 4460.0], [113570.0, 3530.0], [113560.0, 40.0], [113552.5, 1070.0], [113550.0, 3560.0], [113542.5, 3530.0], [113540.0, 13040.0], [113537.5, 3470.0], [113525.0, 8360.0], [113522.5, 16230.0], [113512.5, 3470.0]], "asks": [[113620.0, 7830.0], [113622.5, 4300.0], [113625.0, 4460.0], [113627.5, 20090.0], [113630.0, 52640.0], [113632.5, 1060.0], [113635.0, 3530.0], [113645.0, 1070.0], [113647.5, 3560.0], [113652.5, 3000.0], [113655.0, 10000.0], [113662.5, 3720.0], [113665.0, 6430.0], [113667.5, 10000.0], [113675.0, 1050.0], [113677.5, 3490.0], [113680.0, 16430.0], [113682.5, 7330.0], [113685.0, 24420.0], [113690.0, 3520.0]]}}}
{"jsonrpc": "2.0", "method": "subscription", "params": {"channel": "book.BTC-22AUG25.none.20.100ms", "data": {"timestamp": 1755685553740, "change_id": 114214124923, "instrument_name": "BTC-22AUG25", "bids": [[113617.5, 9720.0], [113610.0, 10000.0], [113597.5, 3760.0], [113595.0, 46310.0], [113592.5, 900.0], [113590.0, 4120.0], [113587.5, 3720.0], [113585.0, 1060.0], [113582.5, 3530.0], [113575.0, 2400.0], [113572.5, 4460.0], [113570.0, 3530.0], [113560.0, 40.0], [113552.5, 1070.0], [113550.0, 3560.0], [113542.5, 3530.0], [113540.0, 13040.0], [113537.5, 3470.0], [113525.0, 8360.0], [113522.5, 16230.0]], "asks": [[113620.0, 13630.0], [113622.5, 4300.0], [113625.0, 4460.0], [113627.5, 20090.0], [113630.0, 52640.0], [113632.5, 1060.0], [113635.0, 4650.0], [113637.5, 3720.0], [113645.0, 1070.0], [113647.5, 3560.0], [113652.5, 3000.0], [113655.0, 10000.0], [113660.0, 2150.0], [113662.5, 3720.0], [113665.0, 6430.0], [113667.5, 10000.0], [113675.0, 1050.0], [113677.5, 3490.0], [113680.0, 16430.0], [113682.5, 7330.0]]}}}
{"jsonrpc": "2.0", "method": "subscription", "params": {"channel": "book.BTC-22AUG25.none.20.100ms", "data": {"timestamp": 1755685554088, "change_id": 114214125745, "instrument_name": "BTC-22AUG25", "bids": [[113617.5, 19720.0], [113607.5, 5000.0], [113597.5, 3760.0], [113595.0, 46310.0], [113592.5, 900.0], [113590.0, 4120.0], [113587.5, 3720.0], [113585.0, 1060.0], [113582.5, 3530.0], [113575.0, 1110.0], [113572.5, 160.0], [113570.0, 3530.0], [113560.0, 40.0], [113552.5, 1070.0], [113550.0, 3560.0], [113542.5, 3530.0], [113540.0, 13040.0], [113537.5, 3470.0], [113525.0, 8360.0], [113522.5, 16230.0]], "asks": [[113620.0, 13630.0], [113622.5, 4300.0], [113625.0, 9460.0], [113627.5, 20090.0], [113630.0, 52640.0], [113632.5, 1060.0], [113635.0, 3530.0], [113645.0, 1070.0], [113647.5, 3560.0], [113652.5, 3000.0], [113655.0, 10000.0], [113665.0, 6430.0], [113667.5, 10000.0], [113675.0, 1050.0], [113677.5, 3490.0], [113680.0, 16430.0], [113682.5, 7330.0], [113685.0, 24420.0], [113690.0, 3520.0], [113700.0, 1060.0]]}}}
{"jsonrpc": "2.0", "method": "subscription", "params": {"channel": "book.BTC-22AUG25.none.20.100ms", "data": {"timestamp": 1755685554302, "change_id": 114214125971, "instrument_name": "BTC-22AUG25", "bids": [[113617.5, 19720.0], [113607.5, 5000.0], [113597.5, 3760.0], [113595.0, 46310.0], [113592.5, 900.0], [113590.0, 4120.0], [113587.5, 3720.0], [113585.0, 1060.0], [113582.5, 3530.0], [113575.0, 1110.0], [113572.5, 160.0], [113570.0, 3530.0], [113560.0, 40.0], [113552.5, 1070.0], [113550.0, 3560.0], [113542.5, 3530.0], [113540.0, 13040.0], [113537.5, 3470.0], [113525.0, 8360.0], [113522.5, 16230.0]], "asks": [[113620.0, 13630.0], [113622.5, 4300.0], [113625.0, 9460.0], [113627.5, 20090.0], [113630.0, 52640.0], [113632.5, 2040.0], [113635.0, 7250.0], [113645.0, 1070.0], [113647.5, 3560.0], [113652.5, 3000.0], [113655.0, 10000.0], [113662.5, 3720.0], [113665.0, 6430.0], [113667.5, 10000.0], [113672.5, 2110.0], [113675.0, 1050.0], [113677.5, 3490.0], [113680.0, 16430.0], [113682.5, 7330.0], [113685.0, 24420.0]]}}}
{"jsonrpc": "2.0", "method": "subscription", "params": {"channel": "book.BTC-22AUG25.none.20.100ms", "data": {"timestamp": 1755685554745, "change_id": 114214126386, "instrument_name": "BTC-22AUG25", "bids": [[113617.5, 19720.0], [113607.5, 5000.0], [113597.5, 3760.0], [113595.0, 46310.0], [113592.5, 900.0], [113590.0, 4120.0], [113587.5, 3720.0], [113585.0, 1060.0], [113582.5, 3530.0], [113575.0, 1110.0], [113572.5, 160.0], [113570.0, 3530.0], [113560.0, 40.0], [113552.5, 1070.0], [113550.0, 3560.0], [113542.5, 3530.0], [113540.0, 13040.0], [113537.5, 3470.0], [113527.5, 1050.0], [113525.0, 8360.0]], "asks": [[113620.0, 13630.0], [113622.5, 4300.0], [113625.0, 9460.0], [113627.5, 20090.0], [113630.0, 52640.0], [113632.5, 2040.0], [113635.0, 7250.0], [113645.0, 1070.0], [113647.5, 3560.0], [113660.0, 5150.0], [113662.5, 3720.0], [113665.0, 16430.0], [113667.5, 10000.0], [113672.5, 2110.0], [113675.0, 1050.0], [113677.5, 3490.0], [113680.0, 16430.0], [113682.5, 7330.0], [113685.0, 24420.0], [113690.0, 3520.0]]}}}
{"jsonrpc": "2.0", "method": "subscription", "params": {"channel": "book.BTC-22AUG25.none.20.100ms", "data": {"timestamp": 1755685555009, "change_id": 114214126859, "instrument_name": "BTC-22AUG25", "bids": [[113617.5, 19720.0], [113607.5, 5000.0], [113597.5, 3760.0], [113595.0, 46310.0], [113592.5, 900.0], [113590.0, 4120.0], [113587.5, 3720.0], [113585.0, 1060.0], [113582.5, 3530.0], [113575.0, 1110.0], [113572.5, 160.0], [113570.0, 3530.0], [113560.0, 40.0], [113552.5, 1070.0], [113550.0, 3560.0], [113542.5, 3530.0], [113540.0, 13040.0], [113537.5, 3470.0], [113527.5, 1050.0], [113525.0, 8360.0]], "asks": [[113620.0, 9330.0], [113622.5, 4300.0], [113625.0, 9460.0], [113627.5, 20090.0], [113630.0, 52640.0], [113632.5, 2040.0], [113635.0, 7250.0], [113645.0, 1070.0], [113647.5, 3560.0], [113657.5, 10000.0], [113662.5, 3720.0], [113665.0, 6430.0], [113667.5, 10000.0], [113675.0, 1050.0], [113677.5, 3490.0], [113680.0, 16430.0], [113682.5, 7330.0], [113685.0, 24420.0], [113690.0, 3520.0], [113700.0, 1060.0]]}}}
{"jsonrpc": "2.0", "method": "subscription", "params": {"channel": "book.BTC-22AUG25.none.20.100ms", "data": {"timestamp": 1755685555878, "change_id": 114214127839, "instrument_name": "BTC-22AUG25", "bids": [[113617.5, 19720.0], [113607.5, 5000.0], [113597.5, 3760.0], [113595.0, 46310.0], [113592.5, 900.0], [113590.0, 4120.0], [113587.5, 3720.0], [113585.0, 1060.0], [113582.5, 3530.0], [113575.0, 1110.0], [113572.5, 160.0], [113570.0, 3530.0], [113560.0, 40.0], [113552.5, 1070.0], [113550.0, 3560.0], [113542.5, 3530.0], [113540.0, 13040.0], [113537.5, 3470.0], [113527.5, 1050.0], [113525.0, 8360.0]], "asks": [[113620.0, 13630.0], [113622.5, 4300.0], [113625.0, 9460.0], [113627.5, 20090.0], [113630.0, 52640.0], [113632.5, 2040.0], [113635.0, 7250.0], [113645.0, 1070.0], [113647.5, 3560.0], [113655.0, 3000.0], [113657.5, 10000.0], [113662.5, 3720.0], [113665.0, 6430.0], [113667.5, 10000.0], [113675.0, 1050.0], [113677.5, 3490.0], [113680.0, 16430.0], [113682.5, 7330.0], [113685.0, 24420.0], [113687.5, 1060.0]]}}}
{"jsonrpc": "2.0", "method": "subscription", "params": {"channel": "book.BTC-22AUG25.none.20.100ms", "data": {"timestamp": 1755685556330, "change_id": 114214128826, "instrument_name": "BTC-22AUG25", "bids": [[113617.5, 19720.0], [113607.5, 5000.0], [113597.5, 3760.0], [113595.0, 46310.0], [113592.5, 900.0], [113590.0, 4120.0], [113587.5, 3720.0], [113585.0, 1060.0], [113582.5, 3530.0], [113575.0, 1110.0], [113572.5, 160.0], [113570.0, 3530.0], [113560.0, 40.0], [113552.5, 1070.0], [113550.0, 3560.0], [113542.5, 3530.0], [113540.0, 13040.0], [113537.5, 3470.0], [113527.5, 1050.0], [113525.0, 8360.0]], "asks": [[113620.0, 10100.0], [113622.5, 4300.0], [113625.0, 9460.0], [113627.5, 20090.0], [113630.0, 52640.0], [113632.5, 2040.0], [113635.0, 7250.0], [113645.0, 1070.0], [113647.5, 3560.0], [113655.0, 3000.0], [113657.5, 10000.0], [113662.5, 3720.0], [113665.0, 6430.0], [113667.5, 10000.0], [113672.5, 2110.0], [113675.0, 1050.0], [113677.5, 3490.0], [113680.0, 16430.0], [113682.5, 7330.0], [113685.0, 24420.0]]}}}
{"jsonrpc": "2.0", "method": "subscription", "params": {"channel": "book.BTC-22AUG25.none.20.100ms", "data": {"timestamp": 1755685557033, "change_id": 114214129760, "instrument_name": "BTC-22AUG25", "bids": [[113617.5, 19720.0], [113607.5, 5000.0], [113597.5, 3760.0], [113595.0, 46310.0], [113592.5, 900.0], [113590.0, 4120.0], [113587.5, 3720.0], [113585.0, 1060.0], [113582.5, 3530.0], [113575.0, 1110.0], [113572.5, 160.0], [113570.0, 3530.0], [113560.0, 40.0], [113552.5, 1070.0], [113550.0, 3560.0], [113542.5, 3530.0], [113540.0, 13040.0], [113537.5, 3470.0], [113527.5, 1050.0], [113525.0, 8360.0]], "asks": [[113620.0, 13580.0], [113622.5, 8430.0], [113625.0, 9460.0], [113627.5, 4300.0], [113632.5, 1060.0], [113635.0, 3530.0], [113645.0, 1070.0], [113647.5, 3560.0], [113655.0, 3000.0], [113657.5, 10000.0], [113665.0, 6430.0], [113667.5, 10000.0], [113672.5, 2110.0], [113675.0, 1050.0], [113677.5, 3490.0], [113680.0, 16430.0], [113682.5, 7330.0], [113685.0, 24420.0], [113687.5, 1060.0], [113690.0, 3520.0]]}}}
{"jsonrpc": "2.0", "method": "subscription", "params": {"channel": "book.BTC-22AUG25.none.20.100ms", "data": {"timestamp": 1755685557334, "change_id": 114214130286, "instrument_name": "BTC-22AUG25", "bids": [[113617.5, 16000.0], [113607.5, 5000.0], [113595.0, 46310.0], [113592.5, 900.0], [113590.0, 4120.0], [113587.5, 3720.0], [113585.0, 1060.0], [113582.5, 3530.0], [113575.0, 1110.0], [113572.5, 160.0], [113570.0, 3530.0], [113560.0, 40.0], [113552.5, 1070.0], [113550.0, 3560.0], [113542.5, 3530.0], [113540.0, 13040.0], [113537.5, 3470.0], [113527.5, 1050.0], [113525.0, 8360.0], [113522.5, 16230.0]], "asks": [[113620.0, 13580.0], [113622.5, 8430.0], [113625.0, 9460.0], [113627.5, 4300.0], [113630.0, 3720.0], [113632.5, 1060.0], [113635.0, 3530.0], [113645.0, 1070.0], [113647.5, 3560.0], [113655.0, 3000.0], [113657.5, 10000.0], [113662.5, 3720.0], [113665.0, 6430.0], [113667.5, 10000.0], [113675.0, 1050.0], [113677.5, 3490.0], [113680.0, 16430.0], [113682.5, 7330.0], [113685.0, 24420.0], [113687.5, 1060.0]]}}}
{"jsonrpc": "2.0", "method": "subscription", "params": {"channel": "book.BTC-22AUG25.none.20.100ms", "data": {"timestamp": 1755685557683, "change_id": 114214130578, "instrument_name": "BTC-22AUG25", "bids": [[113617.5, 16000.0], [113612.5, 3720.0], [113607.5, 5000.0], [113595.0, 46310.0], [113592.5, 900.0], [113590.0, 4120.0], [113587.5, 3720.0], [113585.0, 1060.0], [113582.5, 3530.0], [113575.0, 1110.0], [113572.5, 160.0], [113570.0, 3530.0], [113560.0, 40.0], [113552.5, 1070.0], [113550.0, 3560.0], [113542.5, 3530.0], [113540.0, 13040.0], [113537.5, 3470.0], [113527.5, 1050.0], [113525.0, 8360.0]], "asks": [[113620.0, 13580.0], [113622.5, 10320.0], [113625.0, 9460.0], [113627.5, 4300.0], [113630.0, 8020.0], [113632.5, 22090.0], [113635.0, 97240.0], [113645.0, 1070.0], [113647.5, 3560.0], [113655.0, 3000.0], [113657.5, 10000.0], [113662.5, 3720.0], [113665.0, 6430.0], [113667.5, 10000.0], [113675.0, 1050.0], [113677.5, 3490.0], [113680.0, 16430.0], [113682.5, 7330.0], [113685.0, 24420.0], [113687.5, 1060.0]]}}}
{"jsonrpc": "2.0", "method": "subscription", "params": {"channel": "book.BTC-22AUG25.none.20.100ms", "data": {"timestamp": 1755685558058, "change_id": 114214131210, "instrument_name": "BTC-22AUG25", "bids": [[113617.5, 16000.0], [113610.0, 3720.0], [113607.5, 5000.0], [113595.0, 46310.0], [113592.5, 900.0], [113590.0, 4120.0], [113587.5, 3720.0], [113585.0, 1060.0], [113582.5, 3530.0], [113575.0, 1110.0], [113572.5, 160.0], [113570.0, 3530.0], [113560.0, 40.0], [113552.5, 1070.0], [113550.0, 3560.0], [113542.5, 3530.0], [113540.0, 13040.0], [113537.5, 3470.0], [113527.5, 1050.0], [113525.0, 8360.0]], "asks": [[113620.0, 13580.0], [113622.5, 8430.0], [113625.0, 5160.0], [113627.5, 4300.0], [113630.0, 4300.0], [113632.5, 22090.0], [113635.0, 97240.0], [113645.0, 1070.0], [113647.5, 3560.0], [113655.0, 3000.0], [113657.5, 10000.0], [113660.0, 2150.0], [113662.5, 3720.0], [113665.0, 6430.0], [113667.5, 10000.0], [113675.0, 1050.0], [113677.5, 3490.0], [113680.0, 16430.0], [113682.5, 7330.0], [113685.0, 24420.0]]}}}
{"jsonrpc": "2.0", "method": "subscription", "params": {"channel": "book.BTC-22AUG25.none.20.100ms", "data": {"timestamp": 1755685558259, "change_id": 114214131645, "instrument_name": "BTC-22AUG25", "bids": [[113617.5, 16000.0], [113610.0, 3720.0], [113607.5, 5000.0], [113595.0, 46310.0], [113592.5, 900.0], [113590.0, 4120.0], [113587.5, 3720.0], [113585.0, 1060.0], [113582.5, 3530.0], [113575.0, 1110.0], [113572.5, 160.0], [113570.0, 3530.0], [113560.0, 40.0], [113552.5, 1070.0], [113550.0, 3560.0], [113542.5, 3530.0], [113540.0, 13040.0], [113537.5, 3470.0], [113527.5, 1050.0], [113525.0, 8360.0]], "asks": [[113620.0, 13580.0], [113622.5, 8430.0], [113625.0, 8880.0], [113627.5, 4300.0], [113630.0, 4300.0], [113632.5, 22090.0], [113635.0, 97240.0], [113645.0, 3930.0], [113647.5, 3560.0], [113650.0, 10000.0], [113660.0, 2150.0], [113662.5, 3720.0], [113665.0, 6430.0], [113667.5, 10000.0], [113675.0, 1050.0], [113677.5, 3490.0], [113680.0, 16430.0], [113682.5, 7330.0], [113685.0, 24420.0], [113687.5, 1060.0]]}}}
{"jsonrpc": "2.0", "method": "subscription", "params": {"channel": "book.BTC-22AUG25.none.20.100ms", "data": {"timestamp": 1755685558920, "change_id": 114214132440, "instrument_name": "BTC-22AUG25", "bids": [[113617.5, 16000.0], [113610.0, 3720.0], [113607.5, 5000.0], [113595.0, 46310.0], [113592.5, 900.0], [113590.0, 4120.0], [113587.5, 3720.0], [113585.0, 1060.0], [113582.5, 3530.0], [113575.0, 1110.0], [113572.5, 160.0], [113570.0, 3530.0], [113560.0, 40.0], [113552.5, 1070.0], [113550.0, 3560.0], [113542.5, 3530.0], [113540.0, 13040.0], [113537.5, 3470.0], [113527.5, 1050.0], [113525.0, 8360.0]], "asks": [[113620.0, 13580.0], [113622.5, 8430.0], [113625.0, 8880.0], [113630.0, 4300.0], [113632.5, 22090.0], [113635.0, 97240.0], [113645.0, 3930.0], [113647.5, 3560.0], [113650.0, 10000.0], [113660.0, 2150.0], [113662.5, 3720.0], [113665.0, 6430.0], [113667.5, 12110.0], [113675.0, 1050.0], [113677.5, 3490.0], [113680.0, 16430.0], [113682.5, 7330.0], [113685.0, 24420.0], [113687.5, 1060.0], [113690.0, 3520.0]]}}}
{"jsonrpc": "2.0", "method": "subscription", "params": {"channel": "book.BTC-22AUG25.none.20.100ms", "data": {"timestamp": 1755685559834, "change_id": 114214133290, "instrument_name": "BTC-22AUG25", "bids": [[113617.5, 16000.0], [113610.0, 3720.0], [113607.5, 5000.0], [113595.0, 46310.0], [113592.5, 900.0], [113590.0, 4120.0], [113587.5, 3720.0], [113585.0, 1060.0], [113582.5, 3530.0], [113575.0, 1110.0], [113572.5, 160.0], [113570.0, 3530.0], [113560.0, 40.0], [113552.5, 1070.0], [113550.0, 3560.0], [113542.5, 3530.0], [113540.0, 13040.0], [113537.5, 3470.0], [113527.5, 1050.0], [113525.0, 8360.0]], "asks": [[113620.0, 13580.0], [113622.5, 8430.0], [113625.0, 8880.0], [113630.0, 4300.0], [113632.5, 26390.0], [113635.0, 97240.0], [113645.0, 3930.0], [113647.5, 3560.0], [113650.0, 10000.0], [113660.0, 2150.0], [113662.5, 3720.0], [113665.0, 6430.0], [113667.5, 12110.0], [113675.0, 5840.0], [113677.5, 3490.0], [113680.0, 16430.0], [113682.5, 7330.0], [113685.0, 24420.0], [113687.5, 1060.0], [113690.0, 3520.0]]}}}
{"jsonrpc": "2.0", "method": "subscription", "params": {"channel": "book.BTC-22AUG25.none.20.100ms", "data": {"timestamp": 1755685560244, "change_id": 114214133978, "instrument_name": "BTC-22AUG25", "bids": [[113617.5, 16000.0], [113610.0, 3720.0], [113607.5, 5000.0], [113595.0, 46310.0], [113592.5, 900.0], [113590.0, 4120.0], [113587.5, 3720.0], [113585.0, 1060.0], [113582.5, 3530.0], [113575.0, 1110.0], [113572.5, 160.0], [113570.0, 3530.0], [113560.0, 40.0], [113552.5, 1070.0], [113550.0, 3560.0], [113542.5, 3530.0], [113540.0, 13040.0], [113537.5, 3470.0], [113527.5, 1050.0], [113525.0, 8360.0]], "asks": [[113620.0, 13580.0], [113622.5, 7140.0], [113625.0, 8880.0], [113630.0, 4300.0], [113632.5, 26390.0], [113635.0, 97240.0], [113645.0, 3930.0], [113647.5, 3560.0], [113650.0, 10000.0], [113660.0, 2150.0], [113662.5, 3720.0], [113665.0, 6430.0], [113667.5, 12110.0], [113675.0, 5840.0], [113677.5, 3490.0], [113680.0, 16430.0], [113682.5, 7330.0], [113685.0, 24420.0], [113687.5, 1060.0], [113690.0, 3520.0]]}}}
{"jsonrpc": "2.0", "method": "subscription", "params": {"channel": "book.BTC-22AUG25.none.20.100ms", "data": {"timestamp": 1755685560709, "change_id": 114214134892, "instrument_name": "BTC-22AUG25", "bids": [[113617.5, 16000.0], [113612.5, 5000.0], [113610.0, 3720.0], [113597.5, 8190.0], [113595.0, 46310.0], [113592.5, 900.0], [113590.0, 4120.0], [113587.5, 3720.0], [113585.0, 1060.0], [113582.5, 3530.0], [113575.0, 1110.0], [113572.5, 160.0], [113570.0, 3530.0], [113560.0, 40.0], [113552.5, 1070.0], [113550.0, 3560.0], [113542.5, 3530.0], [113540.0, 13040.0], [113537.5, 3470.0], [113527.5, 1050.0]], "asks": [[113620.0, 5800.0], [113622.5, 4300.0], [113625.0, 8880.0], [113630.0, 6650.0], [113632.5, 4300.0], [113635.0, 3530.0], [113645.0, 1070.0], [113647.5, 3560.0], [113660.0, 2150.0], [113662.5, 3720.0], [113665.0, 16430.0], [113667.5, 10000.0], [113675.0, 1050.0], [113677.5, 3490.0], [113682.5, 7330.0], [113685.0, 24420.0], [113687.5, 1060.0], [113690.0, 3520.0], [113700.0, 1060.0], [113702.5, 3530.0]]}}}
{"jsonrpc": "2.0", "method": "subscription", "params": {"channel": "book.BTC-22AUG25.none.20.100ms", "data": {"timestamp": 1755685560875, "change_id": 114214135240, "instrument_name": "BTC-22AUG25", "bids": [[113617.5, 16000.0], [113612.5, 5000.0], [113610.0, 3720.0], [113597.5, 8190.0], [113595.0, 46310.0], [113592.5, 900.0], [113590.0, 4120.0], [113587.5, 3720.0], [113585.0, 1060.0], [113582.5, 3530.0], [113575.0, 1110.0], [113572.5, 160.0], [113570.0, 3530.0], [113560.0, 40.0], [113552.5, 1070.0], [113550.0, 3560.0], [113542.5, 3530.0], [113540.0, 13040.0], [113537.5, 3470.0], [113527.5, 1050.0]], "asks": [[113620.0, 5800.0], [113622.5, 9190.0], [113625.0, 5160.0], [113627.5, 4300.0], [113630.0, 23870.0], [113632.5, 4300.0], [113635.0, 66950.0], [113645.0, 1070.0], [113647.5, 3560.0], [113655.0, 3000.0], [113657.5, 10000.0], [113660.0, 2150.0], [113662.5, 3720.0], [113665.0, 6430.0], [113667.5, 10000.0], [113675.0, 1050.0], [113677.5, 3490.0], [113682.5, 7330.0], [113685.0, 24420.0], [113687.5, 1060.0]]}}}
{"jsonrpc": "2.0", "method": "subscription", "params": {"channel": "book.BTC-22AUG25.none.20.100ms", "data": {"timestamp": 1755685561349, "change_id": 114214135870, "instrument_name": "BTC-22AUG25", "bids": [[113617.5, 16000.0], [113612.5, 5000.0], [113610.0, 3720.0], [113597.5, 8190.0], [113595.0, 46310.0], [113592.5, 900.0], [113590.0, 4120.0], [113587.5, 3720.0], [113585.0, 1060.0], [113582.5, 3530.0], [113575.0, 1110.0], [113572.5, 160.0], [113570.0, 3530.0], [113560.0, 40.0], [113552.5, 1070.0], [113550.0, 3560.0], [113542.5, 3530.0], [113540.0, 13040.0], [113537.5, 3470.0], [113527.5, 1050.0]], "asks": [[113620.0, 5800.0], [113622.5, 2630.0], [113625.0, 160.0], [113627.5, 4300.0], [113630.0, 20150.0], [113632.5, 13020.0], [113635.0, 66950.0], [113645.0, 1070.0], [113647.5, 3560.0], [113655.0, 3000.0], [113657.5, 10000.0], [113660.0, 2150.0], [113662.5, 3720.0], [113665.0, 6430.0], [113667.5, 10000.0], [113675.0, 1050.0], [113677.5, 3490.0], [113682.5, 7330.0], [113685.0, 24420.0], [113687.5, 1060.0]]}}}
{"jsonrpc": "2.0", "method": "subscription", "params": {"channel": "book.BTC-22AUG25.none.20.100ms", "data": {"timestamp": 1755685561959, "change_id": 114214137161, "instrument_name": "BTC-22AUG25", "bids": [[113617.5, 16000.0], [113612.5, 5000.0], [113610.0, 3720.0], [113597.5, 8190.0], [113595.0, 46310.0], [113592.5, 900.0], [113590.0, 4120.0], [113587.5, 3720.0], [113585.0, 1220.0], [113582.5, 3530.0], [113575.0, 1110.0], [113570.0, 3530.0], [113560.0, 40.0], [113552.5, 1070.0], [113550.0, 3560.0], [113542.5, 3530.0], [113540.0, 13040.0], [113537.5, 3470.0], [113527.5, 1050.0], [113525.0, 8360.0]], "asks": [[113620.0, 5800.0], [113622.5, 3800.0], [113625.0, 160.0], [113627.5, 9300.0], [113630.0, 20150.0], [113632.5, 8020.0], [113635.0, 66950.0], [113645.0, 1070.0], [113647.5, 3560.0], [113655.0, 3000.0], [113657.5, 10000.0], [113660.0, 2150.0], [113662.5, 3720.0], [113665.0, 6430.0], [113667.5, 10000.0], [113675.0, 1050.0], [113677.5, 3490.0], [113682.5, 7330.0], [113685.0, 24420.0], [113687.5, 1060.0]]}}}
{"jsonrpc": "2.0", "method": "subscription", "params": {"channel": "book.BTC-22AUG25.none.20.100ms", "data": {"timestamp": 1755685562344, "change_id": 114214137631, "instrument_name": "BTC-22AUG25", "bids": [[113617.5, 16000.0], [113615.0, 3720.0], [113612.5, 5000.0], [113597.5, 8190.0], [113595.0, 46310.0], [113592.5, 900.0], [113590.0, 4120.0], [113587.5, 3720.0], [113585.0, 1220.0], [113582.5, 3530.0], [113575.0, 1110.0], [113570.0, 3530.0], [113560.0, 40.0], [113552.5, 1070.0], [113550.0, 3560.0], [113542.5, 3530.0], [113540.0, 13040.0], [113537.5, 3470.0], [113527.5, 1050.0], [113525.0, 8360.0]], "asks": [[113620.0, 9280.0], [113622.5, 3800.0], [113625.0, 160.0], [113627.5, 9300.0], [113630.0, 20150.0], [113632.5, 8020.0], [113635.0, 66950.0], [113645.0, 1070.0], [113647.5, 3560.0], [113655.0, 3000.0], [113657.5, 10000.0], [113660.0, 2150.0], [113662.5, 3720.0], [113665.0, 6430.0], [113667.5, 10000.0], [113670.0, 630.0], [113672.5, 2110.0], [113675.0, 1050.0], [113677.5, 3490.0], [113682.5, 7330.0]]}}}
{"jsonrpc": "2.0", "method": "subscription", "params": {"channel": "book.BTC-22AUG25.none.20.100ms", "data": {"timestamp": 1755685562799, "change_id": 114214138110, "instrument_name": "BTC-22AUG25", "bids": [[113617.5, 16000.0], [113615.0, 3720.0], [113612.5, 5000.0], [113597.5, 8190.0], [113595.0, 46310.0], [113592.5, 900.0], [113590.0, 4120.0], [113587.5, 3720.0], [113585.0, 1220.0], [113582.5, 3530.0], [113575.0, 1110.0], [113570.0, 3530.0], [113560.0, 40.0], [113552.5, 1070.0], [113550.0, 3560.0], [113542.5, 3530.0], [113540.0, 13040.0], [113537.5, 3470.0], [113527.5, 1050.0], [113525.0, 8360.0]], "asks": [[113620.0, 13580.0], [113622.5, 3800.0], [113625.0, 160.0], [113627.5, 9300.0], [113630.0, 20150.0], [113632.5, 8020.0], [113635.0, 66950.0], [113645.0, 1070.0], [113647.5, 3560.0], [113655.0, 3000.0], [113657.5, 10000.0], [113660.0, 2150.0], [113662.5, 3720.0], [113665.0, 6430.0], [113667.5, 10000.0], [113670.0, 630.0], [113672.5, 2110.0], [113675.0, 1050.0], [113677.5, 3490.0], [113682.5, 7330.0]]}}}
{"jsonrpc": "2.0", "method": "subscription", "params": {"channel": "book.BTC-22AUG25.none.20.100ms", "data": {"timestamp": 1755685563327, "change_id": 114214138940, "instrument_name": "BTC-22AUG25", "bids": [[113617.5, 16000.0], [113612.5, 5000.0], [113595.0, 46310.0], [113592.5, 900.0], [113590.0, 4120.0], [113587.5, 3720.0], [113585.0, 1220.0], [113582.5, 3530.0], [113575.0, 1110.0], [113570.0, 3530.0], [113560.0, 40.0], [113552.5, 1070.0], [113550.0, 3560.0], [113542.5, 3530.0], [113540.0, 13040.0], [113537.5, 3470.0], [113527.5, 1050.0], [113525.0, 8360.0], [113522.5, 16230.0], [113515.0, 1640.0]], "asks": [[113620.0, 13580.0], [113622.5, 7630.0], [113625.0, 160.0], [113627.5, 4300.0], [113630.0, 20150.0], [113632.5, 8020.0], [113635.0, 66950.0], [113645.0, 3930.0], [113647.5, 3560.0], [113650.0, 10000.0], [113660.0, 2150.0], [113662.5, 3720.0], [113665.0, 6430.0], [113667.5, 10000.0], [113670.0, 630.0], [113672.5, 2110.0], [113675.0, 1050.0], [113677.5, 3490.0], [113682.5, 7330.0], [113685.0, 24420.0]]}}}
{"jsonrpc": "2.0", "method": "subscription", "params": {"channel": "book.BTC-22AUG25.none.20.100ms", "data": {"timestamp": 1755685563399, "change_id": 114214138985, "instrument_name": "BTC-22AUG25", "bids": [[113617.5, 16000.0], [113612.5, 8720.0], [113595.0, 46310.0], [113592.5, 900.0], [113590.0, 4120.0], [113587.5, 3720.0], [113585.0, 1220.0], [113582.5, 3530.0], [113575.0, 1110.0], [113570.0, 3530.0], [113560.0, 40.0], [113552.5, 1070.0], [113550.0, 3560.0], [113542.5, 3530.0], [113540.0, 13040.0], [113537.5, 3470.0], [113527.5, 1050.0], [113525.0, 8360.0], [113522.5, 16230.0], [113515.0, 1640.0]], "asks": [[113620.0, 13580.0], [113622.5, 7630.0], [113625.0, 160.0], [113627.5, 4300.0], [113630.0, 20150.0], [113632.5, 8020.0], [113635.0, 66950.0], [113645.0, 3930.0], [113647.5, 3560.0], [113650.0, 10000.0], [113660.0, 2150.0], [113662.5, 3720.0], [113665.0, 6430.0], [113667.5, 10000.0], [113670.0, 630.0], [113672.5, 2110.0], [113675.0, 1050.0], [113677.5, 3490.0], [113682.5, 7330.0], [113685.0, 24420.0]]}}}
{"jsonrpc": "2.0", "method": "subscription", "params": {"channel": "book.BTC-22AUG25.none.20.100ms", "data": {"timestamp": 1755685565349, "change_id": 114214141585, "instrument_name": "BTC-22AUG25", "bids": [[113622.5, 10000.0], [113617.5, 6000.0], [113612.5, 5000.0], [113597.5, 9540.0], [113595.0, 46310.0], [113592.5, 900.0], [113590.0, 4120.0], [113587.5, 3720.0], [113585.0, 1060.0], [113582.5, 3530.0], [113572.5, 1060.0], [113570.0, 3530.0], [113567.5, 160.0], [113560.0, 40.0], [113552.5, 1070.0], [113550.0, 3560.0], [113542.5, 3530.0], [113540.0, 13040.0], [113537.5, 3470.0], [113527.5, 1050.0]], "asks": [[113625.0, 7830.0], [113627.5, 8000.0], [113630.0, 4300.0], [113632.5, 8020.0], [113645.0, 1070.0], [113647.5, 3720.0], [113660.0, 2150.0], [113662.5, 3720.0], [113665.0, 16430.0], [113667.5, 10000.0], [113670.0, 630.0], [113672.5, 2110.0], [113675.0, 1050.0], [113677.5, 3490.0], [113682.5, 7330.0], [113685.0, 24420.0], [113687.5, 1060.0], [113690.0, 3520.0], [113700.0, 1060.0], [113702.5, 3530.0]]}}}
{"jsonrpc": "2.0", "method": "subscription", "params": {"channel": "book.BTC-22AUG25.none.20.100ms", "data": {"timestamp": 1755685565656, "change_id": 114214142216, "instrument_name": "BTC-22AUG25", "bids": [[113622.5, 10000.0], [113620.0, 3720.0], [113617.5, 11000.0], [113597.5, 9540.0], [113595.0, 46310.0], [113592.5, 900.0], [113590.0, 4120.0], [113587.5, 3720.0], [113585.0, 1060.0], [113582.5, 3530.0], [113580.0, 160.0], [113577.5, 15880.0], [113572.5, 1060.0], [113570.0, 3530.0], [113560.0, 40.0], [113552.5, 1070.0], [113550.0, 3560.0], [113542.5, 3530.0], [113540.0, 13040.0], [113537.5, 3470.0]], "asks": [[113625.0, 7830.0], [113627.5, 8000.0], [113630.0, 9300.0], [113632.5, 4300.0], [113635.0, 160.0], [113637.5, 1120.0], [113640.0, 3720.0], [113645.0, 1070.0], [113647.5, 3560.0], [113657.5, 10000.0], [113660.0, 2150.0], [113662.5, 3720.0], [113665.0, 6430.0], [113667.5, 10000.0], [113675.0, 1050.0], [113677.5, 3490.0], [113682.5, 7330.0], [113685.0, 24420.0], [113687.5, 1060.0], [113690.0, 3520.0]]}}}
{"jsonrpc": "2.0", "method": "subscription", "params": {"channel": "book.BTC-22AUG25.none.20.100ms", "data": {"timestamp": 1755685565796, "change_id": 114214142265, "instrument_name": "BTC-22AUG25", "bids": [[113622.5, 10000.0], [113620.0, 3720.0], [113617.5, 11000.0], [113597.5, 9540.0], [113595.0, 46310.0], [113592.5, 900.0], [113590.0, 4120.0], [113587.5, 3720.0], [113585.0, 1060.0], [113582.5, 3530.0], [113580.0, 160.0], [113577.5, 15880.0], [113572.5, 1060.0], [113570.0, 3530.0], [113560.0, 40.0], [113552.5, 1070.0], [113550.0, 3560.0], [113542.5, 3530.0], [113540.0, 13040.0], [113537.5, 3470.0]], "asks": [[113625.0, 7830.0], [113627.5, 8000.0], [113630.0, 5000.0], [113632.5, 4300.0], [113635.0, 160.0], [113637.5, 1120.0], [113640.0, 3720.0], [113645.0, 1070.0], [113647.5, 3560.0], [113657.5, 10000.0], [113660.0, 2150.0], [113662.5, 3720.0], [113665.0, 6430.0], [113667.5, 10000.0], [113675.0, 1050.0], [113677.5, 3490.0], [113687.5, 1060.0], [113690.0, 3520.0], [113700.0, 1060.0], [113702.5, 3530.0]]}}}
{"jsonrpc": "2.0", "method": "subscription", "params": {"channel": "book.BTC-22AUG25.none.20.100ms", "data": {"timestamp": 1755685566334, "change_id": 114214143096, "instrument_name": "BTC-22AUG25", "bids": [[113622.5, 10000.0], [113620.0, 3720.0], [113617.5, 11000.0], [113597.5, 9540.0], [113595.0, 46310.0], [113592.5, 900.0], [113590.0, 4120.0], [113587.5, 3720.0], [113585.0, 1060.0], [113582.5, 3530.0], [113580.0, 160.0], [113577.5, 15880.0], [113572.5, 1060.0], [113570.0, 3530.0], [113560.0, 40.0], [113552.5, 1070.0], [113550.0, 3560.0], [113542.5, 3530.0], [113540.0, 13040.0], [113537.5, 3470.0]], "asks": [[113625.0, 7830.0], [113627.5, 8000.0], [113630.0, 5000.0], [113632.5, 4300.0], [113635.0, 1280.0], [113637.5, 3720.0], [113645.0, 1070.0], [113647.5, 3560.0], [113657.5, 59090.0], [113660.0, 2150.0], [113662.5, 3720.0], [113665.0, 6430.0], [113667.5, 10000.0], [113675.0, 1050.0], [113677.5, 3490.0], [113687.5, 1060.0], [113690.0, 3520.0], [113700.0, 1060.0], [113702.5, 3530.0], [113715.0, 1060.0]]}}}
{"jsonrpc": "2.0", "method": "subscription", "params": {"channel": "book.BTC-22AUG25.none.20.100ms", "data": {"timestamp": 1755685566632, "change_id": 114214143896, "instrument_name": "BTC-22AUG25", "bids": [[113622.5, 10000.0], [113620.0, 3720.0], [113617.5, 11000.0], [113597.5, 9540.0], [113595.0, 46310.0], [113592.5, 900.0], [113590.0, 4120.0], [113587.5, 3720.0], [113585.0, 1060.0], [113582.5, 3530.0], [113580.0, 160.0], [113577.5, 15880.0], [113572.5, 1060.0], [113570.0, 3530.0], [113560.0, 40.0], [113552.5, 1070.0], [113550.0, 3560.0], [113542.5, 3530.0], [113540.0, 13040.0], [113537.5, 3470.0]], "asks": [[113625.0, 8490.0], [113627.5, 8000.0], [113630.0, 5000.0], [113632.5, 4300.0], [113635.0, 1280.0], [113637.5, 3720.0], [113645.0, 1070.0], [113647.5, 3560.0], [113657.5, 10000.0], [113660.0, 2150.0], [113662.5, 3720.0], [113665.0, 6430.0], [113667.5, 10000.0], [113675.0, 1050.0], [113677.5, 3490.0], [113687.5, 1060.0], [113690.0, 3520.0], [113700.0, 1060.0], [113702.5, 3530.0], [113715.0, 1060.0]]}}}
{"jsonrpc": "2.0", "method": "subscription", "params": {"channel": "book.BTC-22AUG25.none.20.100ms", "data": {"timestamp": 1755685566998, "change_id": 114214144565, "instrument_name": "BTC-22AUG25", "bids": [[113622.5, 10000.0], [113617.5, 11000.0], [113597.5, 9540.0], [113595.0, 46310.0], [113592.5, 900.0], [113590.0, 4120.0], [113587.5, 3720.0], [113585.0, 1060.0], [113582.5, 3530.0], [113580.0, 160.0], [113577.5, 15880.0], [113572.5, 1060.0], [113570.0, 3530.0], [113560.0, 40.0], [113552.5, 1070.0], [113550.0, 3560.0], [113542.5, 3530.0], [113540.0, 13040.0], [113537.5, 3470.0], [113527.5, 1050.0]], "asks": [[113625.0, 8490.0], [113627.5, 8000.0], [113630.0, 5000.0], [113632.5, 4300.0], [113635.0, 18560.0], [113637.5, 61810.0], [113645.0, 1070.0], [113647.5, 3560.0], [113657.5, 10000.0], [113660.0, 2150.0], [113662.5, 3720.0], [113665.0, 6430.0], [113667.5, 10000.0], [113675.0, 3160.0], [113677.5, 3490.0], [113687.5, 1060.0], [113690.0, 3520.0], [113700.0, 1060.0], [113702.5, 3530.0], [113715.0, 1060.0]]}}}
{"jsonrpc": "2.0", "method": "subscription", "params": {"channel": "book.BTC-22AUG25.none.20.100ms", "data": {"timestamp": 1755685567173, "change_id": 114214144773, "instrument_name": "BTC-22AUG25", "bids": [[113622.5, 10000.0], [113617.5, 14720.0], [113597.5, 9540.0], [113595.0, 46310.0], [113592.5, 900.0], [113590.0, 4120.0], [113587.5, 3720.0], [113585.0, 1060.0], [113582.5, 3530.0], [113580.0, 4920.0], [113577.5, 15880.0], [113572.5, 1060.0], [113570.0, 3530.0], [113560.0, 40.0], [113552.5, 1070.0], [113550.0, 3560.0], [113542.5, 3530.0], [113540.0, 13040.0], [113537.5, 3470.0], [113527.5, 1050.0]], "asks": [[113625.0, 8490.0], [113627.5, 8000.0], [113630.0, 5000.0], [113632.5, 4300.0], [113635.0, 18560.0], [113637.5, 61810.0], [113645.0, 1070.0], [113647.5, 3560.0], [113655.0, 3000.0], [113657.5, 10000.0], [113660.0, 2150.0], [113662.5, 3720.0], [113665.0, 6430.0], [113667.5, 10000.0], [113675.0, 3160.0], [113677.5, 3490.0], [113687.5, 1060.0], [113690.0, 3520.0], [113700.0, 1060.0], [113702.5, 3530.0]]}}}
{"jsonrpc": "2.0", "method": "subscription", "params": {"channel": "book.BTC-22AUG25.none.20.100ms", "data": {"timestamp": 1755685567650, "change_id": 114214145376, "instrument_name": "BTC-22AUG25", "bids": [[113622.5, 10000.0], [113617.5, 14720.0], [113597.5, 9540.0], [113595.0, 46310.0], [113592.5, 900.0], [113590.0, 4120.0], [113587.5, 3720.0], [113585.0, 1060.0], [113582.5, 3530.0], [113580.0, 4920.0], [113577.5, 15880.0], [113572.5, 1060.0], [113570.0, 3530.0], [113560.0, 40.0], [113552.5, 1070.0], [113550.0, 3560.0], [113542.5, 3530.0], [113540.0, 13040.0], [113537.5, 3470.0], [113527.5, 1050.0]], "asks": [[113625.0, 8490.0], [113627.5, 8000.0], [113630.0, 5000.0], [113632.5, 4300.0], [113635.0, 18560.0], [113637.5, 61810.0], [113645.0, 1070.0], [113647.5, 3560.0], [113655.0, 3000.0], [113657.5, 10000.0], [113660.0, 2150.0], [113662.5, 3720.0], [113665.0, 6430.0], [113667.5, 10000.0], [113675.0, 3160.0], [113677.5, 3490.0], [113687.5, 1060.0], [113690.0, 3520.0], [113700.0, 1060.0], [113702.5, 3530.0]]}}}
{"jsonrpc": "2.0", "method": "subscription", "params": {"channel": "book.BTC-22AUG25.none.20.100ms", "data": {"timestamp": 1755685568164, "change_id": 114214146083, "instrument_name": "BTC-22AUG25", "bids": [[113622.5, 10000.0], [113617.5, 14720.0], [113597.5, 9540.0], [113595.0, 46310.0], [113592.5, 900.0], [113590.0, 4120.0], [113587.5, 3720.0], [113585.0, 1060.0], [113582.5, 3530.0], [113580.0, 4920.0], [113577.5, 15880.0], [113572.5, 1060.0], [113570.0, 3530.0], [113560.0, 40.0], [113552.5, 1070.0], [113550.0, 3560.0], [113542.5, 3530.0], [113540.0, 13040.0], [113537.5, 3470.0], [113527.5, 1050.0]], "asks": [[113625.0, 8490.0], [113627.5, 8000.0], [113630.0, 5000.0], [113632.5, 4300.0], [113635.0, 18560.0], [113637.5, 61810.0], [113645.0, 1070.0], [113647.5, 3560.0], [113655.0, 3000.0], [113657.5, 10000.0], [113660.0, 2150.0], [113662.5, 3720.0], [113665.0, 6430.0], [113667.5, 10000.0], [113675.0, 3160.0], [113677.5, 3490.0], [113687.5, 1060.0], [113690.0, 3520.0], [113700.0, 1060.0], [113702.5, 3530.0]]}}}
{"jsonrpc": "2.0", "method": "subscription", "params": {"channel": "book.BTC-22AUG25.none.20.100ms", "data": {"timestamp": 1755685568589, "change_id": 114214146730, "instrument_name": "BTC-22AUG25", "bids": [[113622.5, 10000.0], [113617.5, 14720.0], [113597.5, 5920.0], [113595.0, 46310.0], [113592.5, 900.0], [113590.0, 4120.0], [113587.5, 3720.0], [113585.0, 1060.0], [113582.5, 3530.0], [113580.0, 4920.0], [113577.5, 15880.0], [113572.5, 1060.0], [113570.0, 3530.0], [113560.0, 40.0], [113552.5, 1070.0], [113550.0, 3560.0], [113542.5, 3530.0], [113540.0, 13040.0], [113537.5, 3470.0], [113527.5, 1050.0]], "asks": [[113625.0, 8490.0], [113627.5, 8000.0], [113630.0, 5000.0], [113632.5, 4300.0], [113635.0, 18560.0], [113637.5, 61810.0], [113645.0, 1070.0], [113647.5, 3560.0], [113655.0, 3000.0], [113657.5, 10000.0], [113660.0, 2150.0], [113662.5, 3720.0], [113665.0, 6430.0], [113667.5, 10000.0], [113672.5, 630.0], [113675.0, 3160.0], [113677.5, 3490.0], [113687.5, 1060.0], [113690.0, 3520.0], [113700.0, 1060.0]]}}}
{"jsonrpc": "2.0", "method": "subscription", "params": {"channel": "book.BTC-22AUG25.none.20.100ms", "data": {"timestamp": 1755685569368, "change_id": 114214147599, "instrument_name": "BTC-22AUG25", "bids": [[113622.5, 10000.0], [113617.5, 14720.0], [113597.5, 5920.0], [113595.0, 46310.0], [113592.5, 900.0], [113590.0, 4120.0], [113587.5, 3720.0], [113585.0, 1060.0], [113582.5, 3530.0], [113580.0, 4920.0], [113577.5, 15880.0], [113572.5, 1060.0], [113570.0, 3530.0], [113560.0, 40.0], [113552.5, 1070.0], [113550.0, 3560.0], [113542.5, 3530.0], [113540.0, 13040.0], [113537.5, 3470.0], [113527.5, 1050.0]], "asks": [[113625.0, 8490.0], [113627.5, 8000.0], [113630.0, 5000.0], [113632.5, 4300.0], [113635.0, 18560.0], [113637.5, 61810.0], [113645.0, 3930.0], [113647.5, 3560.0], [113650.0, 10000.0], [113660.0, 2150.0], [113662.5, 3720.0], [113665.0, 6430.0], [113667.5, 10000.0], [113672.5, 630.0], [113675.0, 3160.0], [113677.5, 3490.0], [113687.5, 1060.0], [113690.0, 3520.0], [113700.0, 1060.0], [113702.5, 3530.0]]}}}
{"jsonrpc": "2.0", "method": "subscription", "params": {"channel": "book.BTC-22AUG25.none.20.100ms", "data": {"timestamp": 1755685570710, "change_id": 114214149081, "instrument_name": "BTC-22AUG25", "bids": [[113622.5, 10000.0], [113617.5, 14720.0], [113597.5, 5920.0], [113595.0, 46310.0], [113592.5, 900.0], [113590.0, 4120.0], [113587.5, 3720.0], [113585.0, 1060.0], [113582.5, 3530.0], [113580.0, 4920.0], [113577.5, 15880.0], [113572.5, 1060.0], [113570.0, 3530.0], [113560.0, 40.0], [113552.5, 1070.0], [113550.0, 3560.0], [113542.5, 3530.0], [113540.0, 13040.0], [113537.5, 3470.0], [113527.5, 1050.0]], "asks": [[113625.0, 8490.0], [113627.5, 8000.0], [113630.0, 5000.0], [113632.5, 4300.0], [113635.0, 18560.0], [113637.5, 61810.0], [113645.0, 3930.0], [113647.5, 3560.0], [113650.0, 10000.0], [113660.0, 2150.0], [113662.5, 3720.0], [113665.0, 6430.0], [113667.5, 10000.0], [113672.5, 630.0], [113675.0, 3160.0], [113677.5, 3490.0], [113687.5, 1060.0], [113690.0, 3520.0], [113700.0, 1060.0], [113702.5, 3530.0]]}}}
{"jsonrpc": "2.0", "method": "subscription", "params": {"channel": "book.BTC-22AUG25.none.20.100ms", "data": {"timestamp": 1755685571239, "change_id": 114214150855, "instrument_name": "BTC-22AUG25", "bids": [[113632.5, 10000.0], [113627.5, 3720.0], [113622.5, 5000.0], [113617.5, 6000.0], [113597.5, 17420.0], [113595.0, 46310.0], [113590.0, 3000.0], [113587.5, 3720.0], [113582.5, 3530.0], [113580.0, 5520.0], [113577.5, 15880.0], [113575.0, 2000.0], [113572.5, 1060.0], [113570.0, 3530.0], [113562.5, 10000.0], [113560.0, 40.0], [113550.0, 3560.0], [113545.0, 2000.0], [113540.0, 1040.0], [113537.5, 3470.0]], "asks": [[113635.0, 3530.0], [113637.5, 5000.0], [113642.5, 1120.0], [113645.0, 3720.0], [113647.5, 3560.0], [113650.0, 160.0], [113665.0, 3430.0], [113672.5, 10000.0], [113677.5, 3490.0], [113690.0, 3520.0], [113692.5, 10000.0], [113700.0, 3720.0], [113702.5, 3530.0], [113720.0, 27950.0], [113732.5, 3480.0], [113742.5, 40.0], [113745.0, 3530.0], [113757.5, 39560.0], [113825.0, 1040.0], [113827.5, 3460.0]]}}}
{"jsonrpc": "2.0", "method": "subscription", "params": {"channel": "book.BTC-22AUG25.none.20.100ms", "data": {"timestamp": 1755685571596, "change_id": 114214151357, "instrument_name": "BTC-22AUG25", "bids": [[113632.5, 10000.0], [113627.5, 3720.0], [113622.5, 5000.0], [113617.5, 6000.0], [113597.5, 17420.0], [113595.0, 46310.0], [113592.5, 160.0], [113590.0, 4120.0], [113587.5, 3720.0], [113585.0, 1110.0], [113582.5, 3530.0], [113580.0, 5360.0], [113577.5, 15880.0], [113575.0, 2000.0], [113572.5, 1060.0], [113570.0, 3530.0], [113565.0, 3010.0], [113562.5, 10000.0], [113560.0, 40.0], [113552.5, 1070.0]], "asks": [[113635.0, 4250.0], [113637.5, 5000.0], [113642.5, 1120.0], [113645.0, 4840.0], [113647.5, 3560.0], [113650.0, 11020.0], [113652.5, 36200.0], [113662.5, 4030.0], [113665.0, 13430.0], [113675.0, 1050.0], [113677.5, 3490.0], [113687.5, 5640.0], [113690.0, 22240.0], [113692.5, 10000.0], [113697.5, 1120.0], [113700.0, 4780.0], [113702.5, 3530.0], [113717.5, 8390.0], [113720.0, 27950.0], [113730.0, 1040.0]]}}}
{"jsonrpc": "2.0", "method": "subscription", "params": {"channel": "book.BTC-22AUG25.none.20.100ms", "data": {"timestamp": 1755685571797, "change_id": 114214151461, "instrument_name": "BTC-22AUG25", "bids": [[113632.5, 10000.0], [113627.5, 3720.0], [113622.5, 5000.0], [113617.5, 6000.0], [113597.5, 17420.0], [113595.0, 46310.0], [113592.5, 160.0], [113590.0, 4120.0], [113587.5, 3720.0], [113585.0, 1110.0], [113582.5, 3530.0], [113580.0, 5360.0], [113577.5, 15880.0], [113575.0, 2000.0], [113572.5, 1060.0], [113570.0, 3530.0], [113565.0, 3010.0], [113562.5, 10000.0], [113560.0, 40.0], [113552.5, 1070.0]], "asks": [[113635.0, 4250.0], [113637.5, 5000.0], [113642.5, 1120.0], [113645.0, 4840.0], [113647.5, 3560.0], [113650.0, 11020.0], [113652.5, 36200.0], [113662.5, 4030.0], [113665.0, 13430.0], [113675.0, 1050.0], [113677.5, 3490.0], [113687.5, 5640.0], [113690.0, 22240.0], [113692.5, 10000.0], [113697.5, 1120.0], [113700.0, 4780.0], [113702.5, 3530.0], [113717.5, 8390.0], [113720.0, 27950.0], [113730.0, 1040.0]]}}}
{"jsonrpc": "2.0", "method": "subscription", "params": {"channel": "book.BTC-22AUG25.none.20.100ms", "data": {"timestamp": 1755685572111, "change_id": 114214152075, "instrument_name": "BTC-22AUG25", "bids": [[113632.5, 10000.0], [113627.5, 3720.0], [113622.5, 5000.0], [113617.5, 6000.0], [113597.5, 17420.0], [113595.0, 46310.0], [113592.5, 160.0], [113590.0, 4120.0], [113587.5, 3720.0], [113585.0, 1110.0], [113582.5, 3530.0], [113580.0, 5360.0], [113577.5, 15880.0], [113575.0, 2000.0], [113572.5, 1060.0], [113570.0, 3530.0], [113565.0, 3010.0], [113562.5, 10000.0], [113560.0, 40.0], [113552.5, 1070.0]], "asks": [[113635.0, 13150.0], [113637.5, 5000.0], [113642.5, 1120.0], [113645.0, 4840.0], [113647.5, 3560.0], [113650.0, 11020.0], [113652.5, 36200.0], [113662.5, 4030.0], [113665.0, 13430.0], [113675.0, 1050.0], [113677.5, 3490.0], [113687.5, 5640.0], [113690.0, 22240.0], [113692.5, 10000.0], [113697.5, 1120.0], [113700.0, 4780.0], [113702.5, 3530.0], [113717.5, 8390.0], [113720.0, 27950.0], [113730.0, 1040.0]]}}}
{"jsonrpc": "2.0", "method": "subscription", "params": {"channel": "book.BTC-22AUG25.none.20.100ms", "data": {"timestamp": 1755685572621, "change_id": 114214152523, "instrument_name": "BTC-22AUG25", "bids": [[113632.5, 10000.0], [113627.5, 3720.0], [113622.5, 5000.0], [113617.5, 6000.0], [113597.5, 17420.0], [113595.0, 46310.0], [113592.5, 160.0], [113590.0, 4120.0], [113587.5, 3720.0], [113585.0, 1110.0], [113582.5, 3530.0], [113580.0, 5360.0], [113577.5, 15880.0], [113575.0, 2000.0], [113572.5, 1060.0], [113570.0, 3530.0], [113565.0, 3010.0], [113562.5, 10000.0], [113560.0, 40.0], [113552.5, 1070.0]], "asks": [[113635.0, 13150.0], [113637.5, 5000.0], [113642.5, 1120.0], [113645.0, 4840.0], [113647.5, 3560.0], [113650.0, 11020.0], [113652.5, 36200.0], [113662.5, 7750.0], [113665.0, 13430.0], [113675.0, 1050.0], [113677.5, 3490.0], [113680.0, 500.0], [113682.5, 1670.0], [113687.5, 5640.0], [113690.0, 22240.0], [113692.5, 10000.0], [113700.0, 1060.0], [113702.5, 3530.0], [113717.5, 8390.0], [113720.0, 27950.0]]}}}
{"jsonrpc": "2.0", "method": "subscription", "params": {"channel": "book.BTC-22AUG25.none.20.100ms", "data": {"timestamp": 1755685573796, "change_id": 114214153741, "instrument_name": "BTC-22AUG25", "bids": [[113632.5, 10000.0], [113627.5, 3720.0], [113622.5, 5000.0], [113617.5, 6000.0], [113597.5, 17420.0], [113595.0, 46310.0], [113592.5, 160.0], [113590.0, 4120.0], [113587.5, 3720.0], [113585.0, 1110.0], [113582.5, 3530.0], [113580.0, 5360.0], [113577.5, 15880.0], [113575.0, 2000.0], [113572.5, 1060.0], [113570.0, 3530.0], [113565.0, 3010.0], [113562.5, 10000.0], [113560.0, 40.0], [113552.5, 1070.0]], "asks": [[113635.0, 13150.0], [113637.5, 5000.0], [113642.5, 1120.0], [113645.0, 4840.0], [113647.5, 3560.0], [113650.0, 11020.0], [113652.5, 36200.0], [113662.5, 7750.0], [113665.0, 13430.0], [113675.0, 1050.0], [113677.5, 3490.0], [113680.0, 500.0], [113682.5, 1670.0], [113687.5, 5640.0], [113690.0, 22240.0], [113692.5, 10000.0], [113700.0, 1060.0], [113702.5, 3530.0], [113717.5, 8390.0], [113720.0, 27950.0]]}}}
{"jsonrpc": "2.0", "method": "subscription", "params": {"channel": "book.BTC-22AUG25.none.20.100ms", "data": {"timestamp": 1755685574273, "change_id": 114214154572, "instrument_name": "BTC-22AUG25", "bids": [[113632.5, 10000.0], [113622.5, 5000.0], [113617.5, 6000.0], [113597.5, 17420.0], [113595.0, 46310.0], [113592.5, 160.0], [113590.0, 4120.0], [113587.5, 3720.0], [113585.0, 1110.0], [113582.5, 3530.0], [113580.0, 5360.0], [113577.5, 15880.0], [113575.0, 2000.0], [113572.5, 1060.0], [113570.0, 3530.0], [113565.0, 3010.0], [113562.5, 10000.0], [113560.0, 40.0], [113552.5, 1070.0], [113550.0, 3560.0]], "asks": [[113635.0, 13150.0], [113637.5, 5000.0], [113642.5, 1120.0], [113645.0, 4840.0], [113647.5, 3560.0], [113650.0, 11020.0], [113652.5, 36200.0], [113662.5, 7750.0], [113665.0, 13430.0], [113675.0, 1050.0], [113677.5, 3490.0], [113680.0, 500.0], [113682.5, 1670.0], [113687.5, 5640.0], [113690.0, 22240.0], [113692.5, 10000.0], [113700.0, 1060.0], [113702.5, 3530.0], [113717.5, 8390.0], [113720.0, 27950.0]]}}}
{"jsonrpc": "2.0", "method": "subscription", "params": {"channel": "book.BTC-22AUG25.none.20.100ms", "data": {"timestamp": 1755685574563, "change_id": 114214154955, "instrument_name": "BTC-22AUG25", "bids": [[113632.5, 10000.0], [113620.0, 3720.0], [113617.5, 11000.0], [113597.5, 6660.0], [113595.0, 46310.0], [113592.5, 720.0], [113590.0, 4120.0], [113587.5, 3720.0], [113585.0, 1060.0], [113582.5, 3530.0], [113580.0, 5360.0], [113577.5, 15880.0], [113575.0, 2000.0], [113570.0, 3530.0], [113562.5, 10000.0], [113560.0, 40.0], [113550.0, 3560.0], [113545.0, 2000.0], [113540.0, 1040.0], [113537.5, 3470.0]], "asks": [[113635.0, 12430.0], [113637.5, 8880.0], [113645.0, 1070.0], [113647.5, 3560.0], [113650.0, 10860.0], [113652.5, 36200.0], [113662.5, 7750.0], [113665.0, 13430.0], [113675.0, 1050.0], [113677.5, 3490.0], [113680.0, 500.0], [113682.5, 1670.0], [113687.5, 4580.0], [113690.0, 22240.0], [113692.5, 10000.0], [113700.0, 1060.0], [113702.5, 3530.0], [113717.5, 8390.0], [113720.0, 27950.0], [113730.0, 1040.0]]}}}
{"jsonrpc": "2.0", "method": "subscription", "params": {"channel": "book.BTC-22AUG25.none.20.100ms", "data": {"timestamp": 1755685574904, "change_id": 114214155390, "instrument_name": "BTC-22AUG25", "bids": [[113632.5, 10000.0], [113620.0, 3720.0], [113617.5, 11000.0], [113597.5, 10920.0], [113595.0, 46310.0], [113592.5, 720.0], [113590.0, 4120.0], [113587.5, 3720.0], [113585.0, 1060.0], [113582.5, 3530.0], [113580.0, 5360.0], [113577.5, 15880.0], [113575.0, 2000.0], [113570.0, 3530.0], [113562.5, 10000.0], [113560.0, 40.0], [113550.0, 3560.0], [113545.0, 2000.0], [113540.0, 1040.0], [113537.5, 3470.0]], "asks": [[113635.0, 12430.0], [113637.5, 8880.0], [113645.0, 1070.0], [113647.5, 3560.0], [113655.0, 3000.0], [113657.5, 10000.0], [113660.0, 2150.0], [113662.5, 3720.0], [113665.0, 3430.0], [113675.0, 1050.0], [113677.5, 3490.0], [113680.0, 500.0], [113682.5, 1670.0], [113687.5, 4580.0], [113690.0, 22240.0], [113692.5, 10000.0], [113700.0, 1060.0], [113702.5, 3530.0], [113717.5, 8390.0], [113720.0, 27950.0]]}}}
{"jsonrpc": "2.0", "method": "subscription", "params": {"channel": "book.BTC-22AUG25.none.20.100ms", "data": {"timestamp": 1755685575256, "change_id": 114214155978, "instrument_name": "BTC-22AUG25", "bids": [[113632.5, 10000.0], [113620.0, 3720.0], [113617.5, 11000.0], [113597.5, 10920.0], [113595.0, 46310.0], [113592.5, 720.0], [113590.0, 4120.0], [113587.5, 3720.0], [113585.0, 1060.0], [113582.5, 3530.0], [113580.0, 5360.0], [113577.5, 15880.0], [113575.0, 2000.0], [113570.0, 3530.0], [113562.5, 10000.0], [113560.0, 40.0], [113550.0, 3560.0], [113545.0, 2000.0], [113540.0, 1040.0], [113537.5, 3470.0]], "asks": [[113635.0, 12430.0], [113637.5, 8880.0], [113642.5, 21560.0], [113645.0, 72920.0], [113647.5, 3560.0], [113655.0, 3000.0], [113657.5, 10000.0], [113660.0, 2150.0], [113662.5, 3720.0], [113665.0, 3430.0], [113675.0, 1050.0], [113677.5, 3490.0], [113680.0, 500.0], [113682.5, 1670.0], [113687.5, 4580.0], [113690.0, 22240.0], [113692.5, 10000.0], [113700.0, 1060.0], [113702.5, 3530.0], [113717.5, 8390.0]]}}}
{"jsonrpc": "2.0", "method": "subscription", "params": {"channel": "book.BTC-22AUG25.none.20.100ms", "data": {"timestamp": 1755685576442, "change_id": 114214157149, "instrument_name": "BTC-22AUG25", "bids": [[113632.5, 10000.0], [113620.0, 3720.0], [113617.5, 5000.0], [113597.5, 13920.0], [113595.0, 46310.0], [113592.5, 160.0], [113590.0, 1120.0], [113587.5, 3720.0], [113585.0, 1060.0], [113582.5, 3530.0], [113580.0, 5360.0], [113577.5, 15880.0], [113575.0, 2000.0], [113570.0, 3530.0], [113567.5, 3000.0], [113565.0, 3010.0], [113562.5, 10000.0], [113560.0, 40.0], [113550.0, 3560.0], [113545.0, 2000.0]], "asks": [[113635.0, 12430.0], [113637.5, 8880.0], [113642.5, 21560.0], [113645.0, 72920.0], [113647.5, 3560.0], [113655.0, 3000.0], [113657.5, 10000.0], [113660.0, 2150.0], [113662.5, 3720.0], [113665.0, 3430.0], [113675.0, 1050.0], [113677.5, 3490.0], [113680.0, 500.0], [113682.5, 1670.0], [113687.5, 4580.0], [113690.0, 22240.0], [113692.5, 10000.0], [113700.0, 1060.0], [113702.5, 3530.0], [113717.5, 8390.0]]}}}
{"jsonrpc": "2.0", "method": "subscription", "params": {"channel": "book.BTC-22AUG25.none.20.100ms", "data": {"timestamp": 1755685576749, "change_id": 114214157726, "instrument_name": "BTC-22AUG25", "bids": [[113632.5, 10000.0], [113620.0, 3720.0], [113617.5, 5000.0], [113597.5, 13920.0], [113595.0, 46310.0], [113592.5, 160.0], [113590.0, 1120.0], [113587.5, 3720.0], [113585.0, 1060.0], [113582.5, 3530.0], [113580.0, 5360.0], [113577.5, 15880.0], [113575.0, 2000.0], [113570.0, 3530.0], [113567.5, 3000.0], [113565.0, 3010.0], [113562.5, 10000.0], [113560.0, 40.0], [113550.0, 3560.0], [113545.0, 2000.0]], "asks": [[113635.0, 12430.0], [113637.5, 8880.0], [113642.5, 21560.0], [113645.0, 75780.0], [113647.5, 3560.0], [113650.0, 10000.0], [113660.0, 2150.0], [113662.5, 3720.0], [113665.0, 3430.0], [113675.0, 1050.0], [113677.5, 3490.0], [113680.0, 500.0], [113682.5, 1670.0], [113687.5, 4580.0], [113690.0, 22240.0], [113692.5, 10000.0], [113700.0, 1060.0], [113702.5, 3530.0], [113717.5, 8390.0], [113720.0, 27950.0]]}}}
{"jsonrpc": "2.0", "method": "subscription", "params": {"channel": "book.BTC-22AUG25.none.20.100ms", "data": {"timestamp": 1755685577817, "change_id": 114214159265, "instrument_name": "BTC-22AUG25", "bids": [[113632.5, 10000.0], [113620.0, 3720.0], [113617.5, 5000.0], [113597.5, 13920.0], [113595.0, 46310.0], [113592.5, 160.0], [113590.0, 1120.0], [113587.5, 3720.0], [113585.0, 1060.0], [113582.5, 3530.0], [113580.0, 5360.0], [113577.5, 15880.0], [113575.0, 2000.0], [113572.5, 1060.0], [113570.0, 3530.0], [113567.5, 3000.0], [113565.0, 3010.0], [113562.5, 10000.0], [113560.0, 40.0], [113550.0, 3560.0]], "asks": [[113635.0, 16150.0], [113637.5, 5160.0], [113642.5, 21560.0], [113645.0, 75780.0], [113647.5, 3560.0], [113650.0, 10000.0], [113660.0, 2020.0], [113662.5, 3720.0], [113665.0, 3430.0], [113675.0, 1050.0], [113677.5, 3490.0], [113680.0, 500.0], [113682.5, 1670.0], [113687.5, 4580.0], [113690.0, 22240.0], [113692.5, 10000.0], [113700.0, 1060.0], [113702.5, 3530.0], [113717.5, 8390.0], [113720.0, 27950.0]]}}}
{"jsonrpc": "2.0", "method": "subscription", "params": {"channel": "book.BTC-22AUG25.none.20.100ms", "data": {"timestamp": 1755685578246, "change_id": 114214160057, "instrument_name": "BTC-22AUG25", "bids": [[113632.5, 10000.0], [113620.0, 3720.0], [113617.5, 5000.0], [113597.5, 13920.0], [113595.0, 46310.0], [113590.0, 1120.0], [113587.5, 3720.0], [113585.0, 1060.0], [113582.5, 3530.0], [113580.0, 5360.0], [113577.5, 16040.0], [113575.0, 2000.0], [113572.5, 1060.0], [113570.0, 3530.0], [113567.5, 3000.0], [113565.0, 3010.0], [113562.5, 10000.0], [113560.0, 40.0], [113550.0, 3560.0], [113545.0, 2000.0]], "asks": [[113635.0, 12430.0], [113637.5, 5160.0], [113642.5, 21560.0], [113645.0, 75780.0], [113647.5, 3560.0], [113650.0, 10000.0], [113660.0, 2020.0], [113662.5, 3720.0], [113665.0, 3430.0], [113675.0, 1050.0], [113677.5, 3490.0], [113680.0, 500.0], [113682.5, 1670.0], [113687.5, 4580.0], [113690.0, 22240.0], [113692.5, 10000.0], [113700.0, 1060.0], [113702.5, 3530.0], [113717.5, 8390.0], [113720.0, 27950.0]]}}}
{"jsonrpc": "2.0", "method": "subscription", "params": {"channel": "book.BTC-22AUG25.none.20.100ms", "data": {"timestamp": 1755685578462, "change_id": 114214160295, "instrument_name": "BTC-22AUG25", "bids": [[113620.0, 3720.0], [113617.5, 5000.0], [113615.0, 10000.0], [113597.5, 13920.0], [113595.0, 46310.0], [113590.0, 1120.0], [113587.5, 3720.0], [113585.0, 1060.0], [113582.5, 3530.0], [113580.0, 5360.0], [113577.5, 16040.0], [113575.0, 2000.0], [113572.5, 1060.0], [113570.0, 3530.0], [113567.5, 3000.0], [113565.0, 3010.0], [113562.5, 10000.0], [113560.0, 40.0], [113550.0, 3560.0], [113545.0, 2000.0]], "asks": [[113622.5, 7730.0], [113625.0, 5800.0], [113627.5, 5000.0], [113632.5, 9150.0], [113635.0, 16050.0], [113637.5, 1450.0], [113640.0, 4300.0], [113642.5, 21560.0], [113645.0, 75780.0], [113647.5, 3560.0], [113650.0, 10000.0], [113660.0, 2020.0], [113662.5, 3720.0], [113665.0, 3430.0], [113675.0, 1050.0], [113677.5, 3490.0], [113680.0, 500.0], [113682.5, 1670.0], [113687.5, 4580.0], [113690.0, 22240.0]]}}}
{"jsonrpc": "2.0", "method": "subscription", "params": {"channel": "book.BTC-22AUG25.none.20.100ms", "data": {"timestamp": 1755685578912, "change_id": 114214160894, "instrument_name": "BTC-22AUG25", "bids": [[113620.0, 3720.0], [113617.5, 5000.0], [113615.0, 10000.0], [113597.5, 13920.0], [113595.0, 46310.0], [113590.0, 1120.0], [113587.5, 3720.0], [113585.0, 1060.0], [113582.5, 3530.0], [113580.0, 5360.0], [113577.5, 16040.0], [113575.0, 2000.0], [113572.5, 1060.0], [113570.0, 4430.0], [113567.5, 3000.0], [113565.0, 3010.0], [113562.5, 10000.0], [113560.0, 40.0], [113550.0, 3560.0], [113545.0, 2000.0]], "asks": [[113622.5, 7730.0], [113625.0, 6900.0], [113627.5, 5000.0], [113630.0, 4300.0], [113632.5, 9150.0], [113635.0, 20350.0], [113637.5, 1450.0], [113640.0, 4300.0], [113642.5, 21560.0], [113645.0, 75780.0], [113647.5, 3560.0], [113650.0, 10000.0], [113660.0, 2020.0], [113662.5, 3720.0], [113665.0, 3430.0], [113675.0, 1050.0], [113677.5, 3490.0], [113680.0, 500.0], [113682.5, 1670.0], [113687.5, 4580.0]]}}}
{"jsonrpc": "2.0", "method": "subscription", "params": {"channel": "book.BTC-22AUG25.none.20.100ms", "data": {"timestamp": 1755685579189, "change_id": 114214161192, "instrument_name": "BTC-22AUG25", "bids": [[113620.0, 4300.0], [113617.5, 5000.0], [113615.0, 10000.0], [113597.5, 13920.0], [113595.0, 46310.0], [113590.0, 1120.0], [113587.5, 3720.0], [113585.0, 1060.0], [113582.5, 3530.0], [113580.0, 5360.0], [113577.5, 16040.0], [113575.0, 2000.0], [113572.5, 1060.0], [113570.0, 4430.0], [113567.5, 3000.0], [113565.0, 3010.0], [113562.5, 10000.0], [113560.0, 40.0], [113550.0, 3560.0], [113545.0, 2000.0]], "asks": [[113622.5, 7730.0], [113625.0, 6900.0], [113627.5, 5000.0], [113630.0, 4300.0], [113632.5, 9150.0], [113635.0, 20350.0], [113637.5, 1450.0], [113640.0, 4300.0], [113642.5, 21560.0], [113645.0, 75780.0], [113647.5, 3560.0], [113650.0, 10000.0], [113660.0, 2020.0], [113662.5, 3720.0], [113665.0, 3430.0], [113675.0, 1050.0], [113677.5, 3490.0], [113680.0, 500.0], [113682.5, 1670.0], [113687.5, 4580.0]]}}}
{"jsonrpc": "2.0", "method": "subscription", "params": {"channel": "book.BTC-22AUG25.none.20.100ms", "data": {"timestamp": 1755685579454, "change_id": 114214161603, "instrument_name": "BTC-22AUG25", "bids": [[113620.0, 4300.0], [113617.5, 8720.0], [113615.0, 10000.0], [113597.5, 13920.0], [113595.0, 46310.0], [113590.0, 1120.0], [113587.5, 3720.0], [113585.0, 1060.0], [113582.5, 3530.0], [113580.0, 5360.0], [113577.5, 16040.0], [113575.0, 2000.0], [113572.5, 1060.0], [113570.0, 4430.0], [113567.5, 3000.0], [113565.0, 3010.0], [113562.5, 10000.0], [113560.0, 40.0], [113550.0, 3560.0], [113545.0, 2000.0]], "asks": [[113622.5, 7730.0], [113625.0, 6900.0], [113627.5, 5000.0], [113630.0, 11700.0], [113632.5, 8020.0], [113635.0, 16630.0], [113637.5, 1450.0], [113640.0, 4300.0], [113642.5, 21560.0], [113645.0, 75780.0], [113647.5, 3560.0], [113650.0, 10000.0], [113660.0, 2020.0], [113662.5, 3720.0], [113665.0, 3430.0], [113675.0, 1050.0], [113677.5, 3490.0], [113680.0, 500.0], [113682.5, 1670.0], [113687.5, 4580.0]]}}}
{"jsonrpc": "2.0", "method": "subscription", "params": {"channel": "book.BTC-22AUG25.none.20.100ms", "data": {"timestamp": 1755685579610, "change_id": 114214161812, "instrument_name": "BTC-22AUG25", "bids": [[113620.0, 4300.0], [113617.5, 13020.0], [113615.0, 10000.0], [113600.0, 4300.0], [113597.5, 13920.0], [113595.0, 46310.0], [113590.0, 1120.0], [113587.5, 3720.0], [113585.0, 1060.0], [113582.5, 3530.0], [113580.0, 5360.0], [113577.5, 16040.0], [113575.0, 2000.0], [113572.5, 1060.0], [113570.0, 4430.0], [113567.5, 3000.0], [113565.0, 3010.0], [113562.5, 10000.0], [113560.0, 40.0], [113550.0, 3560.0]], "asks": [[113622.5, 7730.0], [113625.0, 6900.0], [113627.5, 5000.0], [113630.0, 11700.0], [113632.5, 8020.0], [113635.0, 16630.0], [113637.5, 1450.0], [113640.0, 4300.0], [113642.5, 21560.0], [113645.0, 75780.0], [113647.5, 3560.0], [113650.0, 10000.0], [113660.0, 2020.0], [113662.5, 3720.0], [113665.0, 3430.0], [113675.0, 1050.0], [113677.5, 3490.0], [113680.0, 500.0], [113682.5, 1670.0], [113687.5, 4580.0]]}}}
{"jsonrpc": "2.0", "method": "subscription", "params": {"channel": "book.BTC-22AUG25.none.20.100ms", "data": {"timestamp": 1755685580474, "change_id": 114214162890, "instrument_name": "BTC-22AUG25", "bids": [[113620.0, 4300.0], [113617.5, 13020.0], [113615.0, 10000.0], [113600.0, 4300.0], [113597.5, 13920.0], [113595.0, 46310.0], [113590.0, 1120.0], [113587.5, 3720.0], [113585.0, 1060.0], [113582.5, 3530.0], [113580.0, 5360.0], [113577.5, 16040.0], [113575.0, 2000.0], [113572.5, 1060.0], [113570.0, 4430.0], [113567.5, 3000.0], [113565.0, 3010.0], [113562.5, 10000.0], [113560.0, 40.0], [113552.5, 1070.0]], "asks": [[113622.5, 7730.0], [113625.0, 6900.0], [113627.5, 5000.0], [113630.0, 11700.0], [113632.5, 8020.0], [113635.0, 16630.0], [113637.5, 1450.0], [113640.0, 4300.0], [113642.5, 21560.0], [113645.0, 75780.0], [113647.5, 3560.0], [113650.0, 10000.0], [113660.0, 2020.0], [113662.5, 3720.0], [113665.0, 3430.0], [113675.0, 1050.0], [113677.5, 3490.0], [113680.0, 500.0], [113682.5, 1670.0], [113687.5, 4580.0]]}}}
{"jsonrpc": "2.0", "method": "subscription", "params": {"channel": "book.BTC-22AUG25.none.20.100ms", "data": {"timestamp": 1755685580888, "change_id": 114214163366, "instrument_name": "BTC-22AUG25", "bids": [[113620.0, 4300.0], [113617.5, 13020.0], [113615.0, 10000.0], [113600.0, 4300.0], [113597.5, 18220.0], [113595.0, 46310.0], [113590.0, 1120.0], [113587.5, 3720.0], [113585.0, 1060.0], [113582.5, 3530.0], [113580.0, 5360.0], [113577.5, 16040.0], [113575.0, 2000.0], [113572.5, 1060.0], [113570.0, 4430.0], [113567.5, 3000.0], [113565.0, 3010.0], [113562.5, 10000.0], [113560.0, 40.0], [113552.5, 1070.0]], "asks": [[113622.5, 7730.0], [113625.0, 6900.0], [113627.5, 5000.0], [113630.0, 11700.0], [113632.5, 8020.0], [113635.0, 16630.0], [113637.5, 1450.0], [113640.0, 4300.0], [113642.5, 21560.0], [113645.0, 75780.0], [113647.5, 3560.0], [113650.0, 10000.0], [113660.0, 2020.0], [113662.5, 3720.0], [113665.0, 3430.0], [113675.0, 1050.0], [113677.5, 3490.0], [113680.0, 500.0], [113682.5, 1670.0], [113687.5, 4580.0]]}}}
{"jsonrpc": "2.0", "method": "subscription", "params": {"channel": "book.BTC-22AUG25.none.20.100ms", "data": {"timestamp": 1755685581210, "change_id": 114214163845, "instrument_name": "BTC-22AUG25", "bids": [[113622.5, 14300.0], [113620.0, 4300.0], [113617.5, 13020.0], [113605.0, 4300.0], [113602.5, 1290.0], [113600.0, 4300.0], [113597.5, 18220.0], [113595.0, 46310.0], [113590.0, 1120.0], [113587.5, 3720.0], [113585.0, 1060.0], [113582.5, 3530.0], [113580.0, 5360.0], [113577.5, 16040.0], [113575.0, 2000.0], [113572.5, 1060.0], [113570.0, 4430.0], [113567.5, 3000.0], [113565.0, 3010.0], [113562.5, 10000.0]], "asks": [[113625.0, 1500.0], [113627.5, 5000.0], [113630.0, 11700.0], [113632.5, 4300.0], [113635.0, 20350.0], [113637.5, 1450.0], [113640.0, 4300.0], [113642.5, 21560.0], [113645.0, 75780.0], [113647.5, 3560.0], [113650.0, 10000.0], [113660.0, 1030.0], [113662.5, 3720.0], [113665.0, 3430.0], [113675.0, 1050.0], [113677.5, 3490.0], [113680.0, 500.0], [113682.5, 1670.0], [113687.5, 4580.0], [113690.0, 22240.0]]}}}
{"jsonrpc": "2.0", "method": "subscription", "params": {"channel": "book.BTC-22AUG25.none.20.100ms", "data": {"timestamp": 1755685581481, "change_id": 114214164139, "instrument_name": "BTC-22AUG25", "bids": [[113622.5, 14300.0], [113620.0, 4300.0], [113617.5, 13020.0], [113605.0, 4300.0], [113602.5, 1290.0], [113600.0, 4300.0], [113597.5, 18220.0], [113595.0, 46310.0], [113590.0, 1280.0], [113587.5, 3720.0], [113585.0, 1060.0], [113582.5, 3530.0], [113580.0, 5360.0], [113577.5, 15880.0], [113575.0, 2000.0], [113572.5, 1060.0], [113570.0, 4430.0], [113567.5, 3000.0], [113565.0, 3010.0], [113562.5, 10000.0]], "asks": [[113625.0, 1500.0], [113627.5, 5000.0], [113630.0, 11700.0], [113632.5, 4300.0], [113635.0, 20350.0], [113637.5, 1450.0], [113640.0, 4300.0], [113642.5, 21560.0], [113645.0, 72920.0], [113647.5, 3560.0], [113660.0, 11030.0], [113662.5, 3720.0], [113665.0, 3430.0], [113675.0, 1050.0], [113677.5, 3490.0], [113680.0, 500.0], [113682.5, 1670.0], [113687.5, 4580.0], [113690.0, 22240.0], [113692.5, 10000.0]]}}}
{"jsonrpc": "2.0", "method": "subscription", "params": {"channel": "book.BTC-22AUG25.none.20.100ms", "data": {"timestamp": 1755685581586, "change_id": 114214164258, "instrument_name": "BTC-22AUG25", "bids": [[113622.5, 14300.0], [113620.0, 4300.0], [113617.5, 8720.0], [113605.0, 4300.0], [113602.5, 1290.0], [113600.0, 4300.0], [113597.5, 18220.0], [113595.0, 46310.0], [113590.0, 1280.0], [113587.5, 3720.0], [113585.0, 1060.0], [113582.5, 3530.0], [113580.0, 5360.0], [113577.5, 15880.0], [113575.0, 2000.0], [113572.5, 1060.0], [113570.0, 4430.0], [113567.5, 3000.0], [113565.0, 3010.0], [113562.5, 10000.0]], "asks": [[113625.0, 1500.0], [113627.5, 5000.0], [113630.0, 7400.0], [113632.5, 4300.0], [113635.0, 20350.0], [113637.5, 1450.0], [113640.0, 4300.0], [113642.5, 21560.0], [113645.0, 72920.0], [113647.5, 3560.0], [113660.0, 11030.0], [113662.5, 3720.0], [113665.0, 3430.0], [113675.0, 1050.0], [113677.5, 3490.0], [113680.0, 500.0], [113682.5, 1670.0], [113687.5, 4580.0], [113690.0, 22240.0], [113692.5, 10000.0]]}}}
{"jsonrpc": "2.0", "method": "subscription", "params": {"channel": "book.BTC-22AUG25.none.20.100ms", "data": {"timestamp": 1755685582214, "change_id": 114214165066, "instrument_name": "BTC-22AUG25", "bids": [[113622.5, 14300.0], [113620.0, 4300.0], [113617.5, 8720.0], [113605.0, 4300.0], [113602.5, 1290.0], [113600.0, 4300.0], [113597.5, 18220.0], [113595.0, 46310.0], [113590.0, 1280.0], [113587.5, 3720.0], [113585.0, 1060.0], [113582.5, 3530.0], [113580.0, 5360.0], [113577.5, 15880.0], [113575.0, 2000.0], [113572.5, 1060.0], [113570.0, 4430.0], [113567.5, 3000.0], [113565.0, 3010.0], [113562.5, 10000.0]], "asks": [[113625.0, 1500.0], [113627.5, 5000.0], [113630.0, 7400.0], [113632.5, 4300.0], [113635.0, 16630.0], [113637.5, 1450.0], [113640.0, 4300.0], [113642.5, 21560.0], [113645.0, 72920.0], [113647.5, 3560.0], [113660.0, 11030.0], [113665.0, 3430.0], [113675.0, 1050.0], [113677.5, 3490.0], [113680.0, 500.0], [113682.5, 1670.0], [113687.5, 4580.0], [113690.0, 22240.0], [113692.5, 10000.0], [113700.0, 1060.0]]}}}
{"jsonrpc": "2.0", "method": "subscription", "params": {"channel": "book.BTC-22AUG25.none.20.100ms", "data": {"timestamp": 1755685582492, "change_id": 114214165271, "instrument_name": "BTC-22AUG25", "bids": [[113622.5, 14300.0], [113620.0, 4300.0], [113617.5, 8720.0], [113605.0, 4300.0], [113602.5, 1290.0], [113600.0, 4300.0], [113597.5, 18220.0], [113595.0, 46310.0], [113590.0, 1280.0], [113587.5, 3720.0], [113585.0, 1060.0], [113582.5, 3530.0], [113580.0, 5360.0], [113577.5, 15880.0], [113575.0, 2000.0], [113572.5, 1060.0], [113570.0, 4430.0], [113567.5, 3000.0], [113565.0, 3010.0], [113562.5, 10000.0]], "asks": [[113625.0, 1500.0], [113627.5, 5000.0], [113630.0, 7400.0], [113632.5, 4300.0], [113635.0, 19080.0], [113637.5, 3880.0], [113640.0, 4300.0], [113642.5, 21560.0], [113645.0, 72920.0], [113647.5, 3560.0], [113660.0, 11030.0], [113662.5, 3720.0], [113665.0, 3430.0], [113675.0, 1050.0], [113677.5, 3490.0], [113680.0, 500.0], [113682.5, 1670.0], [113687.5, 4580.0], [113690.0, 22240.0], [113692.5, 10000.0]]}}}
{"jsonrpc": "2.0", "method": "subscription", "params": {"channel": "book.BTC-22AUG25.none.20.100ms", "data": {"timestamp": 1755685582668, "change_id": 114214165422, "instrument_name": "BTC-22AUG25", "bids": [[113622.5, 10000.0], [113620.0, 4300.0], [113617.5, 8720.0], [113605.0, 4300.0], [113602.5, 1290.0], [113600.0, 4300.0], [113597.5, 18220.0], [113595.0, 46310.0], [113590.0, 1280.0], [113587.5, 3720.0], [113585.0, 1060.0], [113582.5, 3530.0], [113580.0, 5360.0], [113577.5, 15880.0], [113575.0, 2000.0], [113572.5, 1060.0], [113570.0, 4430.0], [113567.5, 3000.0], [113565.0, 3010.0], [113562.5, 10000.0]], "asks": [[113625.0, 3430.0], [113627.5, 5000.0], [113630.0, 5250.0], [113632.5, 4300.0], [113635.0, 15650.0], [113637.5, 3880.0], [113640.0, 4300.0], [113642.5, 21560.0], [113645.0, 72920.0], [113647.5, 3560.0], [113657.5, 3000.0], [113660.0, 11030.0], [113662.5, 3720.0], [113665.0, 3430.0], [113675.0, 1050.0], [113677.5, 3490.0], [113680.0, 500.0], [113682.5, 1670.0], [113687.5, 4580.0], [113690.0, 22240.0]]}}}
{"jsonrpc": "2.0", "method": "subscription", "params": {"channel": "book.BTC-22AUG25.none.20.100ms", "data": {"timestamp": 1755685583597, "change_id": 114214166600, "instrument_name": "BTC-22AUG25", "bids": [[113622.5, 14300.0], [113620.0, 4300.0], [113617.5, 8720.0], [113605.0, 4300.0], [113602.5, 1290.0], [113600.0, 4300.0], [113597.5, 18220.0], [113595.0, 46310.0], [113590.0, 1280.0], [113587.5, 3720.0], [113585.0, 1060.0], [113582.5, 3530.0], [113580.0, 5360.0], [113577.5, 15880.0], [113575.0, 2000.0], [113572.5, 1060.0], [113570.0, 4430.0], [113567.5, 3000.0], [113565.0, 3010.0], [113562.5, 10000.0]], "asks": [[113625.0, 3860.0], [113627.5, 5000.0], [113630.0, 5250.0], [113632.5, 4300.0], [113635.0, 15650.0], [113637.5, 3880.0], [113640.0, 4300.0], [113642.5, 21560.0], [113645.0, 72920.0], [113647.5, 3560.0], [113657.5, 3000.0], [113660.0, 12020.0], [113662.5, 3720.0], [113665.0, 3430.0], [113675.0, 1050.0], [113677.5, 3490.0], [113680.0, 500.0], [113682.5, 1670.0], [113687.5, 4580.0], [113690.0, 22240.0]]}}}
{"jsonrpc": "2.0", "method": "subscription", "params": {"channel": "book.BTC-22AUG25.none.20.100ms", "data": {"timestamp": 1755685585543, "change_id": 114214168634, "instrument_name": "BTC-22AUG25", "bids": [[113622.5, 10000.0], [113620.0, 4300.0], [113617.5, 8720.0], [113605.0, 4300.0], [113602.5, 1290.0], [113600.0, 4300.0], [113597.5, 18220.0], [113595.0, 46310.0], [113590.0, 1280.0], [113587.5, 3720.0], [113585.0, 1060.0], [113582.5, 3530.0], [113580.0, 5360.0], [113577.5, 15880.0], [113575.0, 2000.0], [113572.5, 1060.0], [113570.0, 4430.0], [113567.5, 3000.0], [113565.0, 3010.0], [113562.5, 10000.0]], "asks": [[113625.0, 3430.0], [113627.5, 5000.0], [113630.0, 5250.0], [113632.5, 4300.0], [113635.0, 15650.0], [113637.5, 3880.0], [113640.0, 4300.0], [113642.5, 21560.0], [113645.0, 72920.0], [113647.5, 3560.0], [113657.5, 3000.0], [113660.0, 12020.0], [113662.5, 3720.0], [113665.0, 3430.0], [113675.0, 1050.0], [113677.5, 3490.0], [113680.0, 500.0], [113682.5, 1670.0], [113687.5, 4580.0], [113690.0, 22240.0]]}}}
{"jsonrpc": "2.0", "method": "subscription", "params": {"channel": "book.BTC-22AUG25.none.20.100ms", "data": {"timestamp": 1755685586195, "change_id": 114214169489, "instrument_name": "BTC-22AUG25", "bids": [[113622.5, 10000.0], [113620.0, 4300.0], [113617.5, 5000.0], [113615.0, 3720.0], [113605.0, 4300.0], [113600.0, 4300.0], [113597.5, 18220.0], [113595.0, 46310.0], [113590.0, 1280.0], [113587.5, 3720.0], [113585.0, 1060.0], [113582.5, 3530.0], [113580.0, 5360.0], [113577.5, 15880.0], [113575.0, 2000.0], [113572.5, 1060.0], [113570.0, 4430.0], [113567.5, 3000.0], [113565.0, 3010.0], [113562.5, 10000.0]], "asks": [[113625.0, 4380.0], [113627.5, 5000.0], [113630.0, 8970.0], [113632.5, 4300.0], [113635.0, 14540.0], [113637.5, 160.0], [113640.0, 4300.0], [113642.5, 21560.0], [113645.0, 72920.0], [113647.5, 3560.0], [113657.5, 3000.0], [113660.0, 12020.0], [113662.5, 3720.0], [113665.0, 3430.0], [113675.0, 1050.0], [113677.5, 3490.0], [113680.0, 500.0], [113682.5, 1670.0], [113687.5, 4580.0], [113690.0, 22240.0]]}}}
{"jsonrpc": "2.0", "method": "subscription", "params": {"channel": "book.BTC-22AUG25.none.20.100ms", "data": {"timestamp": 1755685586518, "change_id": 114214169887, "instrument_name": "BTC-22AUG25", "bids": [[113622.5, 13660.0], [113620.0, 4300.0], [113617.5, 5000.0], [113605.0, 4300.0], [113600.0, 7960.0], [113597.5, 18220.0], [113595.0, 46310.0], [113590.0, 160.0], [113585.0, 1060.0], [113582.5, 3530.0], [113580.0, 5360.0], [113577.5, 15880.0], [113575.0, 5660.0], [113572.5, 1060.0], [113570.0, 4430.0], [113567.5, 3000.0], [113565.0, 3010.0], [113562.5, 10000.0], [113560.0, 40.0], [113552.5, 1070.0]], "asks": [[113625.0, 8040.0], [113627.5, 5000.0], [113630.0, 5250.0], [113632.5, 4300.0], [113635.0, 14540.0], [113637.5, 160.0], [113640.0, 4300.0], [113642.5, 21560.0], [113645.0, 72920.0], [113647.5, 3560.0], [113650.0, 6660.0], [113652.5, 10000.0], [113660.0, 1030.0], [113665.0, 3430.0], [113672.5, 1100.0], [113675.0, 4710.0], [113677.5, 3490.0], [113680.0, 500.0], [113682.5, 1670.0], [113687.5, 4580.0]]}}}
{"jsonrpc": "2.0", "method": "subscription", "params": {"channel": "book.BTC-22AUG25.none.20.100ms", "data": {"timestamp": 1755685586531, "change_id": 114214169891, "instrument_name": "BTC-22AUG25", "bids": [[113622.5, 17960.0], [113620.0, 4300.0], [113617.5, 5000.0], [113602.5, 4300.0], [113600.0, 7960.0], [113597.5, 18220.0], [113595.0, 46310.0], [113590.0, 160.0], [113585.0, 1060.0], [113582.5, 3530.0], [113580.0, 5360.0], [113577.5, 15880.0], [113575.0, 5660.0], [113572.5, 1060.0], [113570.0, 4430.0], [113567.5, 3000.0], [113565.0, 3010.0], [113562.5, 10000.0], [113560.0, 40.0], [113552.5, 1070.0]], "asks": [[113625.0, 8040.0], [113627.5, 5000.0], [113630.0, 5250.0], [113632.5, 4300.0], [113635.0, 14540.0], [113637.5, 160.0], [113640.0, 4300.0], [113642.5, 21560.0], [113645.0, 72920.0], [113647.5, 3560.0], [113650.0, 6660.0], [113652.5, 10000.0], [113660.0, 1030.0], [113665.0, 3430.0], [113672.5, 1100.0], [113675.0, 4710.0], [113677.5, 3490.0], [113680.0, 500.0], [113682.5, 1670.0], [113687.5, 4580.0]]}}}
{"jsonrpc": "2.0", "method": "subscription", "params": {"channel": "book.BTC-22AUG25.none.20.100ms", "data": {"timestamp": 1755685588508, "change_id": 114214172048, "instrument_name": "BTC-22AUG25", "bids": [[113622.5, 13660.0], [113620.0, 4300.0], [113617.5, 5000.0], [113602.5, 4300.0], [113600.0, 7960.0], [113597.5, 18220.0], [113595.0, 46310.0], [113590.0, 160.0], [113585.0, 1060.0], [113582.5, 3530.0], [113580.0, 5360.0], [113577.5, 15880.0], [113575.0, 5660.0], [113572.5, 1060.0], [113570.0, 4430.0], [113567.5, 3000.0], [113565.0, 3010.0], [113562.5, 10000.0], [113560.0, 40.0], [113552.5, 1070.0]], "asks": [[113625.0, 8040.0], [113627.5, 5000.0], [113630.0, 5250.0], [113632.5, 4300.0], [113635.0, 14540.0], [113637.5, 160.0], [113640.0, 4300.0], [113642.5, 21560.0], [113645.0, 72920.0], [113647.5, 3560.0], [113650.0, 6660.0], [113652.5, 10000.0], [113660.0, 1030.0], [113665.0, 3430.0], [113672.5, 1100.0], [113675.0, 4710.0], [113677.5, 3490.0], [113680.0, 500.0], [113682.5, 1670.0], [113687.5, 4580.0]]}}}
{"jsonrpc": "2.0", "method": "subscription", "params": {"channel": "book.BTC-22AUG25.none.20.100ms", "data": {"timestamp": 1755685588813, "change_id": 114214172412, "instrument_name": "BTC-22AUG25", "bids": [[113622.5, 10000.0], [113602.5, 4300.0], [113600.0, 4300.0], [113597.5, 7300.0], [113595.0, 46310.0], [113585.0, 1060.0], [113582.5, 3530.0], [113580.0, 5360.0], [113577.5, 15880.0], [113575.0, 5660.0], [113572.5, 1220.0], [113570.0, 4430.0], [113567.5, 3000.0], [113565.0, 3010.0], [113562.5, 10000.0], [113560.0, 40.0], [113552.5, 1070.0], [113550.0, 3560.0], [113547.5, 600.0], [113545.0, 2000.0]], "asks": [[113625.0, 8040.0], [113627.5, 5000.0], [113630.0, 5250.0], [113632.5, 4300.0], [113635.0, 14540.0], [113637.5, 160.0], [113640.0, 4300.0], [113642.5, 21560.0], [113645.0, 73880.0], [113647.5, 3560.0], [113650.0, 6660.0], [113652.5, 10000.0], [113660.0, 1030.0], [113665.0, 3430.0], [113672.5, 1100.0], [113675.0, 4710.0], [113677.5, 3490.0], [113680.0, 500.0], [113682.5, 1670.0], [113687.5, 4580.0]]}}}
{"jsonrpc": "2.0", "method": "subscription", "params": {"channel": "book.BTC-22AUG25.none.20.100ms", "data": {"timestamp": 1755685589166, "change_id": 114214173946, "instrument_name": "BTC-22AUG25", "bids": [[113600.0, 4300.0], [113597.5, 7300.0], [113595.0, 2000.0], [113582.5, 3530.0], [113575.0, 5660.0], [113570.0, 3530.0], [113567.5, 3000.0], [113560.0, 40.0], [113550.0, 7220.0], [113545.0, 2000.0], [113537.5, 6470.0], [113535.0, 10000.0], [113532.5, 16410.0], [113527.5, 160.0], [113525.0, 3490.0], [113522.5, 44410.0], [113515.0, 2000.0], [113512.5, 3470.0], [113500.0, 14860.0], [113487.5, 12820.0]], "asks": [[113610.0, 3410.0], [113625.0, 160.0], [113627.5, 3410.0], [113632.5, 4300.0], [113635.0, 13200.0], [113645.0, 81850.0], [113647.5, 3560.0], [113650.0, 3660.0], [113665.0, 3430.0], [113667.5, 10000.0], [113675.0, 3660.0], [113677.5, 3490.0], [113682.5, 1670.0], [113690.0, 19240.0], [113702.5, 3530.0], [113720.0, 27950.0], [113732.5, 3480.0], [113742.5, 40.0], [113745.0, 3530.0], [113757.5, 23530.0]]}}}
{"jsonrpc": "2.0", "method": "subscription", "params": {"channel": "book.BTC-22AUG25.none.20.100ms", "data": {"timestamp": 1755685589499, "change_id": 114214174984, "instrument_name": "BTC-22AUG25", "bids": [[113600.0, 14300.0], [113597.5, 4300.0], [113595.0, 2000.0], [113587.5, 4300.0], [113585.0, 3000.0], [113577.5, 4300.0], [113575.0, 3660.0], [113572.5, 1060.0], [113570.0, 3530.0], [113560.0, 2040.0], [113555.0, 3000.0], [113550.0, 7220.0], [113540.0, 160.0], [113537.5, 3470.0], [113535.0, 10000.0], [113532.5, 16410.0], [113530.0, 2000.0], [113525.0, 6490.0], [113522.5, 44410.0], [113512.5, 3470.0]], "asks": [[113602.5, 7070.0], [113612.5, 160.0], [113625.0, 3660.0], [113627.5, 3410.0], [113630.0, 3960.0], [113632.5, 4300.0], [113635.0, 8900.0], [113637.5, 10000.0], [113647.5, 3560.0], [113650.0, 3660.0], [113665.0, 3430.0], [113667.5, 10000.0], [113677.5, 3490.0], [113682.5, 1670.0], [113690.0, 19240.0], [113702.5, 3530.0], [113720.0, 27950.0], [113732.5, 3480.0], [113742.5, 40.0], [113745.0, 3530.0]]}}}
{"jsonrpc": "2.0", "method": "subscription", "params": {"channel": "book.BTC-22AUG25.none.20.100ms", "data": {"timestamp": 1755685589741, "change_id": 114214175363, "instrument_name": "BTC-22AUG25", "bids": [[113600.0, 17960.0], [113597.5, 4300.0], [113595.0, 2000.0], [113587.5, 4300.0], [113585.0, 3000.0], [113577.5, 4300.0], [113575.0, 3660.0], [113572.5, 1060.0], [113570.0, 3530.0], [113562.5, 610.0], [113560.0, 2040.0], [113557.5, 900.0], [113555.0, 3000.0], [113552.5, 2330.0], [113550.0, 7220.0], [113540.0, 4040.0], [113537.5, 3470.0], [113535.0, 15520.0], [113532.5, 16410.0], [113530.0, 2000.0]], "asks": [[113602.5, 7070.0], [113612.5, 160.0], [113625.0, 132540.0], [113627.5, 3410.0], [113630.0, 13960.0], [113632.5, 4300.0], [113635.0, 8900.0], [113645.0, 2170.0], [113647.5, 3560.0], [113650.0, 3660.0], [113662.5, 1030.0], [113665.0, 6430.0], [113667.5, 10000.0], [113675.0, 1050.0], [113677.5, 3490.0], [113680.0, 500.0], [113682.5, 1670.0], [113687.5, 5770.0], [113690.0, 19240.0], [113700.0, 1060.0]]}}}
{"jsonrpc": "2.0", "method": "subscription", "params": {"channel": "book.BTC-22AUG25.none.20.100ms", "data": {"timestamp": 1755685590150, "change_id": 114214176251, "instrument_name": "BTC-22AUG25", "bids": [[113600.0, 17960.0], [113597.5, 4300.0], [113595.0, 2000.0], [113587.5, 4300.0], [113585.0, 3000.0], [113582.5, 5000.0], [113577.5, 4300.0], [113575.0, 3660.0], [113572.5, 1060.0], [113570.0, 3530.0], [113562.5, 610.0], [113560.0, 2040.0], [113557.5, 900.0], [113555.0, 3000.0], [113552.5, 2330.0], [113550.0, 7220.0], [113540.0, 4040.0], [113537.5, 3470.0], [113535.0, 15520.0], [113532.5, 16410.0]], "asks": [[113602.5, 12070.0], [113612.5, 160.0], [113622.5, 38060.0], [113625.0, 132540.0], [113627.5, 3410.0], [113630.0, 13960.0], [113632.5, 4300.0], [113635.0, 8900.0], [113645.0, 2170.0], [113647.5, 3560.0], [113650.0, 3660.0], [113662.5, 1030.0], [113665.0, 6430.0], [113667.5, 10000.0], [113675.0, 1050.0], [113677.5, 3490.0], [113680.0, 500.0], [113682.5, 1670.0], [113687.5, 5770.0], [113690.0, 19240.0]]}}}
{"jsonrpc": "2.0", "method": "subscription", "params": {"channel": "book.BTC-22AUG25.none.20.100ms", "data": {"timestamp": 1755685590489, "change_id": 114214176700, "instrument_name": "BTC-22AUG25", "bids": [[113600.0, 10000.0], [113597.5, 4300.0], [113595.0, 5720.0], [113587.5, 4300.0], [113585.0, 7300.0], [113582.5, 5000.0], [113572.5, 1060.0], [113570.0, 3530.0], [113562.5, 610.0], [113560.0, 2040.0], [113557.5, 900.0], [113555.0, 3000.0], [113552.5, 2210.0], [113550.0, 7280.0], [113540.0, 4040.0], [113537.5, 3470.0], [113535.0, 15520.0], [113532.5, 16410.0], [113530.0, 2000.0], [113527.5, 1950.0]], "asks": [[113602.5, 8410.0], [113610.0, 2040.0], [113612.5, 3880.0], [113615.0, 3410.0], [113622.5, 38060.0], [113625.0, 128880.0], [113627.5, 3410.0], [113630.0, 10000.0], [113635.0, 8900.0], [113645.0, 1070.0], [113647.5, 3560.0], [113660.0, 2150.0], [113662.5, 3720.0], [113665.0, 6430.0], [113667.5, 10000.0], [113675.0, 1050.0], [113677.5, 3490.0], [113680.0, 500.0], [113682.5, 1670.0], [113687.5, 5770.0]]}}}
{"jsonrpc": "2.0", "method": "subscription", "params": {"channel": "book.BTC-22AUG25.none.20.100ms", "data": {"timestamp": 1755685590588, "change_id": 114214176772, "instrument_name": "BTC-22AUG25", "bids": [[113600.0, 10000.0], [113597.5, 4300.0], [113595.0, 5720.0], [113587.5, 4300.0], [113585.0, 7300.0], [113582.5, 5000.0], [113572.5, 1060.0], [113570.0, 3530.0], [113562.5, 610.0], [113560.0, 2040.0], [113557.5, 900.0], [113555.0, 3000.0], [113552.5, 2210.0], [113550.0, 7280.0], [113540.0, 4040.0], [113537.5, 3470.0], [113535.0, 15520.0], [113532.5, 16410.0], [113530.0, 2000.0], [113527.5, 1950.0]], "asks": [[113602.5, 8410.0], [113610.0, 2040.0], [113612.5, 3880.0], [113615.0, 3410.0], [113622.5, 38060.0], [113625.0, 128880.0], [113627.5, 3410.0], [113630.0, 10000.0], [113635.0, 8900.0], [113645.0, 1070.0], [113647.5, 3560.0], [113660.0, 2150.0], [113662.5, 3720.0], [113665.0, 6430.0], [113667.5, 10000.0], [113675.0, 1050.0], [113677.5, 3490.0], [113680.0, 500.0], [113682.5, 1670.0], [113687.5, 5770.0]]}}}
{"jsonrpc": "2.0", "method": "subscription", "params": {"channel": "book.BTC-22AUG25.none.20.100ms", "data": {"timestamp": 1755685591076, "change_id": 114214177582, "instrument_name": "BTC-22AUG25", "bids": [[113600.0, 10000.0], [113597.5, 4300.0], [113595.0, 2000.0], [113587.5, 4300.0], [113585.0, 7300.0], [113582.5, 5000.0], [113572.5, 1060.0], [113570.0, 3530.0], [113562.5, 610.0], [113560.0, 2040.0], [113557.5, 900.0], [113555.0, 3000.0], [113552.5, 2210.0], [113550.0, 7280.0], [113540.0, 4040.0], [113537.5, 3470.0], [113535.0, 15520.0], [113532.5, 16410.0], [113530.0, 2000.0], [113527.5, 1950.0]], "asks": [[113602.5, 8410.0], [113610.0, 2040.0], [113612.5, 3880.0], [113615.0, 3410.0], [113622.5, 38060.0], [113625.0, 128880.0], [113627.5, 3410.0], [113630.0, 10000.0], [113635.0, 8900.0], [113645.0, 1070.0], [113647.5, 3560.0], [113660.0, 2150.0], [113662.5, 3720.0], [113665.0, 6430.0], [113667.5, 10000.0], [113675.0, 1050.0], [113677.5, 3490.0], [113680.0, 500.0], [113682.5, 1670.0], [113687.5, 5770.0]]}}}
{"jsonrpc": "2.0", "method": "subscription", "params": {"channel": "book.BTC-22AUG25.none.20.100ms", "data": {"timestamp": 1755685591475, "change_id": 114214178241, "instrument_name": "BTC-22AUG25", "bids": [[113590.0, 14300.0], [113587.5, 4300.0], [113585.0, 11020.0], [113582.5, 5000.0], [113572.5, 4300.0], [113570.0, 7830.0], [113567.5, 2000.0], [113562.5, 610.0], [113560.0, 2040.0], [113557.5, 900.0], [113555.0, 3000.0], [113552.5, 2210.0], [113550.0, 7280.0], [113540.0, 3740.0], [113537.5, 3470.0], [113535.0, 10600.0], [113530.0, 2000.0], [113527.5, 1950.0], [113525.0, 19810.0], [113522.5, 44410.0]], "asks": [[113592.5, 2260.0], [113595.0, 5000.0], [113600.0, 930.0], [113605.0, 3720.0], [113612.5, 1180.0], [113615.0, 3410.0], [113622.5, 48060.0], [113625.0, 131580.0], [113627.5, 3410.0], [113635.0, 8900.0], [113645.0, 1070.0], [113647.5, 3560.0], [113662.5, 1030.0], [113665.0, 6430.0], [113667.5, 10000.0], [113675.0, 1050.0], [113677.5, 3490.0], [113680.0, 500.0], [113682.5, 1670.0], [113687.5, 5770.0]]}}}
{"jsonrpc": "2.0", "method": "subscription", "params": {"channel": "book.BTC-22AUG25.none.20.100ms", "data": {"timestamp": 1755685591771, "change_id": 114214178597, "instrument_name": "BTC-22AUG25", "bids": [[113590.0, 14300.0], [113587.5, 4300.0], [113585.0, 11020.0], [113575.0, 5000.0], [113572.5, 4300.0], [113570.0, 7830.0], [113567.5, 2000.0], [113562.5, 610.0], [113560.0, 2040.0], [113557.5, 900.0], [113555.0, 3000.0], [113552.5, 2210.0], [113550.0, 7280.0], [113540.0, 3740.0], [113537.5, 3470.0], [113535.0, 10600.0], [113530.0, 2000.0], [113527.5, 1950.0], [113525.0, 19810.0], [113522.5, 44410.0]], "asks": [[113592.5, 2260.0], [113595.0, 5000.0], [113600.0, 930.0], [113605.0, 3720.0], [113612.5, 1180.0], [113615.0, 3410.0], [113622.5, 48060.0], [113625.0, 131580.0], [113627.5, 3410.0], [113635.0, 8900.0], [113645.0, 1070.0], [113647.5, 3560.0], [113662.5, 1030.0], [113665.0, 6430.0], [113667.5, 10000.0], [113675.0, 1050.0], [113677.5, 3490.0], [113680.0, 500.0], [113682.5, 1670.0], [113687.5, 5770.0]]}}}
