{"jsonrpc": "2.0", "method": "subscription", "params": {"channel": "book.BTC-13JUN25.none.20.100ms", "data": {"timestamp": 1749155362441, "change_id": 103899099397, "instrument_name": "BTC-13JUN25", "bids": [[101697.5, 5080.0], [101687.5, 7500.0], [101685.0, 20000.0], [101677.5, 3110.0], [101675.0, 9520.0], [101672.5, 5700.0], [101670.0, 12570.0], [101662.5, 15000.0], [101660.0, 50000.0], [101657.5, 2300.0], [101655.0, 10680.0], [101652.5, 10000.0], [101647.5, 600.0], [101645.0, 2000.0], [101632.5, 2300.0], [101630.0, 7680.0], [101625.0, 780.0], [101622.5, 2590.0], [101620.0, 2270.0], [101617.5, 7560.0]], "asks": [[101702.5, 12570.0], [101707.5, 2250.0], [101710.0, 7500.0], [101717.5, 3000.0], [101720.0, 10000.0], [101722.5, 2300.0], [101725.0, 7680.0], [101727.5, 7910.0], [101730.0, 26370.0], [101750.0, 2220.0], [101752.5, 7410.0], [101760.0, 3790.0], [101762.5, 5080.0], [101765.0, 7540.0], [101775.0, 2240.0], [101777.5, 7410.0], [101782.5, 780.0], [101785.0, 2590.0], [101812.5, 2250.0], [101815.0, 7490.0]]}}}
{"jsonrpc": "2.0", "method": "subscription", "params": {"channel": "book.BTC-13JUN25.none.20.100ms", "data": {"timestamp": 1749155362828, "change_id": 103899100507, "instrument_name": "BTC-13JUN25", "bids": [[101690.0, 7790.0], [101685.0, 26580.0], [101682.5, 7500.0], [101680.0, 16560.0], [101677.5, 51900.0], [101675.0, 9520.0], [101672.5, 5700.0], [101670.0, 12570.0], [101657.5, 2300.0], [101655.0, 10680.0], [101652.5, 10000.0], [101647.5, 600.0], [101645.0, 2000.0], [101632.5, 2300.0], [101630.0, 7680.0], [101625.0, 780.0], [101622.5, 2590.0], [101620.0, 2270.0], [101617.5, 7560.0], [101615.0, 4330.0]], "asks": [[101700.0, 7500.0], [101720.0, 10000.0], [101725.0, 7680.0], [101727.5, 7910.0], [101730.0, 26370.0], [101735.0, 2300.0], [101737.5, 7680.0], [101750.0, 3470.0], [101752.5, 7410.0], [101755.0, 5080.0], [101760.0, 2260.0], [101765.0, 7540.0], [101775.0, 2240.0], [101777.5, 7410.0], [101782.5, 780.0], [101785.0, 2590.0], [101812.5, 2250.0], [101815.0, 7490.0], [101817.5, 1830.0], [101820.0, 6090.0]]}}}
{"jsonrpc": "2.0", "method": "subscription", "params": {"channel": "book.BTC-6JUN25.none.20.100ms", "data": {"timestamp": 1749155362773, "change_id": 103899100324, "instrument_name": "BTC-6JUN25", "bids": [[101640.0, 9120.0], [101637.5, 5700.0], [101635.0, 5700.0], [101632.5, 1250.0], [101630.0, 7350.0], [101627.5, 6110.0], [101622.5, 5070.0], [101617.5, 11160.0], [101610.0, 50000.0], [101607.5, 1830.0], [101605.0, 6110.0], [101600.0, 160.0], [101590.0, 10000.0], [101585.0, 1790.0], [101582.5, 5970.0], [101570.0, 6110.0], [101562.5, 2000.0], [101542.5, 1860.0], [101540.0, 6200.0], [101532.5, 40.0]], "asks": [[101645.0, 4900.0], [101650.0, 7240.0], [101652.5, 11940.0], [101655.0, 17260.0], [101657.5, 25000.0], [101660.0, 50000.0], [101662.5, 1710.0], [101665.0, 7530.0], [101667.5, 6110.0], [101675.0, 15000.0], [101677.5, 50000.0], [101680.0, 5080.0], [101682.5, 9770.0], [101685.0, 32550.0], [101695.0, 40.0], [101697.5, 9340.0], [101700.0, 31140.0], [101712.5, 6110.0], [101762.5, 6110.0], [101775.0, 6010.0]]}}}
{"jsonrpc": "2.0", "method": "subscription", "params": {"channel": "book.BTC-13JUN25.none.20.100ms", "data": {"timestamp": 1749155363037, "change_id": 103899100867, "instrument_name": "BTC-13JUN25", "bids": [[101690.0, 8810.0], [101685.0, 32580.0], [101680.0, 16560.0], [101677.5, 51900.0], [101675.0, 9520.0], [101672.5, 5700.0], [101670.0, 12570.0], [101657.5, 2300.0], [101655.0, 10680.0], [101652.5, 10000.0], [101647.5, 600.0], [101645.0, 2000.0], [101632.5, 2300.0], [101630.0, 7680.0], [101625.0, 780.0], [101622.5, 2590.0], [101617.5, 7560.0], [101615.0, 4330.0], [101612.5, 14420.0], [101610.0, 17220.0]], "asks": [[101697.5, 2250.0], [101700.0, 7500.0], [101702.5, 1520.0], [101705.0, 5070.0], [101717.5, 3000.0], [101720.0, 10000.0], [101725.0, 7680.0], [101727.5, 7910.0], [101730.0, 26370.0], [101735.0, 2300.0], [101737.5, 7680.0], [101750.0, 3470.0], [101752.5, 7410.0], [101755.0, 5080.0], [101765.0, 7540.0], [101775.0, 2240.0], [101777.5, 7410.0], [101782.5, 780.0], [101785.0, 2590.0], [101815.0, 7490.0]]}}}
{"jsonrpc": "2.0", "method": "subscription", "params": {"channel": "book.BTC-6JUN25.none.20.100ms", "data": {"timestamp": 1749155363212, "change_id": 103899101230, "instrument_name": "BTC-6JUN25", "bids": [[101640.0, 9120.0], [101637.5, 5700.0], [101635.0, 19620.0], [101632.5, 22080.0], [101630.0, 42650.0], [101627.5, 28190.0], [101625.0, 30030.0], [101622.5, 27140.0], [101620.0, 3350.0], [101617.5, 11160.0], [101612.5, 15000.0], [101610.0, 50000.0], [101607.5, 1830.0], [101605.0, 6110.0], [101600.0, 160.0], [101595.0, 4830.0], [101592.5, 6110.0], [101590.0, 10000.0], [101572.5, 1830.0], [101570.0, 6110.0]], "asks": [[101645.0, 4900.0], [101650.0, 7240.0], [101652.5, 11940.0], [101655.0, 17260.0], [101657.5, 25000.0], [101660.0, 50000.0], [101662.5, 1710.0], [101665.0, 7530.0], [101667.5, 6110.0], [101675.0, 15000.0], [101677.5, 50000.0], [101680.0, 5080.0], [101682.5, 9770.0], [101685.0, 32550.0], [101695.0, 40.0], [101697.5, 9340.0], [101700.0, 31140.0], [101710.0, 1830.0], [101712.5, 6110.0], [101760.0, 1830.0]]}}}
{"jsonrpc": "2.0", "method": "subscription", "params": {"channel": "book.BTC-13JUN25.none.20.100ms", "data": {"timestamp": 1749155363520, "change_id": 103899101636, "instrument_name": "BTC-13JUN25", "bids": [[101690.0, 12110.0], [101685.0, 30080.0], [101682.5, 2500.0], [101680.0, 16560.0], [101677.5, 51900.0], [101675.0, 7810.0], [101670.0, 12570.0], [101657.5, 2300.0], [101655.0, 10680.0], [101652.5, 10000.0], [101647.5, 600.0], [101645.0, 2000.0], [101632.5, 2300.0], [101630.0, 7680.0], [101625.0, 780.0], [101622.5, 2590.0], [101620.0, 2270.0], [101617.5, 7560.0], [101615.0, 4330.0], [101612.5, 14420.0]], "asks": [[101695.0, 2250.0], [101697.5, 7500.0], [101702.5, 1520.0], [101705.0, 5070.0], [101717.5, 3000.0], [101720.0, 10000.0], [101722.5, 2300.0], [101725.0, 7680.0], [101727.5, 7910.0], [101730.0, 26370.0], [101735.0, 2300.0], [101737.5, 7680.0], [101750.0, 3470.0], [101752.5, 7410.0], [101755.0, 5080.0], [101762.5, 2260.0], [101765.0, 7540.0], [101775.0, 2240.0], [101777.5, 7410.0], [101782.5, 780.0]]}}}
{"jsonrpc": "2.0", "method": "subscription", "params": {"channel": "book.BTC-6JUN25.none.20.100ms", "data": {"timestamp": 1749155363447, "change_id": 103899101530, "instrument_name": "BTC-6JUN25", "bids": [[101640.0, 9120.0], [101637.5, 5700.0], [101635.0, 19620.0], [101632.5, 22080.0], [101630.0, 42650.0], [101627.5, 28190.0], [101625.0, 30030.0], [101622.5, 27140.0], [101620.0, 3350.0], [101617.5, 11160.0], [101615.0, 15000.0], [101612.5, 50000.0], [101607.5, 1830.0], [101605.0, 6110.0], [101600.0, 160.0], [101595.0, 4830.0], [101592.5, 6110.0], [101590.0, 10000.0], [101572.5, 1830.0], [101570.0, 6110.0]], "asks": [[101645.0, 4900.0], [101650.0, 7240.0], [101652.5, 5860.0], [101655.0, 17260.0], [101657.5, 25000.0], [101660.0, 50000.0], [101662.5, 1710.0], [101665.0, 7530.0], [101667.5, 6110.0], [101675.0, 15000.0], [101677.5, 50000.0], [101680.0, 5080.0], [101682.5, 9770.0], [101685.0, 32550.0], [101695.0, 40.0], [101697.5, 9340.0], [101700.0, 31140.0], [101710.0, 1830.0], [101712.5, 6110.0], [101760.0, 1830.0]]}}}
{"jsonrpc": "2.0", "method": "subscription", "params": {"channel": "book.BTC-13JUN25.none.20.100ms", "data": {"timestamp": 1749155363761, "change_id": 103899102295, "instrument_name": "BTC-13JUN25", "bids": [[101690.0, 8810.0], [101685.0, 27150.0], [101682.5, 7500.0], [101680.0, 16560.0], [101677.5, 51900.0], [101675.0, 7810.0], [101670.0, 12570.0], [101657.5, 2300.0], [101655.0, 10680.0], [101652.5, 10000.0], [101647.5, 600.0], [101645.0, 2000.0], [101632.5, 2300.0], [101630.0, 7680.0], [101625.0, 780.0], [101622.5, 2590.0], [101620.0, 2270.0], [101617.5, 7560.0], [101615.0, 4330.0], [101612.5, 14420.0]], "asks": [[101695.0, 2250.0], [101697.5, 7500.0], [101702.5, 1520.0], [101705.0, 5070.0], [101717.5, 3000.0], [101720.0, 10000.0], [101722.5, 2300.0], [101725.0, 7680.0], [101727.5, 7910.0], [101730.0, 26370.0], [101735.0, 2300.0], [101737.5, 7680.0], [101750.0, 3470.0], [101752.5, 7410.0], [101755.0, 5080.0], [101762.5, 2260.0], [101765.0, 7540.0], [101775.0, 2240.0], [101777.5, 7410.0], [101782.5, 780.0]]}}}
{"jsonrpc": "2.0", "method": "subscription", "params": {"channel": "book.BTC-6JUN25.none.20.100ms", "data": {"timestamp": 1749155363663, "change_id": 103899101779, "instrument_name": "BTC-6JUN25", "bids": [[101640.0, 3420.0], [101637.5, 5700.0], [101635.0, 19620.0], [101632.5, 22080.0], [101630.0, 42650.0], [101627.5, 28190.0], [101625.0, 30030.0], [101622.5, 27140.0], [101620.0, 3350.0], [101617.5, 11160.0], [101615.0, 15000.0], [101610.0, 50000.0], [101607.5, 1830.0], [101605.0, 6110.0], [101600.0, 160.0], [101595.0, 4830.0], [101592.5, 6110.0], [101590.0, 10000.0], [101572.5, 1830.0], [101570.0, 6110.0]], "asks": [[101645.0, 12310.0], [101647.5, 5700.0], [101650.0, 7240.0], [101652.5, 5860.0], [101655.0, 17260.0], [101657.5, 25000.0], [101660.0, 50000.0], [101662.5, 1710.0], [101665.0, 7530.0], [101667.5, 6110.0], [101675.0, 15000.0], [101677.5, 50000.0], [101680.0, 5080.0], [101682.5, 9770.0], [101685.0, 32550.0], [101695.0, 40.0], [101697.5, 9340.0], [101700.0, 31140.0], [101710.0, 1830.0], [101712.5, 6110.0]]}}}
{"jsonrpc": "2.0", "method": "subscription", "params": {"channel": "book.BTC-13JUN25.none.20.100ms", "data": {"timestamp": 1749155364170, "change_id": 103899103620, "instrument_name": "BTC-13JUN25", "bids": [[101685.0, 5080.0], [101682.5, 22070.0], [101680.0, 24060.0], [101677.5, 51900.0], [101675.0, 3490.0], [101670.0, 12570.0], [101667.5, 840.0], [101665.0, 4040.0], [101657.5, 2300.0], [101655.0, 10680.0], [101652.5, 10000.0], [101647.5, 600.0], [101645.0, 2000.0], [101632.5, 2300.0], [101630.0, 7680.0], [101625.0, 780.0], [101622.5, 2590.0], [101620.0, 2270.0], [101617.5, 7560.0], [101615.0, 4330.0]], "asks": [[101692.5, 7500.0], [101717.5, 3000.0], [101720.0, 10000.0], [101722.5, 2300.0], [101725.0, 7680.0], [101727.5, 7910.0], [101730.0, 26370.0], [101735.0, 2300.0], [101737.5, 7680.0], [101750.0, 3470.0], [101752.5, 7410.0], [101755.0, 5080.0], [101757.5, 770.0], [101760.0, 2580.0], [101762.5, 2260.0], [101765.0, 7540.0], [101775.0, 2240.0], [101777.5, 7410.0], [101812.5, 2250.0], [101815.0, 7490.0]]}}}
{"jsonrpc": "2.0", "method": "subscription", "params": {"channel": "book.BTC-6JUN25.none.20.100ms", "data": {"timestamp": 1749155364066, "change_id": 103899103623, "instrument_name": "BTC-6JUN25", "bids": [[101640.0, 9620.0], [101637.5, 5700.0], [101635.0, 41700.0], [101632.5, 22080.0], [101630.0, 42650.0], [101627.5, 22080.0], [101625.0, 23600.0], [101622.5, 5070.0], [101620.0, 3350.0], [101617.5, 11160.0], [101615.0, 15000.0], [101610.0, 50000.0], [101607.5, 1830.0], [101605.0, 6110.0], [101600.0, 160.0], [101595.0, 4830.0], [101592.5, 6110.0], [101590.0, 10000.0], [101572.5, 1830.0], [101570.0, 6110.0]], "asks": [[101645.0, 12310.0], [101647.5, 5700.0], [101650.0, 3580.0], [101652.5, 5860.0], [101655.0, 6080.0], [101657.5, 25000.0], [101660.0, 50000.0], [101662.5, 1710.0], [101665.0, 7530.0], [101667.5, 6110.0], [101670.0, 400.0], [101672.5, 2230.0], [101675.0, 15000.0], [101677.5, 50000.0], [101680.0, 5080.0], [101682.5, 9770.0], [101685.0, 32550.0], [101695.0, 40.0], [101697.5, 9340.0], [101700.0, 31140.0]]}}}
{"jsonrpc": "2.0", "method": "subscription", "params": {"channel": "book.BTC-13JUN25.none.20.100ms", "data": {"timestamp": 1749155364511, "change_id": 103899104088, "instrument_name": "BTC-13JUN25", "bids": [[101685.0, 9980.0], [101682.5, 29570.0], [101680.0, 16560.0], [101677.5, 50000.0], [101675.0, 7530.0], [101670.0, 12570.0], [101657.5, 2300.0], [101655.0, 10680.0], [101652.5, 10000.0], [101647.5, 600.0], [101645.0, 2000.0], [101632.5, 2300.0], [101630.0, 7680.0], [101625.0, 780.0], [101622.5, 2590.0], [101620.0, 2270.0], [101617.5, 7560.0], [101615.0, 4330.0], [101612.5, 14420.0], [101610.0, 17220.0]], "asks": [[101695.0, 4500.0], [101697.5, 7500.0], [101700.0, 9020.0], [101702.5, 5070.0], [101717.5, 3000.0], [101720.0, 10000.0], [101722.5, 2300.0], [101725.0, 7680.0], [101727.5, 7910.0], [101730.0, 26370.0], [101735.0, 2300.0], [101737.5, 7680.0], [101750.0, 3470.0], [101752.5, 7410.0], [101755.0, 5080.0], [101757.5, 770.0], [101760.0, 2580.0], [101762.5, 2260.0], [101765.0, 7540.0], [101775.0, 2240.0]]}}}
{"jsonrpc": "2.0", "method": "subscription", "params": {"channel": "book.BTC-6JUN25.none.20.100ms", "data": {"timestamp": 1749155364322, "change_id": 103899104014, "instrument_name": "BTC-6JUN25", "bids": [[101640.0, 9620.0], [101637.5, 5700.0], [101635.0, 41700.0], [101632.5, 22080.0], [101630.0, 42650.0], [101627.5, 22080.0], [101625.0, 23600.0], [101622.5, 5070.0], [101620.0, 3350.0], [101617.5, 11160.0], [101615.0, 15000.0], [101610.0, 50000.0], [101607.5, 1830.0], [101605.0, 6110.0], [101600.0, 160.0], [101595.0, 4830.0], [101592.5, 6110.0], [101590.0, 10000.0], [101572.5, 1830.0], [101570.0, 6110.0]], "asks": [[101645.0, 13830.0], [101647.5, 5700.0], [101650.0, 8650.0], [101652.5, 5860.0], [101655.0, 6080.0], [101657.5, 35000.0], [101660.0, 50000.0], [101662.5, 1710.0], [101665.0, 7530.0], [101667.5, 6110.0], [101670.0, 400.0], [101672.5, 2230.0], [101675.0, 15000.0], [101677.5, 50000.0], [101680.0, 5080.0], [101682.5, 9770.0], [101685.0, 32550.0], [101695.0, 40.0], [101697.5, 9340.0], [101700.0, 31140.0]]}}}
{"jsonrpc": "2.0", "method": "subscription", "params": {"channel": "book.BTC-13JUN25.none.20.100ms", "data": {"timestamp": 1749155364877, "change_id": 103899104840, "instrument_name": "BTC-13JUN25", "bids": [[101687.5, 6320.0], [101685.0, 13330.0], [101682.5, 24040.0], [101680.0, 24060.0], [101677.5, 50000.0], [101675.0, 3490.0], [101670.0, 12570.0], [101657.5, 2300.0], [101655.0, 10680.0], [101652.5, 10000.0], [101647.5, 600.0], [101645.0, 2000.0], [101632.5, 2300.0], [101630.0, 7680.0], [101625.0, 780.0], [101622.5, 2590.0], [101620.0, 2270.0], [101617.5, 7560.0], [101615.0, 4330.0], [101612.5, 14420.0]], "asks": [[101692.5, 9750.0], [101700.0, 1520.0], [101702.5, 5070.0], [101717.5, 3000.0], [101720.0, 10000.0], [101722.5, 2300.0], [101725.0, 7680.0], [101727.5, 7910.0], [101730.0, 26370.0], [101735.0, 2300.0], [101737.5, 7680.0], [101750.0, 3470.0], [101752.5, 7410.0], [101755.0, 5080.0], [101757.5, 770.0], [101760.0, 2580.0], [101762.5, 2260.0], [101765.0, 7540.0], [101775.0, 2240.0], [101777.5, 7410.0]]}}}
{"jsonrpc": "2.0", "method": "subscription", "params": {"channel": "book.BTC-6JUN25.none.20.100ms", "data": {"timestamp": 1749155364650, "change_id": 103899104319, "instrument_name": "BTC-6JUN25", "bids": [[101640.0, 15320.0], [101637.5, 5700.0], [101635.0, 41700.0], [101632.5, 22080.0], [101630.0, 42650.0], [101627.5, 22080.0], [101625.0, 23600.0], [101622.5, 5070.0], [101620.0, 3350.0], [101617.5, 11160.0], [101615.0, 15000.0], [101610.0, 50000.0], [101607.5, 1830.0], [101605.0, 6110.0], [101600.0, 160.0], [101595.0, 4830.0], [101592.5, 6110.0], [101590.0, 10000.0], [101572.5, 1830.0], [101570.0, 6110.0]], "asks": [[101645.0, 13830.0], [101647.5, 5700.0], [101650.0, 8650.0], [101652.5, 5860.0], [101655.0, 6080.0], [101657.5, 35000.0], [101660.0, 50000.0], [101662.5, 1710.0], [101665.0, 7530.0], [101667.5, 6110.0], [101670.0, 400.0], [101672.5, 2230.0], [101675.0, 15000.0], [101677.5, 50000.0], [101680.0, 5080.0], [101682.5, 9770.0], [101685.0, 32550.0], [101695.0, 40.0], [101697.5, 9340.0], [101700.0, 31140.0]]}}}
{"jsonrpc": "2.0", "method": "subscription", "params": {"channel": "book.BTC-13JUN25.none.20.100ms", "data": {"timestamp": 1749155365206, "change_id": 103899105519, "instrument_name": "BTC-13JUN25", "bids": [[101687.5, 7500.0], [101685.0, 5080.0], [101682.5, 23030.0], [101675.0, 11160.0], [101657.5, 52300.0], [101655.0, 10680.0], [101652.5, 10000.0], [101647.5, 600.0], [101645.0, 2000.0], [101632.5, 2300.0], [101630.0, 7680.0], [101625.0, 780.0], [101622.5, 2590.0], [101620.0, 2270.0], [101617.5, 7560.0], [101615.0, 4330.0], [101612.5, 14420.0], [101610.0, 17220.0], [101607.5, 50000.0], [101605.0, 7410.0]], "asks": [[101690.0, 7500.0], [101700.0, 1520.0], [101702.5, 5070.0], [101707.5, 2300.0], [101710.0, 7680.0], [101717.5, 3000.0], [101720.0, 10000.0], [101725.0, 7680.0], [101730.0, 26370.0], [101735.0, 2300.0], [101737.5, 7680.0], [101750.0, 3470.0], [101752.5, 7410.0], [101755.0, 5080.0], [101757.5, 770.0], [101760.0, 2580.0], [101765.0, 7540.0], [101775.0, 2240.0], [101777.5, 7410.0], [101815.0, 7490.0]]}}}
{"jsonrpc": "2.0", "method": "subscription", "params": {"channel": "book.BTC-6JUN25.none.20.100ms", "data": {"timestamp": 1749155365207, "change_id": 103899105522, "instrument_name": "BTC-6JUN25", "bids": [[101637.5, 5700.0], [101635.0, 27780.0], [101632.5, 22080.0], [101630.0, 27780.0], [101627.5, 22080.0], [101625.0, 22080.0], [101620.0, 3350.0], [101617.5, 11160.0], [101615.0, 15000.0], [101610.0, 50000.0], [101607.5, 1830.0], [101605.0, 6110.0], [101600.0, 160.0], [101595.0, 4830.0], [101592.5, 6110.0], [101590.0, 10000.0], [101572.5, 1830.0], [101570.0, 6110.0], [101565.0, 600.0], [101562.5, 2000.0]], "asks": [[101642.5, 12110.0], [101645.0, 10600.0], [101647.5, 5700.0], [101650.0, 10040.0], [101652.5, 5860.0], [101655.0, 12190.0], [101657.5, 35000.0], [101660.0, 50000.0], [101662.5, 1710.0], [101665.0, 7530.0], [101667.5, 6110.0], [101670.0, 400.0], [101672.5, 2230.0], [101677.5, 50000.0], [101680.0, 5080.0], [101685.0, 32550.0], [101695.0, 40.0], [101697.5, 9340.0], [101700.0, 31140.0], [101710.0, 1830.0]]}}}
{"jsonrpc": "2.0", "method": "subscription", "params": {"channel": "book.BTC-13JUN25.none.20.100ms", "data": {"timestamp": 1749155365396, "change_id": 103899106130, "instrument_name": "BTC-13JUN25", "bids": [[101687.5, 12580.0], [101682.5, 20000.0], [101677.5, 1010.0], [101672.5, 3030.0], [101670.0, 5070.0], [101655.0, 57680.0], [101652.5, 10000.0], [101645.0, 2000.0], [101630.0, 7680.0], [101622.5, 2590.0], [101617.5, 7560.0], [101612.5, 14420.0], [101607.5, 50000.0], [101605.0, 7410.0], [101592.5, 7680.0], [101585.0, 6320.0], [101580.0, 7680.0], [101542.5, 14060.0], [101535.0, 18200.0], [101532.5, 20.0]], "asks": [[101700.0, 12570.0], [101720.0, 10000.0], [101725.0, 7680.0], [101730.0, 26370.0], [101737.5, 7680.0], [101752.5, 7410.0], [101755.0, 5080.0], [101760.0, 2580.0], [101765.0, 7540.0], [101775.0, 20.0], [101777.5, 7410.0], [101815.0, 7490.0], [101820.0, 6090.0], [101827.5, 7680.0], [101832.5, 14400.0], [101842.5, 7330.0], [101857.5, 7650.0], [101862.5, 105000.0], [101870.0, 18500.0], [101935.0, 7380.0]]}}}
{"jsonrpc": "2.0", "method": "subscription", "params": {"channel": "book.BTC-6JUN25.none.20.100ms", "data": {"timestamp": 1749155365350, "change_id": 103899106118, "instrument_name": "BTC-6JUN25", "bids": [[101637.5, 12830.0], [101635.0, 38840.0], [101632.5, 22080.0], [101630.0, 40310.0], [101627.5, 22080.0], [101625.0, 28190.0], [101622.5, 1520.0], [101620.0, 8420.0], [101617.5, 11160.0], [101612.5, 15000.0], [101610.0, 50000.0], [101607.5, 1830.0], [101605.0, 6110.0], [101600.0, 160.0], [101595.0, 4830.0], [101592.5, 6110.0], [101590.0, 10000.0], [101572.5, 1830.0], [101570.0, 6110.0], [101565.0, 600.0]], "asks": [[101642.5, 9120.0], [101645.0, 5700.0], [101647.5, 10770.0], [101650.0, 7260.0], [101652.5, 5860.0], [101655.0, 24420.0], [101657.5, 25000.0], [101660.0, 50000.0], [101662.5, 1710.0], [101665.0, 7530.0], [101667.5, 6110.0], [101677.5, 50000.0], [101680.0, 5080.0], [101685.0, 32550.0], [101695.0, 40.0], [101697.5, 9340.0], [101700.0, 31140.0], [101710.0, 1830.0], [101712.5, 6110.0], [101760.0, 1830.0]]}}}
{"jsonrpc": "2.0", "method": "subscription", "params": {"channel": "book.BTC-6JUN25.none.20.100ms", "data": {"timestamp": 1749155365783, "change_id": 103899106806, "instrument_name": "BTC-6JUN25", "bids": [[101637.5, 14030.0], [101635.0, 43890.0], [101632.5, 27780.0], [101630.0, 41030.0], [101627.5, 22080.0], [101625.0, 23600.0], [101622.5, 5070.0], [101620.0, 3350.0], [101617.5, 11160.0], [101612.5, 15000.0], [101610.0, 50000.0], [101605.0, 6110.0], [101600.0, 160.0], [101592.5, 6110.0], [101590.0, 10000.0], [101572.5, 1830.0], [101570.0, 6110.0], [101562.5, 2000.0], [101542.5, 1860.0], [101540.0, 6200.0]], "asks": [[101642.5, 8720.0], [101647.5, 5700.0], [101650.0, 12330.0], [101652.5, 5860.0], [101655.0, 24420.0], [101657.5, 25000.0], [101660.0, 50000.0], [101662.5, 1710.0], [101665.0, 7530.0], [101667.5, 6110.0], [101677.5, 50000.0], [101680.0, 5080.0], [101685.0, 32550.0], [101695.0, 40.0], [101697.5, 9340.0], [101700.0, 31140.0], [101710.0, 1830.0], [101712.5, 6110.0], [101760.0, 1830.0], [101762.5, 6110.0]]}}}
{"jsonrpc": "2.0", "method": "subscription", "params": {"channel": "book.BTC-13JUN25.none.20.100ms", "data": {"timestamp": 1749155365799, "change_id": 103899106829, "instrument_name": "BTC-13JUN25", "bids": [[101690.0, 4920.0], [101687.5, 5080.0], [101685.0, 6000.0], [101682.5, 27500.0], [101672.5, 1520.0], [101670.0, 6210.0], [101667.5, 4040.0], [101655.0, 57680.0], [101652.5, 10000.0], [101645.0, 2000.0], [101630.0, 7680.0], [101622.5, 2590.0], [101617.5, 7560.0], [101612.5, 14420.0], [101607.5, 50000.0], [101605.0, 7410.0], [101592.5, 7680.0], [101585.0, 6320.0], [101580.0, 7680.0], [101542.5, 14060.0]], "asks": [[101695.0, 2250.0], [101697.5, 7500.0], [101700.0, 1520.0], [101702.5, 5070.0], [101717.5, 3000.0], [101720.0, 10000.0], [101722.5, 2300.0], [101725.0, 7680.0], [101730.0, 26370.0], [101737.5, 7680.0], [101752.5, 7410.0], [101755.0, 5080.0], [101760.0, 2580.0], [101765.0, 7540.0], [101775.0, 20.0], [101777.5, 7410.0], [101800.0, 14400.0], [101815.0, 7490.0], [101820.0, 6090.0], [101827.5, 7680.0]]}}}
{"jsonrpc": "2.0", "method": "subscription", "params": {"channel": "book.BTC-13JUN25.none.20.100ms", "data": {"timestamp": 1749155366119, "change_id": 103899107342, "instrument_name": "BTC-13JUN25", "bids": [[101692.5, 1020.0], [101690.0, 6230.0], [101687.5, 5080.0], [101685.0, 13500.0], [101682.5, 20000.0], [101680.0, 300.0], [101677.5, 1010.0], [101675.0, 16330.0], [101672.5, 50000.0], [101670.0, 6210.0], [101667.5, 10710.0], [101655.0, 7680.0], [101652.5, 10000.0], [101645.0, 2000.0], [101630.0, 7680.0], [101622.5, 2590.0], [101617.5, 7560.0], [101612.5, 14420.0], [101607.5, 50000.0], [101605.0, 7410.0]], "asks": [[101697.5, 3490.0], [101700.0, 7500.0], [101702.5, 5070.0], [101717.5, 3000.0], [101720.0, 10000.0], [101722.5, 2300.0], [101725.0, 7680.0], [101730.0, 26370.0], [101737.5, 7680.0], [101752.5, 7410.0], [101755.0, 5080.0], [101760.0, 2580.0], [101765.0, 7540.0], [101775.0, 20.0], [101777.5, 7410.0], [101800.0, 14400.0], [101815.0, 7490.0], [101820.0, 6090.0], [101827.5, 7680.0], [101842.5, 7330.0]]}}}
{"jsonrpc": "2.0", "method": "subscription", "params": {"channel": "book.BTC-6JUN25.none.20.100ms", "data": {"timestamp": 1749155365965, "change_id": 103899106932, "instrument_name": "BTC-6JUN25", "bids": [[101637.5, 14030.0], [101635.0, 43890.0], [101632.5, 27780.0], [101630.0, 41030.0], [101627.5, 22080.0], [101625.0, 29710.0], [101622.5, 5070.0], [101620.0, 3350.0], [101617.5, 11160.0], [101612.5, 15000.0], [101610.0, 50000.0], [101605.0, 6110.0], [101600.0, 160.0], [101592.5, 6110.0], [101590.0, 10000.0], [101572.5, 1830.0], [101570.0, 6110.0], [101562.5, 2000.0], [101542.5, 1860.0], [101540.0, 6200.0]], "asks": [[101642.5, 8720.0], [101647.5, 5700.0], [101650.0, 12330.0], [101652.5, 5860.0], [101655.0, 24420.0], [101657.5, 25000.0], [101660.0, 50000.0], [101662.5, 1710.0], [101665.0, 7530.0], [101667.5, 6110.0], [101677.5, 50000.0], [101680.0, 5080.0], [101685.0, 32550.0], [101695.0, 40.0], [101697.5, 9340.0], [101700.0, 31140.0], [101710.0, 1830.0], [101712.5, 6110.0], [101760.0, 1830.0], [101762.5, 6110.0]]}}}
{"jsonrpc": "2.0", "method": "subscription", "params": {"channel": "book.BTC-13JUN25.none.20.100ms", "data": {"timestamp": 1749155366490, "change_id": 103899107992, "instrument_name": "BTC-13JUN25", "bids": [[101690.0, 9420.0], [101687.5, 25080.0], [101685.0, 2070.0], [101682.5, 7500.0], [101680.0, 300.0], [101677.5, 1010.0], [101675.0, 16330.0], [101672.5, 50000.0], [101670.0, 8140.0], [101667.5, 10710.0], [101655.0, 7680.0], [101652.5, 10000.0], [101645.0, 2000.0], [101630.0, 7680.0], [101622.5, 2590.0], [101617.5, 7560.0], [101612.5, 20740.0], [101607.5, 50000.0], [101592.5, 7680.0], [101580.0, 7680.0]], "asks": [[101695.0, 9660.0], [101697.5, 5700.0], [101700.0, 9020.0], [101702.5, 5070.0], [101717.5, 3000.0], [101720.0, 10000.0], [101722.5, 2300.0], [101725.0, 7680.0], [101730.0, 26370.0], [101752.5, 7410.0], [101755.0, 5080.0], [101757.5, 2580.0], [101765.0, 7540.0], [101775.0, 20.0], [101777.5, 7410.0], [101800.0, 14400.0], [101815.0, 7490.0], [101820.0, 6090.0], [101827.5, 7680.0], [101842.5, 7330.0]]}}}
{"jsonrpc": "2.0", "method": "subscription", "params": {"channel": "book.BTC-13JUN25.none.20.100ms", "data": {"timestamp": 1749155366653, "change_id": 103899108113, "instrument_name": "BTC-13JUN25", "bids": [[101687.5, 5080.0], [101685.0, 7990.0], [101682.5, 20000.0], [101680.0, 7800.0], [101677.5, 1010.0], [101675.0, 16330.0], [101672.5, 50000.0], [101670.0, 5980.0], [101667.5, 3030.0], [101655.0, 10680.0], [101652.5, 10000.0], [101645.0, 2000.0], [101630.0, 7680.0], [101622.5, 2590.0], [101620.0, 2270.0], [101617.5, 7560.0], [101612.5, 20740.0], [101607.5, 50000.0], [101592.5, 7680.0], [101582.5, 2300.0]], "asks": [[101692.5, 18870.0], [101695.0, 13200.0], [101697.5, 5700.0], [101700.0, 1520.0], [101702.5, 5070.0], [101717.5, 3000.0], [101720.0, 10000.0], [101722.5, 2300.0], [101725.0, 7680.0], [101727.5, 7910.0], [101730.0, 26370.0], [101752.5, 7410.0], [101755.0, 5080.0], [101757.5, 2580.0], [101762.5, 2260.0], [101765.0, 7540.0], [101775.0, 20.0], [101777.5, 7410.0], [101797.5, 4320.0], [101800.0, 14400.0]]}}}
{"jsonrpc": "2.0", "method": "subscription", "params": {"channel": "book.BTC-6JUN25.none.20.100ms", "data": {"timestamp": 1749155366741, "change_id": 103899108616, "instrument_name": "BTC-6JUN25", "bids": [[101637.5, 14030.0], [101635.0, 43890.0], [101632.5, 27780.0], [101630.0, 41030.0], [101627.5, 22080.0], [101625.0, 27150.0], [101620.0, 3350.0], [101617.5, 11160.0], [101612.5, 15000.0], [101610.0, 50000.0], [101605.0, 6110.0], [101600.0, 160.0], [101595.0, 4830.0], [101592.5, 6110.0], [101590.0, 10000.0], [101572.5, 1830.0], [101570.0, 6110.0], [101562.5, 14650.0], [101542.5, 1860.0], [101540.0, 6200.0]], "asks": [[101642.5, 3020.0], [101647.5, 5700.0], [101650.0, 12330.0], [101652.5, 5860.0], [101655.0, 24420.0], [101657.5, 25000.0], [101660.0, 50000.0], [101662.5, 1710.0], [101665.0, 7530.0], [101667.5, 6110.0], [101675.0, 16520.0], [101677.5, 50000.0], [101680.0, 5080.0], [101685.0, 32550.0], [101695.0, 40.0], [101697.5, 9340.0], [101700.0, 31140.0], [101710.0, 1830.0], [101712.5, 6110.0], [101760.0, 1830.0]]}}}
{"jsonrpc": "2.0", "method": "subscription", "params": {"channel": "book.BTC-13JUN25.none.20.100ms", "data": {"timestamp": 1749155367119, "change_id": 103899109120, "instrument_name": "BTC-13JUN25", "bids": [[101690.0, 7220.0], [101687.5, 5080.0], [101685.0, 7990.0], [101682.5, 27500.0], [101680.0, 300.0], [101677.5, 1010.0], [101675.0, 16330.0], [101672.5, 50000.0], [101670.0, 5980.0], [101667.5, 3030.0], [101655.0, 10680.0], [101652.5, 10000.0], [101645.0, 2000.0], [101630.0, 7680.0], [101622.5, 2590.0], [101620.0, 2270.0], [101617.5, 7560.0], [101612.5, 20740.0], [101607.5, 50000.0], [101592.5, 7680.0]], "asks": [[101695.0, 1710.0], [101697.5, 5700.0], [101700.0, 1520.0], [101702.5, 5070.0], [101717.5, 3000.0], [101720.0, 10000.0], [101722.5, 2300.0], [101725.0, 7680.0], [101727.5, 7910.0], [101730.0, 26370.0], [101752.5, 7410.0], [101755.0, 5080.0], [101757.5, 2580.0], [101762.5, 2260.0], [101765.0, 7540.0], [101775.0, 20.0], [101777.5, 7410.0], [101797.5, 4320.0], [101800.0, 14400.0], [101815.0, 7490.0]]}}}
{"jsonrpc": "2.0", "method": "subscription", "params": {"channel": "book.BTC-13JUN25.none.20.100ms", "data": {"timestamp": 1749155367488, "change_id": 103899109893, "instrument_name": "BTC-13JUN25", "bids": [[101690.0, 7220.0], [101687.5, 5080.0], [101685.0, 7990.0], [101682.5, 27500.0], [101680.0, 300.0], [101677.5, 1010.0], [101675.0, 16330.0], [101672.5, 50000.0], [101670.0, 5980.0], [101667.5, 3030.0], [101655.0, 10680.0], [101652.5, 10000.0], [101645.0, 2000.0], [101630.0, 7680.0], [101622.5, 2590.0], [101620.0, 2270.0], [101617.5, 7560.0], [101612.5, 20740.0], [101607.5, 50000.0], [101592.5, 7680.0]], "asks": [[101695.0, 7210.0], [101697.5, 5700.0], [101700.0, 1520.0], [101702.5, 5070.0], [101717.5, 3000.0], [101720.0, 10000.0], [101722.5, 2300.0], [101725.0, 7680.0], [101727.5, 7910.0], [101730.0, 26370.0], [101752.5, 7410.0], [101755.0, 5080.0], [101757.5, 2580.0], [101762.5, 2260.0], [101765.0, 7540.0], [101775.0, 20.0], [101777.5, 7410.0], [101797.5, 4320.0], [101800.0, 14400.0], [101815.0, 7490.0]]}}}
{"jsonrpc": "2.0", "method": "subscription", "params": {"channel": "book.BTC-6JUN25.none.20.100ms", "data": {"timestamp": 1749155367222, "change_id": 103899109373, "instrument_name": "BTC-6JUN25", "bids": [[101637.5, 7410.0], [101635.0, 21810.0], [101632.5, 27780.0], [101630.0, 41030.0], [101627.5, 22080.0], [101625.0, 33720.0], [101622.5, 21890.0], [101620.0, 3350.0], [101617.5, 11160.0], [101612.5, 15000.0], [101610.0, 50000.0], [101605.0, 6110.0], [101600.0, 160.0], [101595.0, 4830.0], [101592.5, 6110.0], [101590.0, 10000.0], [101572.5, 1830.0], [101570.0, 6110.0], [101562.5, 14650.0], [101542.5, 1860.0]], "asks": [[101642.5, 3020.0], [101647.5, 5700.0], [101650.0, 12330.0], [101652.5, 5860.0], [101655.0, 24420.0], [101657.5, 25000.0], [101660.0, 50000.0], [101662.5, 1710.0], [101665.0, 7530.0], [101667.5, 6110.0], [101675.0, 16520.0], [101677.5, 50000.0], [101680.0, 5080.0], [101685.0, 32550.0], [101695.0, 40.0], [101697.5, 9340.0], [101700.0, 31140.0], [101710.0, 1830.0], [101712.5, 6110.0], [101760.0, 1830.0]]}}}
{"jsonrpc": "2.0", "method": "subscription", "params": {"channel": "book.BTC-13JUN25.none.20.100ms", "data": {"timestamp": 1749155367812, "change_id": 103899110497, "instrument_name": "BTC-13JUN25", "bids": [[101687.5, 5080.0], [101685.0, 7990.0], [101682.5, 20000.0], [101680.0, 7800.0], [101677.5, 1010.0], [101675.0, 16330.0], [101672.5, 50000.0], [101670.0, 5980.0], [101667.5, 3030.0], [101657.5, 2300.0], [101655.0, 10680.0], [101652.5, 10000.0], [101645.0, 2000.0], [101630.0, 7680.0], [101625.0, 780.0], [101622.5, 2590.0], [101620.0, 2270.0], [101617.5, 7560.0], [101612.5, 20740.0], [101607.5, 50000.0]], "asks": [[101692.5, 13200.0], [101695.0, 14710.0], [101697.5, 5700.0], [101700.0, 1520.0], [101702.5, 5070.0], [101717.5, 3000.0], [101720.0, 10000.0], [101722.5, 2300.0], [101725.0, 7680.0], [101727.5, 7910.0], [101730.0, 26370.0], [101737.5, 7360.0], [101750.0, 3750.0], [101752.5, 7410.0], [101755.0, 5080.0], [101757.5, 2580.0], [101762.5, 2260.0], [101765.0, 7540.0], [101775.0, 20.0], [101777.5, 7410.0]]}}}
{"jsonrpc": "2.0", "method": "subscription", "params": {"channel": "book.BTC-6JUN25.none.20.100ms", "data": {"timestamp": 1749155367779, "change_id": 103899110446, "instrument_name": "BTC-6JUN25", "bids": [[101637.5, 7410.0], [101635.0, 21810.0], [101632.5, 27780.0], [101630.0, 41030.0], [101627.5, 22080.0], [101625.0, 33720.0], [101622.5, 21890.0], [101620.0, 3350.0], [101617.5, 11160.0], [101612.5, 15000.0], [101610.0, 50000.0], [101607.5, 1830.0], [101605.0, 6110.0], [101600.0, 160.0], [101595.0, 4830.0], [101592.5, 6110.0], [101590.0, 10000.0], [101572.5, 1830.0], [101570.0, 6110.0], [101565.0, 4400.0]], "asks": [[101642.5, 10110.0], [101647.5, 5700.0], [101650.0, 17530.0], [101652.5, 5860.0], [101655.0, 24420.0], [101657.5, 25000.0], [101660.0, 50000.0], [101662.5, 1710.0], [101665.0, 7530.0], [101667.5, 6110.0], [101675.0, 16520.0], [101677.5, 50000.0], [101680.0, 5080.0], [101682.5, 9770.0], [101685.0, 32550.0], [101695.0, 40.0], [101697.5, 9340.0], [101700.0, 31140.0], [101710.0, 1830.0], [101712.5, 6110.0]]}}}
{"jsonrpc": "2.0", "method": "subscription", "params": {"channel": "book.BTC-13JUN25.none.20.100ms", "data": {"timestamp": 1749155368163, "change_id": 103899111030, "instrument_name": "BTC-13JUN25", "bids": [[101687.5, 5080.0], [101685.0, 7990.0], [101682.5, 20000.0], [101680.0, 8340.0], [101675.0, 20370.0], [101672.5, 50000.0], [101670.0, 5070.0], [101657.5, 2300.0], [101655.0, 10680.0], [101652.5, 10000.0], [101645.0, 2000.0], [101630.0, 7680.0], [101625.0, 780.0], [101622.5, 2590.0], [101620.0, 2270.0], [101617.5, 7560.0], [101612.5, 20740.0], [101607.5, 50000.0], [101595.0, 2300.0], [101592.5, 7680.0]], "asks": [[101692.5, 9750.0], [101695.0, 7500.0], [101700.0, 1520.0], [101702.5, 5070.0], [101717.5, 3000.0], [101720.0, 10000.0], [101722.5, 2300.0], [101725.0, 7680.0], [101727.5, 7910.0], [101730.0, 26370.0], [101737.5, 7360.0], [101750.0, 3750.0], [101752.5, 7410.0], [101755.0, 5080.0], [101757.5, 2580.0], [101762.5, 2260.0], [101765.0, 7540.0], [101775.0, 20.0], [101777.5, 7410.0], [101797.5, 4320.0]]}}}
{"jsonrpc": "2.0", "method": "subscription", "params": {"channel": "book.BTC-13JUN25.none.20.100ms", "data": {"timestamp": 1749155368509, "change_id": 103899111851, "instrument_name": "BTC-13JUN25", "bids": [[101695.0, 4600.0], [101690.0, 18420.0], [101687.5, 32580.0], [101685.0, 57990.0], [101680.0, 2730.0], [101677.5, 9110.0], [101667.5, 7360.0], [101657.5, 2300.0], [101655.0, 10680.0], [101652.5, 10000.0], [101645.0, 2000.0], [101630.0, 7680.0], [101622.5, 2590.0], [101620.0, 2270.0], [101617.5, 7560.0], [101612.5, 20740.0], [101607.5, 50000.0], [101592.5, 7680.0], [101582.5, 2300.0], [101580.0, 7680.0]], "asks": [[101702.5, 7500.0], [101705.0, 1520.0], [101717.5, 3000.0], [101720.0, 10000.0], [101722.5, 2300.0], [101725.0, 7680.0], [101727.5, 7910.0], [101730.0, 26370.0], [101735.0, 2210.0], [101737.5, 7360.0], [101752.5, 7410.0], [101755.0, 5080.0], [101760.0, 2580.0], [101762.5, 2260.0], [101765.0, 7540.0], [101775.0, 20.0], [101777.5, 7410.0], [101797.5, 4320.0], [101800.0, 14400.0], [101812.5, 2250.0]]}}}
{"jsonrpc": "2.0", "method": "subscription", "params": {"channel": "book.BTC-6JUN25.none.20.100ms", "data": {"timestamp": 1749155368508, "change_id": 103899111848, "instrument_name": "BTC-6JUN25", "bids": [[101642.5, 7410.0], [101640.0, 8970.0], [101637.5, 5700.0], [101635.0, 18390.0], [101632.5, 27780.0], [101630.0, 36690.0], [101627.5, 22080.0], [101625.0, 39770.0], [101622.5, 21890.0], [101620.0, 3350.0], [101617.5, 11160.0], [101612.5, 50160.0], [101607.5, 1830.0], [101605.0, 6110.0], [101592.5, 6110.0], [101590.0, 10000.0], [101570.0, 6110.0], [101565.0, 4400.0], [101562.5, 14650.0], [101542.5, 1860.0]], "asks": [[101647.5, 5700.0], [101650.0, 5200.0], [101652.5, 160.0], [101655.0, 3000.0], [101657.5, 10000.0], [101662.5, 1710.0], [101665.0, 7530.0], [101667.5, 6110.0], [101670.0, 3670.0], [101672.5, 12230.0], [101675.0, 16520.0], [101677.5, 50000.0], [101680.0, 5080.0], [101682.5, 9770.0], [101685.0, 32550.0], [101695.0, 40.0], [101697.5, 9340.0], [101700.0, 31140.0], [101710.0, 1830.0], [101712.5, 6110.0]]}}}
{"jsonrpc": "2.0", "method": "subscription", "params": {"channel": "book.BTC-13JUN25.none.20.100ms", "data": {"timestamp": 1749155368643, "change_id": 103899113207, "instrument_name": "BTC-13JUN25", "bids": [[101692.5, 7500.0], [101690.0, 20000.0], [101687.5, 5080.0], [101682.5, 4040.0], [101677.5, 5070.0], [101667.5, 7360.0], [101657.5, 50000.0], [101655.0, 7680.0], [101652.5, 10000.0], [101645.0, 2000.0], [101642.5, 7360.0], [101632.5, 6320.0], [101630.0, 7680.0], [101622.5, 2590.0], [101617.5, 7560.0], [101612.5, 14420.0], [101607.5, 50000.0], [101580.0, 7680.0], [101542.5, 7670.0], [101535.0, 18200.0]], "asks": [[101707.5, 7500.0], [101715.0, 10770.0], [101720.0, 10000.0], [101730.0, 26370.0], [101752.5, 7410.0], [101755.0, 5080.0], [101760.0, 2580.0], [101765.0, 7540.0], [101775.0, 20.0], [101777.5, 7410.0], [101800.0, 14400.0], [101815.0, 7490.0], [101820.0, 6090.0], [101827.5, 7680.0], [101842.5, 7330.0], [101857.5, 7650.0], [101862.5, 105000.0], [101870.0, 18500.0], [101935.0, 7380.0], [101940.0, 20.0]]}}}
{"jsonrpc": "2.0", "method": "subscription", "params": {"channel": "book.BTC-6JUN25.none.20.100ms", "data": {"timestamp": 1749155368812, "change_id": 103899113176, "instrument_name": "BTC-6JUN25", "bids": [[101645.0, 5700.0], [101635.0, 27230.0], [101632.5, 32850.0], [101630.0, 22080.0], [101627.5, 22080.0], [101625.0, 28130.0], [101620.0, 5080.0], [101617.5, 6080.0], [101612.5, 160.0], [101610.0, 50000.0], [101605.0, 6110.0], [101592.5, 6110.0], [101590.0, 10000.0], [101570.0, 6110.0], [101562.5, 2000.0], [101557.5, 12650.0], [101540.0, 6200.0], [101532.5, 40.0], [101502.5, 6110.0], [101460.0, 6180.0]], "asks": [[101647.5, 10600.0], [101650.0, 5200.0], [101652.5, 160.0], [101655.0, 5700.0], [101657.5, 10000.0], [101662.5, 17300.0], [101665.0, 5700.0], [101667.5, 6110.0], [101677.5, 50000.0], [101685.0, 37630.0], [101695.0, 40.0], [101700.0, 31140.0], [101712.5, 6110.0], [101762.5, 6110.0], [101775.0, 6010.0], [101797.5, 105000.0], [101800.0, 6180.0], [101845.0, 25290.0], [101850.0, 6110.0], [101857.5, 40.0]]}}}
{"jsonrpc": "2.0", "method": "subscription", "params": {"channel": "book.BTC-13JUN25.none.20.100ms", "data": {"timestamp": 1749155369175, "change_id": 103899114087, "instrument_name": "BTC-13JUN25", "bids": [[101690.0, 27500.0], [101687.5, 5080.0], [101682.5, 4040.0], [101677.5, 5070.0], [101655.0, 57680.0], [101652.5, 10000.0], [101645.0, 2000.0], [101642.5, 7360.0], [101632.5, 6320.0], [101630.0, 7680.0], [101617.5, 7560.0], [101612.5, 14420.0], [101607.5, 50000.0], [101580.0, 7680.0], [101542.5, 7670.0], [101535.0, 18200.0], [101532.5, 20.0], [101492.5, 7410.0], [101480.0, 7380.0], [101460.0, 38050.0]], "asks": [[101702.5, 13200.0], [101707.5, 12570.0], [101720.0, 17360.0], [101730.0, 26370.0], [101752.5, 7410.0], [101755.0, 5080.0], [101760.0, 2580.0], [101765.0, 7540.0], [101775.0, 20.0], [101777.5, 7410.0], [101800.0, 14400.0], [101815.0, 7490.0], [101820.0, 6090.0], [101827.5, 7680.0], [101842.5, 7330.0], [101857.5, 7650.0], [101862.5, 105000.0], [101870.0, 18500.0], [101935.0, 7380.0], [101940.0, 20.0]]}}}
{"jsonrpc": "2.0", "method": "subscription", "params": {"channel": "book.BTC-6JUN25.none.20.100ms", "data": {"timestamp": 1749155369171, "change_id": 103899114083, "instrument_name": "BTC-6JUN25", "bids": [[101637.5, 17340.0], [101635.0, 42190.0], [101632.5, 27780.0], [101630.0, 36850.0], [101627.5, 22080.0], [101625.0, 27150.0], [101622.5, 1520.0], [101620.0, 6900.0], [101617.5, 6080.0], [101612.5, 160.0], [101610.0, 50000.0], [101605.0, 6110.0], [101592.5, 6110.0], [101590.0, 10000.0], [101570.0, 6110.0], [101562.5, 2000.0], [101557.5, 12650.0], [101540.0, 6200.0], [101532.5, 40.0], [101502.5, 6110.0]], "asks": [[101647.5, 22730.0], [101650.0, 5200.0], [101652.5, 5230.0], [101655.0, 8700.0], [101657.5, 10000.0], [101660.0, 5380.0], [101662.5, 12230.0], [101665.0, 7530.0], [101667.5, 6110.0], [101677.5, 50000.0], [101685.0, 37630.0], [101695.0, 40.0], [101700.0, 31140.0], [101712.5, 6110.0], [101762.5, 6110.0], [101775.0, 6010.0], [101797.5, 105000.0], [101800.0, 6180.0], [101845.0, 25290.0], [101850.0, 6110.0]]}}}
{"jsonrpc": "2.0", "method": "subscription", "params": {"channel": "book.BTC-6JUN25.none.20.100ms", "data": {"timestamp": 1749155369495, "change_id": 103899114608, "instrument_name": "BTC-6JUN25", "bids": [[101637.5, 7410.0], [101635.0, 16390.0], [101632.5, 27780.0], [101630.0, 36850.0], [101627.5, 22080.0], [101625.0, 30060.0], [101622.5, 21530.0], [101620.0, 6600.0], [101617.5, 5070.0], [101612.5, 15160.0], [101610.0, 50000.0], [101605.0, 6110.0], [101592.5, 6110.0], [101590.0, 10000.0], [101570.0, 6110.0], [101562.5, 2000.0], [101557.5, 12650.0], [101540.0, 6200.0], [101532.5, 40.0], [101502.5, 6110.0]], "asks": [[101642.5, 17660.0], [101645.0, 16850.0], [101647.5, 12130.0], [101650.0, 10630.0], [101652.5, 12390.0], [101655.0, 8700.0], [101657.5, 10000.0], [101660.0, 1710.0], [101665.0, 7530.0], [101667.5, 6110.0], [101677.5, 50000.0], [101685.0, 37630.0], [101695.0, 40.0], [101700.0, 31140.0], [101712.5, 6110.0], [101762.5, 6110.0], [101775.0, 6010.0], [101797.5, 105000.0], [101800.0, 6180.0], [101845.0, 25290.0]]}}}
{"jsonrpc": "2.0", "method": "subscription", "params": {"channel": "book.BTC-13JUN25.none.20.100ms", "data": {"timestamp": 1749155369490, "change_id": 103899114615, "instrument_name": "BTC-13JUN25", "bids": [[101687.5, 5080.0], [101682.5, 6000.0], [101680.0, 23220.0], [101677.5, 7500.0], [101675.0, 4040.0], [101672.5, 1520.0], [101670.0, 5070.0], [101655.0, 57680.0], [101652.5, 10000.0], [101645.0, 2000.0], [101642.5, 7360.0], [101630.0, 7680.0], [101622.5, 2580.0], [101620.0, 6320.0], [101617.5, 7560.0], [101612.5, 14420.0], [101607.5, 50000.0], [101580.0, 7680.0], [101542.5, 7670.0], [101535.0, 18200.0]], "asks": [[101690.0, 13200.0], [101692.5, 9470.0], [101695.0, 7500.0], [101700.0, 6780.0], [101702.5, 5700.0], [101705.0, 3420.0], [101707.5, 7360.0], [101717.5, 5210.0], [101720.0, 17360.0], [101730.0, 26370.0], [101752.5, 7410.0], [101755.0, 5080.0], [101760.0, 2580.0], [101765.0, 7540.0], [101775.0, 20.0], [101777.5, 7410.0], [101800.0, 14400.0], [101815.0, 7490.0], [101820.0, 6090.0], [101827.5, 7680.0]]}}}
{"jsonrpc": "2.0", "method": "subscription", "params": {"channel": "book.BTC-13JUN25.none.20.100ms", "data": {"timestamp": 1749155369751, "change_id": 103899115674, "instrument_name": "BTC-13JUN25", "bids": [[101695.0, 4900.0], [101687.5, 12580.0], [101685.0, 20000.0], [101682.5, 14250.0], [101680.0, 53220.0], [101677.5, 9110.0], [101670.0, 2210.0], [101667.5, 7360.0], [101655.0, 10680.0], [101652.5, 10000.0], [101645.0, 2000.0], [101642.5, 7360.0], [101630.0, 7680.0], [101625.0, 2670.0], [101622.5, 2580.0], [101620.0, 6320.0], [101617.5, 7560.0], [101612.5, 14420.0], [101607.5, 50000.0], [101605.0, 7360.0]], "asks": [[101700.0, 3590.0], [101702.5, 5700.0], [101705.0, 6970.0], [101717.5, 5210.0], [101720.0, 17360.0], [101727.5, 7910.0], [101730.0, 26370.0], [101752.5, 7410.0], [101755.0, 5080.0], [101760.0, 2580.0], [101762.5, 2260.0], [101765.0, 7540.0], [101775.0, 20.0], [101777.5, 7410.0], [101797.5, 4320.0], [101800.0, 14400.0], [101815.0, 7490.0], [101820.0, 6090.0], [101825.0, 2300.0], [101827.5, 7680.0]]}}}
{"jsonrpc": "2.0", "method": "subscription", "params": {"channel": "book.BTC-6JUN25.none.20.100ms", "data": {"timestamp": 1749155369827, "change_id": 103899115673, "instrument_name": "BTC-6JUN25", "bids": [[101640.0, 5700.0], [101637.5, 5700.0], [101635.0, 12260.0], [101632.5, 27780.0], [101630.0, 44360.0], [101627.5, 22080.0], [101625.0, 41180.0], [101622.5, 21530.0], [101620.0, 5080.0], [101612.5, 15160.0], [101610.0, 50000.0], [101605.0, 6110.0], [101595.0, 4830.0], [101592.5, 6110.0], [101590.0, 10000.0], [101570.0, 6110.0], [101562.5, 2000.0], [101557.5, 12650.0], [101540.0, 6200.0], [101532.5, 40.0]], "asks": [[101645.0, 3270.0], [101647.5, 5700.0], [101650.0, 8480.0], [101652.5, 5230.0], [101655.0, 11990.0], [101657.5, 10000.0], [101660.0, 12230.0], [101662.5, 1710.0], [101665.0, 7530.0], [101667.5, 6110.0], [101675.0, 15000.0], [101677.5, 50000.0], [101685.0, 37630.0], [101695.0, 40.0], [101700.0, 31140.0], [101712.5, 6110.0], [101762.5, 6110.0], [101775.0, 6010.0], [101797.5, 105000.0], [101800.0, 6180.0]]}}}
{"jsonrpc": "2.0", "method": "subscription", "params": {"channel": "book.BTC-13JUN25.none.20.100ms", "data": {"timestamp": 1749155370121, "change_id": 103899116213, "instrument_name": "BTC-13JUN25", "bids": [[101697.5, 4900.0], [101692.5, 2070.0], [101690.0, 16310.0], [101685.0, 24040.0], [101682.5, 6000.0], [101680.0, 58300.0], [101677.5, 5070.0], [101670.0, 2210.0], [101667.5, 7360.0], [101655.0, 10680.0], [101652.5, 10000.0], [101645.0, 2000.0], [101642.5, 7360.0], [101630.0, 7680.0], [101622.5, 2580.0], [101620.0, 6320.0], [101617.5, 7560.0], [101612.5, 14420.0], [101607.5, 50000.0], [101605.0, 7360.0]], "asks": [[101702.5, 5700.0], [101705.0, 6970.0], [101717.5, 3000.0], [101720.0, 10000.0], [101727.5, 15270.0], [101730.0, 26370.0], [101752.5, 7410.0], [101755.0, 5080.0], [101760.0, 2580.0], [101765.0, 7540.0], [101775.0, 20.0], [101777.5, 7410.0], [101797.5, 4320.0], [101800.0, 14400.0], [101815.0, 7490.0], [101820.0, 6090.0], [101827.5, 7680.0], [101842.5, 7330.0], [101857.5, 7650.0], [101862.5, 105000.0]]}}}
{"jsonrpc": "2.0", "method": "subscription", "params": {"channel": "book.BTC-6JUN25.none.20.100ms", "data": {"timestamp": 1749155370137, "change_id": 103899116249, "instrument_name": "BTC-6JUN25", "bids": [[101642.5, 5700.0], [101640.0, 5700.0], [101637.5, 5700.0], [101635.0, 27230.0], [101632.5, 27780.0], [101630.0, 22080.0], [101627.5, 22080.0], [101625.0, 33200.0], [101612.5, 11290.0], [101610.0, 50000.0], [101592.5, 6110.0], [101590.0, 10000.0], [101570.0, 6110.0], [101562.5, 2000.0], [101557.5, 12650.0], [101540.0, 6200.0], [101532.5, 40.0], [101502.5, 6110.0], [101460.0, 6180.0], [101450.0, 40.0]], "asks": [[101647.5, 4900.0], [101650.0, 5200.0], [101652.5, 5230.0], [101655.0, 5700.0], [101657.5, 10000.0], [101660.0, 12230.0], [101665.0, 5700.0], [101667.5, 6110.0], [101677.5, 50000.0], [101680.0, 5080.0], [101685.0, 32550.0], [101695.0, 40.0], [101700.0, 31140.0], [101762.5, 6110.0], [101775.0, 6010.0], [101797.5, 105000.0], [101800.0, 6180.0], [101845.0, 25290.0], [101850.0, 6110.0], [101857.5, 40.0]]}}}
{"jsonrpc": "2.0", "method": "subscription", "params": {"channel": "book.BTC-13JUN25.none.20.100ms", "data": {"timestamp": 1749155370442, "change_id": 103899116670, "instrument_name": "BTC-13JUN25", "bids": [[101697.5, 4900.0], [101692.5, 2070.0], [101690.0, 16310.0], [101685.0, 24040.0], [101682.5, 15770.0], [101680.0, 58300.0], [101677.5, 5070.0], [101670.0, 2210.0], [101667.5, 7360.0], [101655.0, 10680.0], [101652.5, 10000.0], [101645.0, 2000.0], [101642.5, 7360.0], [101630.0, 7680.0], [101622.5, 2580.0], [101620.0, 6320.0], [101617.5, 7560.0], [101612.5, 14420.0], [101607.5, 50000.0], [101605.0, 7360.0]], "asks": [[101702.5, 5700.0], [101710.0, 1520.0], [101712.5, 5070.0], [101717.5, 3000.0], [101720.0, 10000.0], [101727.5, 15270.0], [101730.0, 26370.0], [101752.5, 7410.0], [101755.0, 5080.0], [101760.0, 2580.0], [101765.0, 7540.0], [101775.0, 20.0], [101777.5, 7410.0], [101797.5, 4320.0], [101800.0, 14400.0], [101815.0, 7490.0], [101820.0, 6090.0], [101827.5, 7680.0], [101842.5, 7330.0], [101857.5, 7650.0]]}}}
{"jsonrpc": "2.0", "method": "subscription", "params": {"channel": "book.BTC-6JUN25.none.20.100ms", "data": {"timestamp": 1749155370343, "change_id": 103899116620, "instrument_name": "BTC-6JUN25", "bids": [[101642.5, 7410.0], [101640.0, 5700.0], [101637.5, 13870.0], [101635.0, 42190.0], [101632.5, 32850.0], [101630.0, 37140.0], [101627.5, 22080.0], [101625.0, 28130.0], [101612.5, 11290.0], [101610.0, 50000.0], [101592.5, 6110.0], [101590.0, 10000.0], [101570.0, 6110.0], [101562.5, 2000.0], [101557.5, 12650.0], [101540.0, 6200.0], [101532.5, 40.0], [101502.5, 6110.0], [101460.0, 6180.0], [101450.0, 40.0]], "asks": [[101647.5, 8220.0], [101650.0, 5200.0], [101652.5, 160.0], [101655.0, 10670.0], [101657.5, 10000.0], [101660.0, 5070.0], [101662.5, 4130.0], [101665.0, 19760.0], [101667.5, 6110.0], [101677.5, 50000.0], [101680.0, 5080.0], [101685.0, 32550.0], [101695.0, 40.0], [101700.0, 31140.0], [101762.5, 6110.0], [101775.0, 6010.0], [101797.5, 105000.0], [101800.0, 6180.0], [101845.0, 25290.0], [101850.0, 6110.0]]}}}
{"jsonrpc": "2.0", "method": "subscription", "params": {"channel": "book.BTC-13JUN25.none.20.100ms", "data": {"timestamp": 1749155370724, "change_id": 103899117309, "instrument_name": "BTC-13JUN25", "bids": [[101697.5, 4900.0], [101692.5, 2070.0], [101690.0, 16310.0], [101687.5, 4040.0], [101685.0, 25080.0], [101682.5, 15770.0], [101680.0, 53220.0], [101677.5, 5070.0], [101670.0, 2210.0], [101667.5, 7360.0], [101655.0, 10680.0], [101652.5, 10000.0], [101645.0, 2000.0], [101642.5, 7360.0], [101630.0, 7680.0], [101622.5, 2580.0], [101620.0, 6320.0], [101617.5, 7560.0], [101612.5, 14420.0], [101607.5, 50000.0]], "asks": [[101702.5, 5700.0], [101710.0, 1520.0], [101712.5, 5070.0], [101717.5, 3000.0], [101720.0, 10000.0], [101727.5, 15270.0], [101730.0, 26370.0], [101752.5, 7410.0], [101755.0, 5080.0], [101760.0, 2580.0], [101765.0, 7540.0], [101775.0, 20.0], [101777.5, 7410.0], [101797.5, 4320.0], [101800.0, 14400.0], [101815.0, 7490.0], [101820.0, 6090.0], [101827.5, 7680.0], [101842.5, 7330.0], [101857.5, 7650.0]]}}}
{"jsonrpc": "2.0", "method": "subscription", "params": {"channel": "book.BTC-6JUN25.none.20.100ms", "data": {"timestamp": 1749155370711, "change_id": 103899117017, "instrument_name": "BTC-6JUN25", "bids": [[101642.5, 7410.0], [101640.0, 5700.0], [101637.5, 13870.0], [101635.0, 42190.0], [101632.5, 32850.0], [101630.0, 37140.0], [101627.5, 22080.0], [101625.0, 28130.0], [101617.5, 5080.0], [101612.5, 21210.0], [101610.0, 50000.0], [101592.5, 6110.0], [101590.0, 10000.0], [101572.5, 1830.0], [101570.0, 6110.0], [101562.5, 2000.0], [101557.5, 12650.0], [101542.5, 1860.0], [101540.0, 6200.0], [101532.5, 40.0]], "asks": [[101647.5, 13920.0], [101650.0, 5200.0], [101652.5, 160.0], [101655.0, 10670.0], [101657.5, 10000.0], [101660.0, 5070.0], [101662.5, 4130.0], [101665.0, 19760.0], [101667.5, 6110.0], [101675.0, 16520.0], [101677.5, 50000.0], [101680.0, 5080.0], [101685.0, 32550.0], [101695.0, 40.0], [101700.0, 31140.0], [101760.0, 1830.0], [101762.5, 6110.0], [101775.0, 6010.0], [101795.0, 33350.0], [101797.5, 105000.0]]}}}
{"jsonrpc": "2.0", "method": "subscription", "params": {"channel": "book.BTC-13JUN25.none.20.100ms", "data": {"timestamp": 1749155371125, "change_id": 103899117748, "instrument_name": "BTC-13JUN25", "bids": [[101697.5, 4900.0], [101692.5, 2070.0], [101690.0, 16310.0], [101687.5, 4040.0], [101685.0, 25080.0], [101682.5, 15770.0], [101680.0, 53220.0], [101677.5, 5070.0], [101670.0, 2210.0], [101667.5, 7360.0], [101657.5, 2300.0], [101655.0, 10680.0], [101652.5, 10000.0], [101645.0, 2000.0], [101630.0, 7680.0], [101622.5, 2580.0], [101620.0, 6320.0], [101617.5, 7560.0], [101612.5, 14420.0], [101610.0, 17210.0]], "asks": [[101702.5, 13200.0], [101710.0, 1520.0], [101712.5, 5070.0], [101717.5, 3000.0], [101720.0, 10000.0], [101727.5, 15270.0], [101730.0, 26370.0], [101740.0, 7360.0], [101750.0, 3750.0], [101752.5, 7410.0], [101755.0, 5080.0], [101760.0, 2580.0], [101765.0, 7540.0], [101775.0, 20.0], [101777.5, 7410.0], [101797.5, 4320.0], [101800.0, 14400.0], [101815.0, 7490.0], [101820.0, 6090.0], [101842.5, 7330.0]]}}}
{"jsonrpc": "2.0", "method": "subscription", "params": {"channel": "book.BTC-13JUN25.none.20.100ms", "data": {"timestamp": 1749155371432, "change_id": 103899118049, "instrument_name": "BTC-13JUN25", "bids": [[101692.5, 2070.0], [101690.0, 16310.0], [101685.0, 29120.0], [101682.5, 15770.0], [101680.0, 53220.0], [101677.5, 5070.0], [101670.0, 2210.0], [101667.5, 7360.0], [101657.5, 2300.0], [101655.0, 10680.0], [101652.5, 10000.0], [101645.0, 2000.0], [101630.0, 7680.0], [101622.5, 2580.0], [101620.0, 6320.0], [101617.5, 7560.0], [101612.5, 14420.0], [101610.0, 17210.0], [101607.5, 50000.0], [101605.0, 7360.0]], "asks": [[101702.5, 7500.0], [101710.0, 3040.0], [101712.5, 5070.0], [101715.0, 5700.0], [101717.5, 3000.0], [101720.0, 10000.0], [101727.5, 15270.0], [101730.0, 26370.0], [101740.0, 7360.0], [101750.0, 3750.0], [101752.5, 7410.0], [101755.0, 5080.0], [101760.0, 2580.0], [101765.0, 7540.0], [101775.0, 20.0], [101777.5, 7410.0], [101797.5, 4320.0], [101800.0, 14400.0], [101815.0, 7490.0], [101820.0, 6090.0]]}}}
{"jsonrpc": "2.0", "method": "subscription", "params": {"channel": "book.BTC-6JUN25.none.20.100ms", "data": {"timestamp": 1749155371372, "change_id": 103899118033, "instrument_name": "BTC-6JUN25", "bids": [[101642.5, 7410.0], [101640.0, 5700.0], [101637.5, 13870.0], [101635.0, 42190.0], [101632.5, 32850.0], [101630.0, 37140.0], [101627.5, 22080.0], [101625.0, 28130.0], [101617.5, 5080.0], [101612.5, 21210.0], [101610.0, 50000.0], [101592.5, 6110.0], [101590.0, 10000.0], [101572.5, 1830.0], [101570.0, 6110.0], [101562.5, 2000.0], [101557.5, 12650.0], [101542.5, 1860.0], [101540.0, 6200.0], [101532.5, 40.0]], "asks": [[101647.5, 8220.0], [101650.0, 5200.0], [101652.5, 160.0], [101655.0, 10670.0], [101657.5, 10000.0], [101660.0, 5070.0], [101662.5, 4130.0], [101665.0, 19760.0], [101667.5, 6110.0], [101675.0, 16520.0], [101677.5, 50000.0], [101680.0, 5080.0], [101685.0, 32550.0], [101695.0, 40.0], [101700.0, 31140.0], [101760.0, 1830.0], [101762.5, 6110.0], [101775.0, 6010.0], [101795.0, 33350.0], [101797.5, 105000.0]]}}}
{"jsonrpc": "2.0", "method": "subscription", "params": {"channel": "book.BTC-13JUN25.none.20.100ms", "data": {"timestamp": 1749155371724, "change_id": 103899118737, "instrument_name": "BTC-13JUN25", "bids": [[101702.5, 4400.0], [101700.0, 1710.0], [101695.0, 13580.0], [101692.5, 27500.0], [101690.0, 6290.0], [101687.5, 4040.0], [101682.5, 15770.0], [101680.0, 53220.0], [101677.5, 5070.0], [101670.0, 2210.0], [101667.5, 7360.0], [101657.5, 2300.0], [101655.0, 10680.0], [101652.5, 10000.0], [101645.0, 2000.0], [101630.0, 7680.0], [101622.5, 2580.0], [101620.0, 6320.0], [101617.5, 7560.0], [101612.5, 14420.0]], "asks": [[101707.5, 7500.0], [101710.0, 3040.0], [101712.5, 5070.0], [101715.0, 5700.0], [101717.5, 3000.0], [101720.0, 10000.0], [101727.5, 15270.0], [101730.0, 26370.0], [101740.0, 7360.0], [101750.0, 3750.0], [101752.5, 7410.0], [101755.0, 5080.0], [101760.0, 2580.0], [101765.0, 7540.0], [101775.0, 20.0], [101777.5, 7410.0], [101797.5, 4320.0], [101800.0, 14400.0], [101815.0, 7490.0], [101820.0, 6090.0]]}}}
{"jsonrpc": "2.0", "method": "subscription", "params": {"channel": "book.BTC-6JUN25.none.20.100ms", "data": {"timestamp": 1749155371726, "change_id": 103899118783, "instrument_name": "BTC-6JUN25", "bids": [[101647.5, 7410.0], [101645.0, 5700.0], [101642.5, 1710.0], [101640.0, 5700.0], [101637.5, 13870.0], [101635.0, 42190.0], [101632.5, 27150.0], [101630.0, 37140.0], [101627.5, 22080.0], [101625.0, 28130.0], [101620.0, 5080.0], [101612.5, 21210.0], [101610.0, 50000.0], [101592.5, 6110.0], [101590.0, 10000.0], [101572.5, 1830.0], [101570.0, 6110.0], [101562.5, 2000.0], [101560.0, 3800.0], [101557.5, 12650.0]], "asks": [[101652.5, 4640.0], [101655.0, 5700.0], [101657.5, 10000.0], [101660.0, 12160.0], [101662.5, 5700.0], [101665.0, 19760.0], [101667.5, 6110.0], [101672.5, 160.0], [101675.0, 16520.0], [101677.5, 50000.0], [101682.5, 9770.0], [101685.0, 32550.0], [101687.5, 5080.0], [101695.0, 40.0], [101700.0, 31140.0], [101760.0, 1830.0], [101762.5, 6110.0], [101772.5, 1800.0], [101775.0, 6010.0], [101795.0, 33350.0]]}}}
{"jsonrpc": "2.0", "method": "subscription", "params": {"channel": "book.BTC-13JUN25.none.20.100ms", "data": {"timestamp": 1749155372121, "change_id": 103899119278, "instrument_name": "BTC-13JUN25", "bids": [[101702.5, 4400.0], [101700.0, 3000.0], [101695.0, 21080.0], [101692.5, 20000.0], [101690.0, 6290.0], [101687.5, 4040.0], [101682.5, 15770.0], [101680.0, 53220.0], [101677.5, 5070.0], [101670.0, 2210.0], [101667.5, 7360.0], [101657.5, 2300.0], [101655.0, 10680.0], [101652.5, 10000.0], [101645.0, 2000.0], [101642.5, 7360.0], [101632.5, 2300.0], [101630.0, 7680.0], [101622.5, 2580.0], [101620.0, 6320.0]], "asks": [[101707.5, 7500.0], [101710.0, 3040.0], [101712.5, 5070.0], [101715.0, 5700.0], [101717.5, 3000.0], [101720.0, 10000.0], [101727.5, 15270.0], [101730.0, 26370.0], [101737.5, 2210.0], [101740.0, 7360.0], [101750.0, 3750.0], [101752.5, 7410.0], [101755.0, 5080.0], [101760.0, 2580.0], [101765.0, 7540.0], [101775.0, 2240.0], [101777.5, 7410.0], [101797.5, 4320.0], [101800.0, 14400.0], [101802.5, 7360.0]]}}}
{"jsonrpc": "2.0", "method": "subscription", "params": {"channel": "book.BTC-6JUN25.none.20.100ms", "data": {"timestamp": 1749155371898, "change_id": 103899118959, "instrument_name": "BTC-6JUN25", "bids": [[101647.5, 7410.0], [101645.0, 5700.0], [101642.5, 1710.0], [101640.0, 5700.0], [101637.5, 13870.0], [101635.0, 42190.0], [101632.5, 27150.0], [101630.0, 37140.0], [101627.5, 22080.0], [101625.0, 28130.0], [101620.0, 5080.0], [101612.5, 21210.0], [101610.0, 50000.0], [101592.5, 6110.0], [101590.0, 10000.0], [101572.5, 1830.0], [101570.0, 6110.0], [101562.5, 2000.0], [101560.0, 3800.0], [101557.5, 12650.0]], "asks": [[101650.0, 10600.0], [101652.5, 4640.0], [101655.0, 5700.0], [101657.5, 10000.0], [101660.0, 12320.0], [101662.5, 5700.0], [101665.0, 19760.0], [101667.5, 6110.0], [101675.0, 16520.0], [101677.5, 50000.0], [101682.5, 9770.0], [101685.0, 32550.0], [101687.5, 5080.0], [101695.0, 40.0], [101700.0, 31140.0], [101760.0, 1830.0], [101762.5, 6110.0], [101772.5, 1800.0], [101775.0, 6010.0], [101795.0, 33350.0]]}}}
{"jsonrpc": "2.0", "method": "subscription", "params": {"channel": "book.BTC-13JUN25.none.20.100ms", "data": {"timestamp": 1749155372472, "change_id": 103899119878, "instrument_name": "BTC-13JUN25", "bids": [[101692.5, 23770.0], [101690.0, 13790.0], [101685.0, 4040.0], [101682.5, 15770.0], [101680.0, 53220.0], [101670.0, 2210.0], [101667.5, 7360.0], [101657.5, 2300.0], [101655.0, 10680.0], [101652.5, 10000.0], [101645.0, 2000.0], [101642.5, 7360.0], [101632.5, 2300.0], [101630.0, 7680.0], [101622.5, 2580.0], [101617.5, 7560.0], [101612.5, 14420.0], [101610.0, 23530.0], [101607.5, 50000.0], [101605.0, 7360.0]], "asks": [[101697.5, 7500.0], [101700.0, 9540.0], [101702.5, 12800.0], [101710.0, 3040.0], [101712.5, 5070.0], [101715.0, 5700.0], [101717.5, 3000.0], [101720.0, 10000.0], [101722.5, 690.0], [101725.0, 2300.0], [101727.5, 15270.0], [101730.0, 26370.0], [101737.5, 2210.0], [101740.0, 7360.0], [101750.0, 3750.0], [101752.5, 7410.0], [101755.0, 5080.0], [101760.0, 2580.0], [101765.0, 7540.0], [101775.0, 2240.0]]}}}
{"jsonrpc": "2.0", "method": "subscription", "params": {"channel": "book.BTC-6JUN25.none.20.100ms", "data": {"timestamp": 1749155372452, "change_id": 103899119836, "instrument_name": "BTC-6JUN25", "bids": [[101647.5, 5700.0], [101645.0, 5700.0], [101642.5, 1710.0], [101640.0, 5700.0], [101637.5, 13870.0], [101635.0, 36490.0], [101632.5, 22080.0], [101630.0, 37140.0], [101627.5, 22080.0], [101625.0, 28130.0], [101622.5, 1520.0], [101620.0, 5080.0], [101612.5, 21210.0], [101610.0, 50000.0], [101592.5, 6110.0], [101590.0, 10000.0], [101572.5, 1830.0], [101570.0, 6110.0], [101562.5, 2000.0], [101560.0, 3800.0]], "asks": [[101650.0, 10600.0], [101652.5, 4640.0], [101655.0, 5700.0], [101657.5, 10000.0], [101660.0, 12320.0], [101662.5, 5700.0], [101665.0, 19760.0], [101667.5, 6110.0], [101675.0, 16520.0], [101677.5, 50000.0], [101682.5, 9770.0], [101685.0, 32550.0], [101687.5, 5080.0], [101695.0, 40.0], [101700.0, 31140.0], [101760.0, 1830.0], [101762.5, 6110.0], [101772.5, 1800.0], [101775.0, 6010.0], [101795.0, 33350.0]]}}}
{"jsonrpc": "2.0", "method": "subscription", "params": {"channel": "book.BTC-6JUN25.none.20.100ms", "data": {"timestamp": 1749155372732, "change_id": 103899121341, "instrument_name": "BTC-6JUN25", "bids": [[101635.0, 21530.0], [101632.5, 22080.0], [101630.0, 22080.0], [101627.5, 22080.0], [101625.0, 22080.0], [101612.5, 5080.0], [101610.0, 50000.0], [101605.0, 5070.0], [101595.0, 160.0], [101592.5, 6110.0], [101590.0, 10000.0], [101570.0, 6110.0], [101562.5, 2000.0], [101542.5, 12650.0], [101540.0, 6200.0], [101532.5, 40.0], [101502.5, 6110.0], [101480.0, 24720.0], [101460.0, 6180.0], [101450.0, 40.0]], "asks": [[101640.0, 16850.0], [101642.5, 11780.0], [101645.0, 11250.0], [101647.5, 5700.0], [101650.0, 12230.0], [101652.5, 50000.0], [101655.0, 5700.0], [101657.5, 10000.0], [101660.0, 160.0], [101662.5, 5700.0], [101665.0, 5700.0], [101667.5, 6110.0], [101677.5, 55080.0], [101685.0, 32550.0], [101695.0, 40.0], [101700.0, 31140.0], [101762.5, 6110.0], [101775.0, 6010.0], [101797.5, 105000.0], [101800.0, 6180.0]]}}}
{"jsonrpc": "2.0", "method": "subscription", "params": {"channel": "book.BTC-13JUN25.none.20.100ms", "data": {"timestamp": 1749155372727, "change_id": 103899121368, "instrument_name": "BTC-13JUN25", "bids": [[101682.5, 20000.0], [101680.0, 12580.0], [101667.5, 4040.0], [101660.0, 5070.0], [101652.5, 10000.0], [101645.0, 52000.0], [101642.5, 7360.0], [101630.0, 7680.0], [101617.5, 7560.0], [101612.5, 14420.0], [101610.0, 6320.0], [101607.5, 50000.0], [101605.0, 7360.0], [101580.0, 7680.0], [101550.0, 6390.0], [101542.5, 7670.0], [101535.0, 18200.0], [101532.5, 20.0], [101530.0, 7360.0], [101492.5, 7410.0]], "asks": [[101692.5, 12570.0], [101700.0, 5700.0], [101702.5, 5300.0], [101705.0, 7360.0], [101715.0, 5700.0], [101720.0, 10000.0], [101725.0, 2300.0], [101727.5, 7360.0], [101730.0, 26370.0], [101740.0, 7360.0], [101752.5, 7410.0], [101755.0, 5080.0], [101760.0, 2580.0], [101765.0, 7540.0], [101775.0, 20.0], [101777.5, 7410.0], [101800.0, 14400.0], [101802.5, 7360.0], [101815.0, 7490.0], [101820.0, 6090.0]]}}}
{"jsonrpc": "2.0", "method": "subscription", "params": {"channel": "book.BTC-6JUN25.none.20.100ms", "data": {"timestamp": 1749155373140, "change_id": 103899122540, "instrument_name": "BTC-6JUN25", "bids": [[101635.0, 10800.0], [101632.5, 22080.0], [101630.0, 22080.0], [101627.5, 22080.0], [101625.0, 22080.0], [101612.5, 1520.0], [101610.0, 21600.0], [101607.5, 50000.0], [101605.0, 5070.0], [101592.5, 6110.0], [101575.0, 10000.0], [101570.0, 6110.0], [101562.5, 2000.0], [101542.5, 12650.0], [101540.0, 6200.0], [101532.5, 40.0], [101502.5, 6110.0], [101480.0, 24720.0], [101465.0, 160.0], [101460.0, 6180.0]], "asks": [[101637.5, 16680.0], [101640.0, 16850.0], [101642.5, 17200.0], [101645.0, 11250.0], [101647.5, 160.0], [101650.0, 15000.0], [101652.5, 50000.0], [101665.0, 5700.0], [101667.5, 6110.0], [101677.5, 55080.0], [101685.0, 32550.0], [101695.0, 40.0], [101700.0, 31140.0], [101762.5, 6110.0], [101775.0, 6010.0], [101797.5, 105000.0], [101800.0, 6180.0], [101845.0, 25290.0], [101850.0, 6110.0], [101857.5, 40.0]]}}}
{"jsonrpc": "2.0", "method": "subscription", "params": {"channel": "book.BTC-13JUN25.none.20.100ms", "data": {"timestamp": 1749155372925, "change_id": 103899122266, "instrument_name": "BTC-13JUN25", "bids": [[101677.5, 5080.0], [101670.0, 20000.0], [101667.5, 7500.0], [101650.0, 5070.0], [101642.5, 7360.0], [101640.0, 50000.0], [101637.5, 10000.0], [101630.0, 7680.0], [101617.5, 9560.0], [101612.5, 14420.0], [101610.0, 8890.0], [101607.5, 50000.0], [101605.0, 7360.0], [101580.0, 7680.0], [101550.0, 6390.0], [101542.5, 7670.0], [101535.0, 18200.0], [101532.5, 20.0], [101530.0, 7360.0], [101492.5, 7410.0]], "asks": [[101680.0, 7500.0], [101682.5, 12570.0], [101700.0, 5700.0], [101702.5, 5300.0], [101705.0, 17360.0], [101715.0, 5700.0], [101725.0, 2300.0], [101727.5, 7360.0], [101730.0, 26370.0], [101740.0, 7360.0], [101752.5, 7410.0], [101755.0, 5080.0], [101760.0, 2580.0], [101765.0, 7540.0], [101775.0, 20.0], [101777.5, 7410.0], [101800.0, 14400.0], [101802.5, 7360.0], [101815.0, 7490.0], [101820.0, 6090.0]]}}}
{"jsonrpc": "2.0", "method": "subscription", "params": {"channel": "book.BTC-13JUN25.none.20.100ms", "data": {"timestamp": 1749155373437, "change_id": 103899123192, "instrument_name": "BTC-13JUN25", "bids": [[101677.5, 5080.0], [101672.5, 3900.0], [101670.0, 22250.0], [101667.5, 7500.0], [101650.0, 5070.0], [101642.5, 22360.0], [101640.0, 53000.0], [101637.5, 10000.0], [101632.5, 2300.0], [101630.0, 7680.0], [101617.5, 9560.0], [101612.5, 14420.0], [101610.0, 6320.0], [101607.5, 52570.0], [101580.0, 7680.0], [101550.0, 6390.0], [101542.5, 7670.0], [101535.0, 18200.0], [101532.5, 20.0], [101530.0, 7360.0]], "asks": [[101680.0, 7500.0], [101682.5, 12570.0], [101702.5, 5300.0], [101705.0, 17360.0], [101725.0, 2300.0], [101727.5, 7360.0], [101730.0, 26370.0], [101752.5, 7410.0], [101755.0, 5080.0], [101760.0, 2580.0], [101765.0, 7540.0], [101775.0, 20.0], [101777.5, 7410.0], [101800.0, 14400.0], [101802.5, 7360.0], [101815.0, 7490.0], [101820.0, 6090.0], [101842.5, 7330.0], [101857.5, 7650.0], [101862.5, 105000.0]]}}}
{"jsonrpc": "2.0", "method": "subscription", "params": {"channel": "book.BTC-6JUN25.none.20.100ms", "data": {"timestamp": 1749155373428, "change_id": 103899123170, "instrument_name": "BTC-6JUN25", "bids": [[101635.0, 9300.0], [101632.5, 22080.0], [101630.0, 22080.0], [101627.5, 22080.0], [101625.0, 22080.0], [101612.5, 1520.0], [101610.0, 21600.0], [101607.5, 50000.0], [101605.0, 5070.0], [101592.5, 6110.0], [101575.0, 10000.0], [101570.0, 6110.0], [101562.5, 2000.0], [101542.5, 12650.0], [101540.0, 6200.0], [101532.5, 40.0], [101502.5, 6110.0], [101485.0, 160.0], [101480.0, 24720.0], [101460.0, 6180.0]], "asks": [[101637.5, 16680.0], [101640.0, 16850.0], [101642.5, 15700.0], [101645.0, 15830.0], [101647.5, 160.0], [101650.0, 15000.0], [101652.5, 50000.0], [101662.5, 1710.0], [101665.0, 5700.0], [101667.5, 6110.0], [101677.5, 55080.0], [101685.0, 32550.0], [101695.0, 40.0], [101700.0, 31140.0], [101762.5, 6110.0], [101775.0, 6010.0], [101797.5, 105000.0], [101800.0, 6180.0], [101845.0, 25290.0], [101850.0, 6110.0]]}}}
{"jsonrpc": "2.0", "method": "subscription", "params": {"channel": "book.BTC-13JUN25.none.20.100ms", "data": {"timestamp": 1749155373771, "change_id": 103899123998, "instrument_name": "BTC-13JUN25", "bids": [[101672.5, 8670.0], [101670.0, 23490.0], [101667.5, 5080.0], [101665.0, 7500.0], [101652.5, 1520.0], [101650.0, 5070.0], [101642.5, 22360.0], [101640.0, 53000.0], [101637.5, 10000.0], [101632.5, 2300.0], [101630.0, 7680.0], [101620.0, 2870.0], [101617.5, 9560.0], [101615.0, 6220.0], [101612.5, 14420.0], [101610.0, 22090.0], [101607.5, 52570.0], [101605.0, 7360.0], [101582.5, 2300.0], [101580.0, 7680.0]], "asks": [[101677.5, 11720.0], [101680.0, 7500.0], [101682.5, 12570.0], [101700.0, 6800.0], [101702.5, 5300.0], [101705.0, 17360.0], [101722.5, 690.0], [101725.0, 12420.0], [101727.5, 7360.0], [101730.0, 26370.0], [101735.0, 3540.0], [101737.5, 5080.0], [101740.0, 7360.0], [101750.0, 2220.0], [101752.5, 7410.0], [101757.5, 770.0], [101760.0, 2580.0], [101762.5, 2260.0], [101765.0, 7540.0], [101775.0, 2240.0]]}}}
{"jsonrpc": "2.0", "method": "subscription", "params": {"channel": "book.BTC-6JUN25.none.20.100ms", "data": {"timestamp": 1749155373517, "change_id": 103899123962, "instrument_name": "BTC-6JUN25", "bids": [[101635.0, 9300.0], [101632.5, 22080.0], [101630.0, 22080.0], [101627.5, 22080.0], [101625.0, 22080.0], [101615.0, 1710.0], [101612.5, 5700.0], [101610.0, 16520.0], [101607.5, 50000.0], [101605.0, 5070.0], [101600.0, 5080.0], [101595.0, 1830.0], [101592.5, 6110.0], [101575.0, 10000.0], [101570.0, 6110.0], [101565.0, 600.0], [101562.5, 2000.0], [101557.5, 6050.0], [101542.5, 12650.0], [101540.0, 6200.0]], "asks": [[101637.5, 16680.0], [101640.0, 26310.0], [101642.5, 15700.0], [101645.0, 15830.0], [101647.5, 160.0], [101650.0, 15000.0], [101652.5, 50000.0], [101662.5, 3020.0], [101665.0, 10780.0], [101667.5, 6110.0], [101675.0, 15000.0], [101677.5, 50000.0], [101685.0, 32550.0], [101695.0, 40.0], [101700.0, 31140.0], [101760.0, 1830.0], [101762.5, 6110.0], [101775.0, 6010.0], [101795.0, 33350.0], [101797.5, 105000.0]]}}}
{"jsonrpc": "2.0", "method": "subscription", "params": {"channel": "book.BTC-13JUN25.none.20.100ms", "data": {"timestamp": 1749155374106, "change_id": 103899124358, "instrument_name": "BTC-13JUN25", "bids": [[101670.0, 3490.0], [101667.5, 5080.0], [101665.0, 7500.0], [101652.5, 1520.0], [101650.0, 5070.0], [101642.5, 22360.0], [101640.0, 53000.0], [101637.5, 10000.0], [101632.5, 2300.0], [101630.0, 7680.0], [101620.0, 2870.0], [101617.5, 9560.0], [101615.0, 6220.0], [101612.5, 14420.0], [101610.0, 28330.0], [101607.5, 72570.0], [101605.0, 7360.0], [101582.5, 2300.0], [101580.0, 7680.0], [101552.5, 1920.0]], "asks": [[101675.0, 17160.0], [101677.5, 13200.0], [101680.0, 1520.0], [101682.5, 5070.0], [101700.0, 6800.0], [101702.5, 5300.0], [101705.0, 17360.0], [101722.5, 690.0], [101725.0, 12420.0], [101727.5, 7360.0], [101730.0, 26370.0], [101735.0, 3540.0], [101737.5, 5080.0], [101740.0, 7360.0], [101750.0, 2220.0], [101752.5, 7410.0], [101757.5, 770.0], [101760.0, 2580.0], [101762.5, 2260.0], [101765.0, 7540.0]]}}}
{"jsonrpc": "2.0", "method": "subscription", "params": {"channel": "book.BTC-6JUN25.none.20.100ms", "data": {"timestamp": 1749155373992, "change_id": 103899124241, "instrument_name": "BTC-6JUN25", "bids": [[101635.0, 9300.0], [101632.5, 22080.0], [101630.0, 22080.0], [101627.5, 22080.0], [101625.0, 22080.0], [101615.0, 1710.0], [101612.5, 5700.0], [101610.0, 16520.0], [101607.5, 50000.0], [101605.0, 5070.0], [101600.0, 5080.0], [101595.0, 1830.0], [101592.5, 6110.0], [101575.0, 10000.0], [101570.0, 6110.0], [101565.0, 600.0], [101562.5, 2000.0], [101557.5, 6050.0], [101542.5, 12650.0], [101540.0, 6200.0]], "asks": [[101637.5, 16680.0], [101640.0, 30890.0], [101642.5, 15700.0], [101645.0, 13830.0], [101647.5, 160.0], [101650.0, 15000.0], [101652.5, 51290.0], [101662.5, 3020.0], [101665.0, 10780.0], [101667.5, 6110.0], [101675.0, 15000.0], [101677.5, 50000.0], [101685.0, 32550.0], [101695.0, 40.0], [101700.0, 31140.0], [101760.0, 1830.0], [101762.5, 6110.0], [101775.0, 6010.0], [101795.0, 33350.0], [101797.5, 105000.0]]}}}
{"jsonrpc": "2.0", "method": "subscription", "params": {"channel": "book.BTC-13JUN25.none.20.100ms", "data": {"timestamp": 1749155374374, "change_id": 103899124765, "instrument_name": "BTC-13JUN25", "bids": [[101670.0, 1520.0], [101667.5, 5080.0], [101665.0, 2070.0], [101662.5, 7500.0], [101652.5, 1520.0], [101650.0, 5070.0], [101642.5, 22360.0], [101640.0, 53000.0], [101637.5, 10000.0], [101632.5, 2300.0], [101630.0, 7680.0], [101620.0, 2870.0], [101617.5, 9560.0], [101615.0, 6220.0], [101612.5, 14420.0], [101610.0, 28330.0], [101607.5, 72570.0], [101605.0, 7360.0], [101582.5, 2300.0], [101580.0, 7680.0]], "asks": [[101675.0, 13200.0], [101677.5, 13200.0], [101680.0, 1520.0], [101682.5, 5070.0], [101700.0, 6800.0], [101702.5, 5300.0], [101705.0, 17360.0], [101722.5, 690.0], [101725.0, 12420.0], [101727.5, 7360.0], [101730.0, 26370.0], [101735.0, 3540.0], [101737.5, 5080.0], [101740.0, 7360.0], [101750.0, 2220.0], [101752.5, 7410.0], [101757.5, 770.0], [101760.0, 2580.0], [101762.5, 2260.0], [101765.0, 7540.0]]}}}
{"jsonrpc": "2.0", "method": "subscription", "params": {"channel": "book.BTC-6JUN25.none.20.100ms", "data": {"timestamp": 1749155374270, "change_id": 103899124711, "instrument_name": "BTC-6JUN25", "bids": [[101635.0, 9300.0], [101632.5, 22080.0], [101630.0, 22080.0], [101627.5, 22080.0], [101625.0, 22080.0], [101615.0, 1710.0], [101612.5, 5700.0], [101610.0, 16520.0], [101607.5, 50000.0], [101605.0, 5070.0], [101600.0, 5080.0], [101595.0, 1830.0], [101592.5, 6110.0], [101575.0, 10000.0], [101570.0, 6110.0], [101565.0, 600.0], [101562.5, 2000.0], [101557.5, 6050.0], [101542.5, 12650.0], [101540.0, 6200.0]], "asks": [[101637.5, 16680.0], [101640.0, 29100.0], [101642.5, 15700.0], [101645.0, 19700.0], [101647.5, 160.0], [101650.0, 15000.0], [101652.5, 50000.0], [101662.5, 3020.0], [101665.0, 10780.0], [101667.5, 6110.0], [101675.0, 15000.0], [101677.5, 50000.0], [101685.0, 32550.0], [101695.0, 40.0], [101700.0, 31140.0], [101760.0, 1830.0], [101762.5, 6110.0], [101775.0, 6010.0], [101795.0, 33350.0], [101797.5, 105000.0]]}}}
{"jsonrpc": "2.0", "method": "subscription", "params": {"channel": "book.BTC-13JUN25.none.20.100ms", "data": {"timestamp": 1749155374568, "change_id": 103899124858, "instrument_name": "BTC-13JUN25", "bids": [[101670.0, 1520.0], [101667.5, 5080.0], [101665.0, 2070.0], [101662.5, 7500.0], [101652.5, 1520.0], [101650.0, 5070.0], [101642.5, 22360.0], [101640.0, 53000.0], [101637.5, 10000.0], [101632.5, 2300.0], [101630.0, 7680.0], [101620.0, 2870.0], [101617.5, 9560.0], [101615.0, 6220.0], [101612.5, 14420.0], [101610.0, 28330.0], [101607.5, 52570.0], [101605.0, 13360.0], [101602.5, 20000.0], [101595.0, 2210.0]], "asks": [[101675.0, 9660.0], [101677.5, 13200.0], [101680.0, 1520.0], [101682.5, 5070.0], [101700.0, 6800.0], [101702.5, 5300.0], [101705.0, 17360.0], [101722.5, 690.0], [101725.0, 12420.0], [101727.5, 7360.0], [101730.0, 26370.0], [101735.0, 3540.0], [101737.5, 5080.0], [101740.0, 7360.0], [101750.0, 2220.0], [101752.5, 7410.0], [101757.5, 770.0], [101760.0, 2580.0], [101762.5, 2260.0], [101765.0, 7540.0]]}}}
{"jsonrpc": "2.0", "method": "subscription", "params": {"channel": "book.BTC-6JUN25.none.20.100ms", "data": {"timestamp": 1749155374524, "change_id": 103899125350, "instrument_name": "BTC-6JUN25", "bids": [[101635.0, 9300.0], [101632.5, 22080.0], [101630.0, 22080.0], [101627.5, 22080.0], [101625.0, 22080.0], [101620.0, 1710.0], [101617.5, 5700.0], [101615.0, 1710.0], [101612.5, 5700.0], [101610.0, 16520.0], [101607.5, 50000.0], [101605.0, 5070.0], [101602.5, 1520.0], [101600.0, 5080.0], [101595.0, 1830.0], [101592.5, 6110.0], [101575.0, 10000.0], [101570.0, 6110.0], [101565.0, 600.0], [101562.5, 2000.0]], "asks": [[101637.5, 16680.0], [101640.0, 29100.0], [101642.5, 15700.0], [101645.0, 21460.0], [101647.5, 5860.0], [101650.0, 15000.0], [101652.5, 50000.0], [101662.5, 3020.0], [101665.0, 10780.0], [101667.5, 6110.0], [101675.0, 15000.0], [101677.5, 50000.0], [101685.0, 32550.0], [101695.0, 40.0], [101700.0, 31140.0], [101760.0, 1830.0], [101762.5, 6110.0], [101775.0, 6010.0], [101795.0, 33350.0], [101797.5, 105000.0]]}}}
{"jsonrpc": "2.0", "method": "subscription", "params": {"channel": "book.BTC-13JUN25.none.20.100ms", "data": {"timestamp": 1749155375063, "change_id": 103899125585, "instrument_name": "BTC-13JUN25", "bids": [[101670.0, 1520.0], [101667.5, 5080.0], [101665.0, 2070.0], [101662.5, 7500.0], [101652.5, 1520.0], [101650.0, 5070.0], [101642.5, 22360.0], [101640.0, 53000.0], [101637.5, 10000.0], [101632.5, 2300.0], [101630.0, 7680.0], [101620.0, 2870.0], [101617.5, 9560.0], [101615.0, 6220.0], [101612.5, 14420.0], [101610.0, 28330.0], [101607.5, 52570.0], [101605.0, 13360.0], [101602.5, 20000.0], [101595.0, 2210.0]], "asks": [[101675.0, 5700.0], [101677.5, 7500.0], [101680.0, 1520.0], [101682.5, 5070.0], [101700.0, 6800.0], [101702.5, 5300.0], [101705.0, 17360.0], [101722.5, 690.0], [101725.0, 12420.0], [101727.5, 7360.0], [101730.0, 26370.0], [101735.0, 3540.0], [101737.5, 5080.0], [101740.0, 7360.0], [101750.0, 2220.0], [101752.5, 7410.0], [101757.5, 770.0], [101760.0, 2580.0], [101762.5, 2260.0], [101765.0, 7540.0]]}}}
{"jsonrpc": "2.0", "method": "subscription", "params": {"channel": "book.BTC-6JUN25.none.20.100ms", "data": {"timestamp": 1749155374798, "change_id": 103899125355, "instrument_name": "BTC-6JUN25", "bids": [[101635.0, 9300.0], [101632.5, 22080.0], [101630.0, 22080.0], [101627.5, 22080.0], [101625.0, 22080.0], [101620.0, 1710.0], [101617.5, 5700.0], [101615.0, 1710.0], [101612.5, 5700.0], [101610.0, 16520.0], [101607.5, 50000.0], [101605.0, 5070.0], [101602.5, 1520.0], [101600.0, 5080.0], [101595.0, 1830.0], [101592.5, 6110.0], [101575.0, 10000.0], [101572.5, 1830.0], [101570.0, 6110.0], [101565.0, 600.0]], "asks": [[101637.5, 16680.0], [101640.0, 29100.0], [101642.5, 15700.0], [101645.0, 21460.0], [101647.5, 5860.0], [101650.0, 15000.0], [101652.5, 50000.0], [101662.5, 3020.0], [101665.0, 10780.0], [101667.5, 6110.0], [101675.0, 15000.0], [101677.5, 50000.0], [101682.5, 9770.0], [101685.0, 32550.0], [101695.0, 40.0], [101700.0, 31140.0], [101760.0, 1830.0], [101762.5, 6110.0], [101772.5, 1800.0], [101775.0, 6010.0]]}}}
{"jsonrpc": "2.0", "method": "subscription", "params": {"channel": "book.BTC-13JUN25.none.20.100ms", "data": {"timestamp": 1749155375387, "change_id": 103899126774, "instrument_name": "BTC-13JUN25", "bids": [[101667.5, 5080.0], [101665.0, 7990.0], [101662.5, 20000.0], [101660.0, 8340.0], [101657.5, 3030.0], [101655.0, 16520.0], [101652.5, 50000.0], [101647.5, 1710.0], [101645.0, 5700.0], [101640.0, 3000.0], [101637.5, 10000.0], [101632.5, 2300.0], [101630.0, 7680.0], [101620.0, 2870.0], [101617.5, 9560.0], [101615.0, 4330.0], [101612.5, 14420.0], [101610.0, 22010.0], [101607.5, 50000.0], [101605.0, 7360.0]], "asks": [[101672.5, 15450.0], [101675.0, 7500.0], [101680.0, 3540.0], [101682.5, 5070.0], [101685.0, 7360.0], [101700.0, 6800.0], [101702.5, 5300.0], [101705.0, 17360.0], [101722.5, 690.0], [101725.0, 12420.0], [101727.5, 7360.0], [101730.0, 26370.0], [101735.0, 3540.0], [101737.5, 5080.0], [101740.0, 7360.0], [101750.0, 2220.0], [101752.5, 7410.0], [101757.5, 770.0], [101760.0, 2580.0], [101762.5, 2260.0]]}}}
{"jsonrpc": "2.0", "method": "subscription", "params": {"channel": "book.BTC-6JUN25.none.20.100ms", "data": {"timestamp": 1749155375451, "change_id": 103899126803, "instrument_name": "BTC-6JUN25", "bids": [[101620.0, 14830.0], [101617.5, 27140.0], [101615.0, 35020.0], [101612.5, 27140.0], [101610.0, 21440.0], [101605.0, 16070.0], [101602.5, 50000.0], [101600.0, 5080.0], [101582.5, 6050.0], [101575.0, 10000.0], [101572.5, 1830.0], [101570.0, 6110.0], [101557.5, 6050.0], [101540.0, 6200.0], [101537.5, 2000.0], [101532.5, 40.0], [101527.5, 160.0], [101505.0, 1830.0], [101502.5, 6110.0], [101462.5, 9270.0]], "asks": [[101625.0, 8200.0], [101627.5, 11780.0], [101630.0, 17180.0], [101632.5, 11750.0], [101635.0, 30950.0], [101637.5, 10600.0], [101640.0, 71760.0], [101642.5, 10000.0], [101645.0, 6050.0], [101662.5, 15450.0], [101665.0, 30750.0], [101667.5, 6110.0], [101675.0, 15000.0], [101677.5, 50000.0], [101685.0, 32550.0], [101695.0, 40.0], [101700.0, 6090.0], [101762.5, 6110.0], [101772.5, 1800.0], [101775.0, 6010.0]]}}}
{"jsonrpc": "2.0", "method": "subscription", "params": {"channel": "book.BTC-13JUN25.none.20.100ms", "data": {"timestamp": 1749155375779, "change_id": 103899127877, "instrument_name": "BTC-13JUN25", "bids": [[101660.0, 5080.0], [101655.0, 7500.0], [101650.0, 8100.0], [101645.0, 5700.0], [101640.0, 50000.0], [101637.5, 10000.0], [101630.0, 7680.0], [101617.5, 9560.0], [101612.5, 14420.0], [101607.5, 50000.0], [101605.0, 7360.0], [101600.0, 6320.0], [101597.5, 20000.0], [101592.5, 7360.0], [101580.0, 7680.0], [101542.5, 7670.0], [101535.0, 18200.0], [101532.5, 20.0], [101530.0, 7360.0], [101522.5, 6390.0]], "asks": [[101667.5, 7500.0], [101670.0, 13200.0], [101672.5, 5700.0], [101682.5, 5070.0], [101692.5, 7360.0], [101702.5, 5300.0], [101705.0, 17360.0], [101725.0, 2300.0], [101727.5, 7360.0], [101730.0, 31450.0], [101740.0, 7360.0], [101752.5, 7410.0], [101760.0, 2580.0], [101765.0, 7540.0], [101775.0, 20.0], [101777.5, 7410.0], [101782.5, 6090.0], [101790.0, 7360.0], [101800.0, 14400.0], [101802.5, 7360.0]]}}}
{"jsonrpc": "2.0", "method": "subscription", "params": {"channel": "book.BTC-6JUN25.none.20.100ms", "data": {"timestamp": 1749155375713, "change_id": 103899127402, "instrument_name": "BTC-6JUN25", "bids": [[101620.0, 5700.0], [101617.5, 27140.0], [101615.0, 39120.0], [101612.5, 21440.0], [101610.0, 21440.0], [101605.0, 16070.0], [101600.0, 55070.0], [101597.5, 1820.0], [101595.0, 6050.0], [101592.5, 5070.0], [101582.5, 6050.0], [101575.0, 10000.0], [101572.5, 1830.0], [101570.0, 6110.0], [101557.5, 6050.0], [101540.0, 6200.0], [101537.5, 2000.0], [101532.5, 40.0], [101527.5, 160.0], [101502.5, 6110.0]], "asks": [[101625.0, 15580.0], [101627.5, 11780.0], [101630.0, 11100.0], [101632.5, 11750.0], [101635.0, 30950.0], [101637.5, 5700.0], [101640.0, 71760.0], [101642.5, 10000.0], [101645.0, 6050.0], [101657.5, 5080.0], [101665.0, 25050.0], [101667.5, 6110.0], [101677.5, 50000.0], [101685.0, 32550.0], [101695.0, 40.0], [101700.0, 6090.0], [101762.5, 6110.0], [101772.5, 1800.0], [101775.0, 6010.0], [101797.5, 105000.0]]}}}
{"jsonrpc": "2.0", "method": "subscription", "params": {"channel": "book.BTC-13JUN25.none.20.100ms", "data": {"timestamp": 1749155375979, "change_id": 103899128542, "instrument_name": "BTC-13JUN25", "bids": [[101660.0, 5080.0], [101657.5, 27500.0], [101650.0, 8100.0], [101645.0, 5700.0], [101637.5, 10000.0], [101630.0, 7680.0], [101620.0, 50000.0], [101617.5, 9560.0], [101612.5, 14420.0], [101607.5, 50000.0], [101605.0, 7360.0], [101602.5, 2570.0], [101600.0, 6320.0], [101580.0, 7680.0], [101542.5, 7670.0], [101535.0, 18200.0], [101532.5, 20.0], [101530.0, 7360.0], [101522.5, 6390.0], [101517.5, 7360.0]], "asks": [[101670.0, 5700.0], [101672.5, 5700.0], [101692.5, 7360.0], [101702.5, 5300.0], [101705.0, 17360.0], [101725.0, 2300.0], [101727.5, 7360.0], [101730.0, 31450.0], [101752.5, 7410.0], [101760.0, 2580.0], [101765.0, 7540.0], [101775.0, 20.0], [101777.5, 7410.0], [101782.5, 6090.0], [101790.0, 7360.0], [101800.0, 14400.0], [101802.5, 7360.0], [101815.0, 7490.0], [101842.5, 7330.0], [101857.5, 7650.0]]}}}
{"jsonrpc": "2.0", "method": "subscription", "params": {"channel": "book.BTC-6JUN25.none.20.100ms", "data": {"timestamp": 1749155376014, "change_id": 103899128566, "instrument_name": "BTC-6JUN25", "bids": [[101617.5, 34570.0], [101615.0, 39120.0], [101612.5, 21440.0], [101610.0, 21440.0], [101605.0, 16070.0], [101600.0, 55070.0], [101597.5, 1820.0], [101595.0, 6050.0], [101592.5, 5070.0], [101582.5, 6050.0], [101577.5, 3000.0], [101575.0, 10000.0], [101572.5, 1830.0], [101570.0, 6110.0], [101557.5, 6050.0], [101542.5, 2020.0], [101540.0, 6200.0], [101537.5, 2000.0], [101532.5, 40.0], [101505.0, 1830.0]], "asks": [[101622.5, 10520.0], [101627.5, 11780.0], [101630.0, 7870.0], [101632.5, 11750.0], [101635.0, 18860.0], [101637.5, 5700.0], [101640.0, 56890.0], [101642.5, 10000.0], [101645.0, 17290.0], [101657.5, 5080.0], [101665.0, 25050.0], [101667.5, 6110.0], [101677.5, 50000.0], [101685.0, 32550.0], [101695.0, 40.0], [101700.0, 6090.0], [101760.0, 1830.0], [101762.5, 6110.0], [101775.0, 6010.0], [101795.0, 33350.0]]}}}
{"jsonrpc": "2.0", "method": "subscription", "params": {"channel": "book.BTC-13JUN25.none.20.100ms", "data": {"timestamp": 1749155376417, "change_id": 103899129193, "instrument_name": "BTC-13JUN25", "bids": [[101662.5, 1520.0], [101660.0, 7330.0], [101655.0, 24930.0], [101652.5, 50000.0], [101650.0, 8100.0], [101640.0, 3000.0], [101637.5, 10000.0], [101632.5, 2300.0], [101630.0, 7680.0], [101620.0, 2870.0], [101617.5, 9560.0], [101615.0, 4330.0], [101612.5, 14420.0], [101610.0, 17210.0], [101607.5, 50000.0], [101605.0, 7360.0], [101602.5, 1900.0], [101600.0, 8890.0], [101597.5, 6000.0], [101595.0, 22210.0]], "asks": [[101667.5, 7500.0], [101677.5, 1520.0], [101680.0, 5070.0], [101690.0, 2210.0], [101692.5, 7360.0], [101700.0, 6800.0], [101702.5, 5300.0], [101705.0, 17360.0], [101727.5, 16800.0], [101730.0, 31450.0], [101737.5, 2210.0], [101740.0, 7360.0], [101750.0, 2220.0], [101752.5, 7410.0], [101757.5, 770.0], [101760.0, 2580.0], [101762.5, 2260.0], [101765.0, 7540.0], [101775.0, 2240.0], [101777.5, 7410.0]]}}}
{"jsonrpc": "2.0", "method": "subscription", "params": {"channel": "book.BTC-6JUN25.none.20.100ms", "data": {"timestamp": 1749155376283, "change_id": 103899129058, "instrument_name": "BTC-6JUN25", "bids": [[101617.5, 34570.0], [101615.0, 39120.0], [101612.5, 21440.0], [101610.0, 21440.0], [101605.0, 16070.0], [101600.0, 55070.0], [101597.5, 1820.0], [101595.0, 6050.0], [101592.5, 5070.0], [101582.5, 6050.0], [101577.5, 3000.0], [101575.0, 10000.0], [101572.5, 1830.0], [101570.0, 6110.0], [101557.5, 6050.0], [101542.5, 2020.0], [101540.0, 6200.0], [101537.5, 2000.0], [101532.5, 40.0], [101505.0, 1830.0]], "asks": [[101622.5, 10520.0], [101627.5, 16850.0], [101630.0, 9650.0], [101632.5, 11750.0], [101635.0, 30100.0], [101637.5, 5700.0], [101640.0, 54820.0], [101642.5, 10000.0], [101645.0, 6050.0], [101657.5, 5080.0], [101665.0, 25050.0], [101667.5, 6110.0], [101677.5, 50000.0], [101685.0, 32550.0], [101695.0, 40.0], [101700.0, 6090.0], [101760.0, 1830.0], [101762.5, 6110.0], [101775.0, 6010.0], [101795.0, 33350.0]]}}}
{"jsonrpc": "2.0", "method": "subscription", "params": {"channel": "book.BTC-13JUN25.none.20.100ms", "data": {"timestamp": 1749155376772, "change_id": 103899130986, "instrument_name": "BTC-13JUN25", "bids": [[101655.0, 5080.0], [101650.0, 3030.0], [101647.5, 7500.0], [101645.0, 20000.0], [101632.5, 50000.0], [101630.0, 7680.0], [101622.5, 10000.0], [101617.5, 9560.0], [101612.5, 14420.0], [101607.5, 50000.0], [101605.0, 7360.0], [101592.5, 7360.0], [101580.0, 7680.0], [101542.5, 7670.0], [101532.5, 20.0], [101530.0, 7360.0], [101517.5, 7360.0], [101505.0, 7360.0], [101492.5, 7410.0], [101487.5, 18200.0]], "asks": [[101660.0, 9800.0], [101662.5, 13200.0], [101665.0, 5700.0], [101680.0, 7360.0], [101692.5, 17360.0], [101705.0, 7360.0], [101727.5, 7360.0], [101730.0, 31450.0], [101740.0, 7360.0], [101752.5, 7410.0], [101760.0, 2580.0], [101765.0, 7540.0], [101775.0, 20.0], [101777.5, 7410.0], [101782.5, 6090.0], [101790.0, 7360.0], [101800.0, 14400.0], [101802.5, 7360.0], [101815.0, 7490.0], [101842.5, 7330.0]]}}}
{"jsonrpc": "2.0", "method": "subscription", "params": {"channel": "book.BTC-6JUN25.none.20.100ms", "data": {"timestamp": 1749155376647, "change_id": 103899130993, "instrument_name": "BTC-6JUN25", "bids": [[101617.5, 21440.0], [101615.0, 21440.0], [101612.5, 21440.0], [101610.0, 21440.0], [101605.0, 1710.0], [101602.5, 5700.0], [101595.0, 16330.0], [101592.5, 55070.0], [101587.5, 5070.0], [101585.0, 1820.0], [101582.5, 6050.0], [101570.0, 6110.0], [101560.0, 10000.0], [101557.5, 6050.0], [101540.0, 6200.0], [101537.5, 2000.0], [101532.5, 40.0], [101520.0, 160.0], [101502.5, 6110.0], [101460.0, 6180.0]], "asks": [[101620.0, 21720.0], [101622.5, 26630.0], [101625.0, 5700.0], [101627.5, 61820.0], [101630.0, 17530.0], [101632.5, 6050.0], [101635.0, 11360.0], [101640.0, 1820.0], [101645.0, 6050.0], [101652.5, 5080.0], [101665.0, 25050.0], [101667.5, 6110.0], [101677.5, 50000.0], [101685.0, 32550.0], [101695.0, 40.0], [101700.0, 6090.0], [101762.5, 6110.0], [101775.0, 6010.0], [101797.5, 105000.0], [101800.0, 6180.0]]}}}
{"jsonrpc": "2.0", "method": "subscription", "params": {"channel": "book.BTC-13JUN25.none.20.100ms", "data": {"timestamp": 1749155377107, "change_id": 103899131767, "instrument_name": "BTC-13JUN25", "bids": [[101655.0, 5080.0], [101647.5, 10530.0], [101645.0, 20000.0], [101635.0, 5070.0], [101630.0, 7680.0], [101625.0, 50000.0], [101622.5, 10000.0], [101617.5, 9560.0], [101612.5, 14420.0], [101607.5, 50000.0], [101605.0, 7360.0], [101592.5, 7360.0], [101580.0, 7680.0], [101552.5, 6320.0], [101542.5, 7670.0], [101532.5, 20.0], [101530.0, 7360.0], [101517.5, 7360.0], [101512.5, 6390.0], [101505.0, 7360.0]], "asks": [[101660.0, 9800.0], [101662.5, 13200.0], [101665.0, 10770.0], [101680.0, 7360.0], [101692.5, 17360.0], [101705.0, 7360.0], [101722.5, 5080.0], [101727.5, 7360.0], [101730.0, 26370.0], [101740.0, 7360.0], [101752.5, 7410.0], [101760.0, 2580.0], [101765.0, 7540.0], [101775.0, 20.0], [101777.5, 7410.0], [101782.5, 6090.0], [101790.0, 7360.0], [101800.0, 14400.0], [101802.5, 7360.0], [101815.0, 7490.0]]}}}
{"jsonrpc": "2.0", "method": "subscription", "params": {"channel": "book.BTC-6JUN25.none.20.100ms", "data": {"timestamp": 1749155377093, "change_id": 103899131760, "instrument_name": "BTC-6JUN25", "bids": [[101607.5, 6410.0], [101605.0, 29250.0], [101602.5, 5700.0], [101600.0, 34160.0], [101597.5, 21350.0], [101595.0, 36160.0], [101592.5, 50000.0], [101590.0, 2880.0], [101587.5, 5070.0], [101585.0, 5070.0], [101572.5, 1830.0], [101570.0, 6110.0], [101567.5, 160.0], [101562.5, 3000.0], [101560.0, 11820.0], [101557.5, 6050.0], [101542.5, 1860.0], [101540.0, 6800.0], [101537.5, 2000.0], [101532.5, 40.0]], "asks": [[101617.5, 12220.0], [101620.0, 20290.0], [101622.5, 5860.0], [101625.0, 31900.0], [101627.5, 73020.0], [101630.0, 16120.0], [101632.5, 6050.0], [101640.0, 1820.0], [101645.0, 6050.0], [101652.5, 5080.0], [101665.0, 25050.0], [101667.5, 6110.0], [101677.5, 50000.0], [101685.0, 32550.0], [101695.0, 40.0], [101762.5, 6110.0], [101775.0, 6010.0], [101797.5, 105000.0], [101800.0, 6180.0], [101845.0, 25290.0]]}}}
{"jsonrpc": "2.0", "method": "subscription", "params": {"channel": "book.BTC-13JUN25.none.20.100ms", "data": {"timestamp": 1749155377369, "change_id": 103899132458, "instrument_name": "BTC-13JUN25", "bids": [[101655.0, 5080.0], [101650.0, 9160.0], [101647.5, 10530.0], [101645.0, 20000.0], [101640.0, 16520.0], [101637.5, 50000.0], [101635.0, 5070.0], [101632.5, 2300.0], [101630.0, 7680.0], [101625.0, 3000.0], [101622.5, 10000.0], [101620.0, 2870.0], [101617.5, 9560.0], [101615.0, 4330.0], [101612.5, 14420.0], [101610.0, 17210.0], [101607.5, 50000.0], [101605.0, 7360.0], [101595.0, 2980.0], [101592.5, 9930.0]], "asks": [[101660.0, 9660.0], [101662.5, 13200.0], [101670.0, 1520.0], [101672.5, 5070.0], [101677.5, 4110.0], [101680.0, 7360.0], [101690.0, 5210.0], [101692.5, 17360.0], [101702.5, 2210.0], [101705.0, 7360.0], [101720.0, 1520.0], [101722.5, 5080.0], [101725.0, 10120.0], [101727.5, 7360.0], [101730.0, 26370.0], [101737.5, 2210.0], [101740.0, 7360.0], [101750.0, 2220.0], [101752.5, 7410.0], [101757.5, 770.0]]}}}
{"jsonrpc": "2.0", "method": "subscription", "params": {"channel": "book.BTC-6JUN25.none.20.100ms", "data": {"timestamp": 1749155377395, "change_id": 103899132479, "instrument_name": "BTC-6JUN25", "bids": [[101607.5, 6410.0], [101605.0, 29250.0], [101602.5, 5700.0], [101600.0, 34160.0], [101597.5, 21350.0], [101595.0, 36160.0], [101592.5, 55070.0], [101590.0, 1330.0], [101587.5, 5070.0], [101572.5, 1830.0], [101570.0, 6110.0], [101567.5, 160.0], [101562.5, 3000.0], [101560.0, 11820.0], [101557.5, 6050.0], [101542.5, 1860.0], [101540.0, 6800.0], [101537.5, 2000.0], [101532.5, 40.0], [101505.0, 1830.0]], "asks": [[101612.5, 15640.0], [101615.0, 5700.0], [101617.5, 5700.0], [101620.0, 18580.0], [101622.5, 160.0], [101625.0, 31900.0], [101627.5, 67320.0], [101630.0, 11820.0], [101632.5, 6050.0], [101640.0, 1820.0], [101645.0, 7570.0], [101647.5, 5080.0], [101662.5, 7520.0], [101665.0, 26880.0], [101667.5, 6110.0], [101675.0, 15000.0], [101677.5, 50000.0], [101682.5, 9770.0], [101685.0, 32550.0], [101695.0, 40.0]]}}}
{"jsonrpc": "2.0", "method": "subscription", "params": {"channel": "book.BTC-13JUN25.none.20.100ms", "data": {"timestamp": 1749155377545, "change_id": 103899132696, "instrument_name": "BTC-13JUN25", "bids": [[101655.0, 5080.0], [101650.0, 9160.0], [101647.5, 7500.0], [101645.0, 20840.0], [101642.5, 3030.0], [101640.0, 16520.0], [101637.5, 50000.0], [101635.0, 5070.0], [101632.5, 2300.0], [101630.0, 7680.0], [101625.0, 3000.0], [101622.5, 10000.0], [101620.0, 2870.0], [101617.5, 9560.0], [101615.0, 4330.0], [101612.5, 14420.0], [101610.0, 17210.0], [101607.5, 50000.0], [101605.0, 7360.0], [101595.0, 2980.0]], "asks": [[101660.0, 9660.0], [101662.5, 13200.0], [101670.0, 1520.0], [101672.5, 5070.0], [101677.5, 4110.0], [101680.0, 7360.0], [101690.0, 5210.0], [101692.5, 17360.0], [101702.5, 2210.0], [101705.0, 7360.0], [101720.0, 1520.0], [101722.5, 5080.0], [101725.0, 10120.0], [101727.5, 7360.0], [101730.0, 26370.0], [101737.5, 2210.0], [101740.0, 7360.0], [101750.0, 2220.0], [101752.5, 7410.0], [101757.5, 770.0]]}}}
{"jsonrpc": "2.0", "method": "subscription", "params": {"channel": "book.BTC-6JUN25.none.20.100ms", "data": {"timestamp": 1749155377545, "change_id": 103899132691, "instrument_name": "BTC-6JUN25", "bids": [[101607.5, 12110.0], [101605.0, 29250.0], [101602.5, 5700.0], [101600.0, 39860.0], [101597.5, 21350.0], [101595.0, 36160.0], [101592.5, 5070.0], [101590.0, 51330.0], [101587.5, 5070.0], [101572.5, 1830.0], [101570.0, 6110.0], [101567.5, 160.0], [101562.5, 3000.0], [101560.0, 11820.0], [101557.5, 6050.0], [101542.5, 1860.0], [101540.0, 6800.0], [101537.5, 2000.0], [101532.5, 40.0], [101505.0, 1830.0]], "asks": [[101612.5, 15640.0], [101615.0, 5700.0], [101617.5, 5700.0], [101620.0, 18580.0], [101622.5, 160.0], [101625.0, 31900.0], [101627.5, 67320.0], [101630.0, 11820.0], [101632.5, 6050.0], [101640.0, 1820.0], [101645.0, 7570.0], [101647.5, 5080.0], [101662.5, 7520.0], [101665.0, 26880.0], [101667.5, 6110.0], [101675.0, 15000.0], [101677.5, 50000.0], [101682.5, 9770.0], [101685.0, 32550.0], [101695.0, 40.0]]}}}
{"jsonrpc": "2.0", "method": "subscription", "params": {"channel": "book.BTC-13JUN25.none.20.100ms", "data": {"timestamp": 1749155378103, "change_id": 103899133571, "instrument_name": "BTC-13JUN25", "bids": [[101655.0, 5080.0], [101650.0, 9160.0], [101647.5, 7500.0], [101645.0, 20840.0], [101642.5, 3030.0], [101640.0, 16520.0], [101637.5, 50000.0], [101635.0, 5070.0], [101632.5, 2300.0], [101630.0, 7680.0], [101625.0, 3000.0], [101622.5, 10000.0], [101620.0, 2870.0], [101617.5, 9560.0], [101615.0, 4330.0], [101612.5, 14420.0], [101610.0, 17210.0], [101607.5, 50000.0], [101605.0, 7360.0], [101595.0, 2210.0]], "asks": [[101660.0, 17160.0], [101662.5, 13200.0], [101670.0, 1520.0], [101672.5, 5070.0], [101677.5, 4110.0], [101680.0, 7360.0], [101690.0, 5210.0], [101692.5, 17360.0], [101702.5, 2210.0], [101705.0, 7360.0], [101720.0, 1520.0], [101722.5, 5080.0], [101725.0, 10120.0], [101727.5, 7360.0], [101730.0, 26370.0], [101737.5, 2210.0], [101740.0, 7360.0], [101750.0, 2220.0], [101752.5, 7410.0], [101757.5, 770.0]]}}}
{"jsonrpc": "2.0", "method": "subscription", "params": {"channel": "book.BTC-6JUN25.none.20.100ms", "data": {"timestamp": 1749155377995, "change_id": 103899133426, "instrument_name": "BTC-6JUN25", "bids": [[101607.5, 33460.0], [101605.0, 36590.0], [101602.5, 27050.0], [101600.0, 33460.0], [101597.5, 21350.0], [101595.0, 14810.0], [101592.5, 5070.0], [101590.0, 51330.0], [101587.5, 5070.0], [101572.5, 1830.0], [101570.0, 6110.0], [101567.5, 160.0], [101562.5, 3000.0], [101560.0, 11820.0], [101557.5, 6050.0], [101542.5, 1860.0], [101540.0, 6800.0], [101537.5, 2000.0], [101532.5, 40.0], [101505.0, 1830.0]], "asks": [[101612.5, 15640.0], [101615.0, 5700.0], [101617.5, 5700.0], [101620.0, 29820.0], [101622.5, 160.0], [101625.0, 31900.0], [101627.5, 56080.0], [101630.0, 11820.0], [101632.5, 6050.0], [101640.0, 1820.0], [101645.0, 7570.0], [101647.5, 5080.0], [101662.5, 7520.0], [101665.0, 26880.0], [101667.5, 6110.0], [101675.0, 15000.0], [101677.5, 50000.0], [101682.5, 9770.0], [101685.0, 32550.0], [101695.0, 40.0]]}}}
{"jsonrpc": "2.0", "method": "subscription", "params": {"channel": "book.BTC-6JUN25.none.20.100ms", "data": {"timestamp": 1749155378356, "change_id": 103899134187, "instrument_name": "BTC-6JUN25", "bids": [[101607.5, 5700.0], [101605.0, 36240.0], [101602.5, 27050.0], [101600.0, 39060.0], [101597.5, 21350.0], [101595.0, 36160.0], [101592.5, 5070.0], [101590.0, 51330.0], [101585.0, 1520.0], [101582.5, 5070.0], [101572.5, 1830.0], [101570.0, 6110.0], [101567.5, 160.0], [101562.5, 3000.0], [101560.0, 11820.0], [101557.5, 6050.0], [101542.5, 1860.0], [101540.0, 6800.0], [101537.5, 2000.0], [101532.5, 40.0]], "asks": [[101610.0, 5700.0], [101612.5, 5700.0], [101615.0, 5700.0], [101617.5, 14120.0], [101620.0, 24120.0], [101622.5, 160.0], [101625.0, 31900.0], [101627.5, 56080.0], [101630.0, 11820.0], [101632.5, 6050.0], [101640.0, 1820.0], [101645.0, 7570.0], [101647.5, 5080.0], [101662.5, 7520.0], [101665.0, 26880.0], [101667.5, 6110.0], [101675.0, 15000.0], [101677.5, 50000.0], [101682.5, 9770.0], [101685.0, 32550.0]]}}}
{"jsonrpc": "2.0", "method": "subscription", "params": {"channel": "book.BTC-13JUN25.none.20.100ms", "data": {"timestamp": 1749155378354, "change_id": 103899134176, "instrument_name": "BTC-13JUN25", "bids": [[101652.5, 5720.0], [101650.0, 13050.0], [101647.5, 20000.0], [101645.0, 8340.0], [101642.5, 3030.0], [101640.0, 1520.0], [101635.0, 22370.0], [101632.5, 50000.0], [101630.0, 7680.0], [101625.0, 3000.0], [101622.5, 10000.0], [101620.0, 2870.0], [101617.5, 9560.0], [101615.0, 4330.0], [101612.5, 14420.0], [101610.0, 17210.0], [101607.5, 50000.0], [101605.0, 7360.0], [101595.0, 2210.0], [101592.5, 9930.0]], "asks": [[101657.5, 9660.0], [101660.0, 5700.0], [101662.5, 7500.0], [101670.0, 1520.0], [101672.5, 5070.0], [101675.0, 3920.0], [101677.5, 5700.0], [101680.0, 7360.0], [101690.0, 5210.0], [101692.5, 17360.0], [101702.5, 2210.0], [101705.0, 7360.0], [101720.0, 1520.0], [101722.5, 5080.0], [101725.0, 10120.0], [101727.5, 7360.0], [101730.0, 26370.0], [101737.5, 2210.0], [101740.0, 7360.0], [101750.0, 2220.0]]}}}
{"jsonrpc": "2.0", "method": "subscription", "params": {"channel": "book.BTC-13JUN25.none.20.100ms", "data": {"timestamp": 1749155378573, "change_id": 103899135756, "instrument_name": "BTC-13JUN25", "bids": [[101652.5, 5080.0], [101650.0, 7970.0], [101647.5, 20000.0], [101645.0, 2220.0], [101642.5, 10530.0], [101640.0, 1520.0], [101635.0, 22370.0], [101632.5, 50000.0], [101630.0, 7680.0], [101625.0, 3000.0], [101622.5, 10000.0], [101620.0, 2870.0], [101617.5, 9560.0], [101615.0, 4330.0], [101612.5, 14420.0], [101610.0, 17210.0], [101607.5, 50000.0], [101605.0, 7360.0], [101595.0, 2210.0], [101592.5, 7360.0]], "asks": [[101655.0, 1900.0], [101657.5, 9660.0], [101660.0, 5700.0], [101662.5, 7500.0], [101675.0, 3920.0], [101677.5, 5700.0], [101680.0, 7360.0], [101690.0, 5210.0], [101692.5, 17360.0], [101702.5, 2210.0], [101705.0, 7360.0], [101720.0, 1520.0], [101722.5, 5080.0], [101725.0, 10120.0], [101727.5, 7360.0], [101730.0, 26370.0], [101737.5, 2210.0], [101740.0, 7360.0], [101750.0, 2220.0], [101752.5, 7410.0]]}}}
{"jsonrpc": "2.0", "method": "subscription", "params": {"channel": "book.BTC-6JUN25.none.20.100ms", "data": {"timestamp": 1749155378750, "change_id": 103899135753, "instrument_name": "BTC-6JUN25", "bids": [[101605.0, 24140.0], [101602.5, 21350.0], [101600.0, 33360.0], [101597.5, 21350.0], [101595.0, 21350.0], [101590.0, 1520.0], [101587.5, 5070.0], [101585.0, 16330.0], [101582.5, 55070.0], [101572.5, 1830.0], [101570.0, 6110.0], [101567.5, 160.0], [101562.5, 3000.0], [101560.0, 11820.0], [101557.5, 6050.0], [101542.5, 1860.0], [101540.0, 6800.0], [101537.5, 2000.0], [101532.5, 40.0], [101505.0, 1830.0]], "asks": [[101610.0, 5700.0], [101612.5, 1710.0], [101615.0, 5700.0], [101617.5, 10890.0], [101620.0, 19790.0], [101622.5, 3360.0], [101625.0, 31900.0], [101627.5, 56080.0], [101630.0, 11820.0], [101632.5, 6050.0], [101640.0, 1820.0], [101645.0, 7570.0], [101647.5, 5080.0], [101662.5, 7520.0], [101665.0, 26880.0], [101667.5, 6110.0], [101675.0, 15000.0], [101677.5, 50000.0], [101682.5, 9770.0], [101685.0, 32550.0]]}}}
{"jsonrpc": "2.0", "method": "subscription", "params": {"channel": "book.BTC-13JUN25.none.20.100ms", "data": {"timestamp": 1749155378941, "change_id": 103899136309, "instrument_name": "BTC-13JUN25", "bids": [[101650.0, 8560.0], [101647.5, 32580.0], [101645.0, 910.0], [101642.5, 3030.0], [101640.0, 1520.0], [101635.0, 22370.0], [101632.5, 50000.0], [101630.0, 7680.0], [101625.0, 3000.0], [101622.5, 10000.0], [101620.0, 2870.0], [101617.5, 9560.0], [101612.5, 14420.0], [101610.0, 17210.0], [101607.5, 50000.0], [101605.0, 7360.0], [101595.0, 2210.0], [101592.5, 7360.0], [101590.0, 770.0], [101587.5, 2570.0]], "asks": [[101660.0, 2300.0], [101667.5, 1520.0], [101670.0, 5070.0], [101675.0, 1710.0], [101677.5, 5700.0], [101690.0, 5210.0], [101692.5, 17360.0], [101702.5, 2210.0], [101705.0, 7360.0], [101720.0, 1520.0], [101722.5, 5080.0], [101725.0, 10120.0], [101727.5, 7360.0], [101730.0, 26370.0], [101737.5, 2210.0], [101740.0, 7360.0], [101750.0, 2220.0], [101752.5, 7410.0], [101757.5, 770.0], [101760.0, 2580.0]]}}}
