{"jsonrpc": "2.0", "method": "subscription", "params": {"channel": "book.BTC-7NOV25.none.20.100ms", "data": {"timestamp": 1762326350324, "change_id": 125350440235, "instrument_name": "BTC-7NOV25", "bids": [[101947.5, 18650.0], [101945.0, 2210.0], [101942.5, 3700.0], [101940.0, 9670.0], [101937.5, 22500.0], [101935.0, 1100.0], [101932.5, 3700.0], [101930.0, 16030.0], [101927.5, 50000.0], [101925.0, 8980.0], [101920.0, 30070.0], [101917.5, 160.0], [101847.5, 1310.0], [101845.0, 4400.0], [101780.0, 700.0], [101777.5, 2360.0], [101755.0, 2820.0], [101752.5, 9460.0], [101737.5, 45000.0], [101695.0, 37850.0]], "asks": [[101950.0, 20000.0], [101955.0, 160.0], [101962.5, 1480.0], [101965.0, 4950.0], [101972.5, 2990.0], [101975.0, 10000.0], [101982.5, 1480.0], [101985.0, 4950.0], [102015.0, 13300.0], [102017.5, 44540.0], [102097.5, 410.0], [102100.0, 1380.0], [102172.5, 45000.0], [102192.5, 30.0], [102197.5, 500.0], [102207.5, 3840.0], [102262.5, 40.0], [102265.0, 50000.0], [102285.0, 24290.0], [102355.0, 160.0]]}}}
{"jsonrpc": "2.0", "method": "subscription", "params": {"channel": "book.BTC-14NOV25.none.20.100ms", "data": {"timestamp": 1762326350678, "change_id": 125350440873, "instrument_name": "BTC-14NOV25", "bids": [[101995.0, 1410.0], [101992.5, 4730.0], [101987.5, 10000.0], [101982.5, 2990.0], [101970.0, 160.0], [101960.0, 16960.0], [101957.5, 3800.0], [101955.0, 55210.0], [101952.5, 4730.0], [101887.5, 1310.0], [101885.0, 4400.0], [101852.5, 10.0], [101850.0, 700.0], [101847.5, 2360.0], [101827.5, 2900.0], [101825.0, 9710.0], [101802.5, 40.0], [101800.0, 11550.0], [101797.5, 37850.0], [101785.0, 250.0]], "asks": [[102002.5, 13190.0], [102005.0, 48630.0], [102007.5, 4730.0], [102010.0, 10160.0], [102047.5, 1410.0], [102050.0, 4730.0], [102212.5, 13430.0], [102215.0, 45000.0], [102245.0, 40.0], [102250.0, 1150.0], [102252.5, 3840.0], [102287.5, 500.0], [102297.5, 50000.0], [102305.0, 10.0], [102350.0, 1000.0], [102352.5, 6410.0], [102390.0, 10.0], [102420.0, 10.0], [102427.5, 18970.0], [102460.0, 10.0]]}}}
{"jsonrpc": "2.0", "method": "subscription", "params": {"channel": "book.BTC-7NOV25.none.20.100ms", "data": {"timestamp": 1762326350672, "change_id": 125350440860, "instrument_name": "BTC-7NOV25", "bids": [[101947.5, 18650.0], [101945.0, 2210.0], [101942.5, 3700.0], [101940.0, 9670.0], [101937.5, 22500.0], [101930.0, 16190.0], [101927.5, 50000.0], [101925.0, 8980.0], [101920.0, 30070.0], [101847.5, 1310.0], [101845.0, 4400.0], [101780.0, 700.0], [101777.5, 2360.0], [101755.0, 2820.0], [101752.5, 9460.0], [101737.5, 45000.0], [101695.0, 37850.0], [101665.0, 35840.0], [101612.5, 500.0], [101597.5, 50000.0]], "asks": [[101950.0, 29780.0], [101962.5, 1480.0], [101965.0, 4950.0], [101970.0, 160.0], [101972.5, 2990.0], [101975.0, 10000.0], [101982.5, 1480.0], [101985.0, 4950.0], [102015.0, 13300.0], [102017.5, 44540.0], [102097.5, 410.0], [102100.0, 1380.0], [102172.5, 45000.0], [102192.5, 30.0], [102197.5, 500.0], [102207.5, 3840.0], [102262.5, 40.0], [102265.0, 50000.0], [102285.0, 24290.0], [102355.0, 160.0]]}}}
{"jsonrpc": "2.0", "method": "subscription", "params": {"channel": "book.BTC-14NOV25.none.20.100ms", "data": {"timestamp": 1762326351008, "change_id": 125350441640, "instrument_name": "BTC-14NOV25", "bids": [[101995.0, 1410.0], [101992.5, 4730.0], [101990.0, 2990.0], [101987.5, 10000.0], [101970.0, 160.0], [101957.5, 3800.0], [101955.0, 5210.0], [101952.5, 4730.0], [101892.5, 14930.0], [101890.0, 50000.0], [101887.5, 1310.0], [101885.0, 4400.0], [101852.5, 10.0], [101850.0, 700.0], [101847.5, 2360.0], [101827.5, 2900.0], [101825.0, 9710.0], [101802.5, 40.0], [101800.0, 11550.0], [101797.5, 37850.0]], "asks": [[102002.5, 13190.0], [102005.0, 47220.0], [102010.0, 10160.0], [102012.5, 1410.0], [102015.0, 4730.0], [102047.5, 1410.0], [102050.0, 4730.0], [102212.5, 13430.0], [102215.0, 45000.0], [102245.0, 40.0], [102250.0, 1150.0], [102252.5, 3840.0], [102287.5, 500.0], [102297.5, 50000.0], [102305.0, 10.0], [102350.0, 1000.0], [102352.5, 6410.0], [102390.0, 10.0], [102420.0, 10.0], [102427.5, 18970.0]]}}}
{"jsonrpc": "2.0", "method": "subscription", "params": {"channel": "book.BTC-7NOV25.none.20.100ms", "data": {"timestamp": 1762326351003, "change_id": 125350441631, "instrument_name": "BTC-7NOV25", "bids": [[101947.5, 18650.0], [101945.0, 2210.0], [101942.5, 3700.0], [101940.0, 9670.0], [101937.5, 20000.0], [101930.0, 16190.0], [101927.5, 50000.0], [101920.0, 4950.0], [101847.5, 1310.0], [101845.0, 4400.0], [101780.0, 700.0], [101777.5, 2360.0], [101755.0, 2820.0], [101752.5, 9460.0], [101737.5, 45000.0], [101695.0, 37850.0], [101665.0, 35840.0], [101612.5, 500.0], [101597.5, 50000.0], [101520.0, 25690.0]], "asks": [[101950.0, 29780.0], [101962.5, 1480.0], [101965.0, 4950.0], [101970.0, 160.0], [101972.5, 2990.0], [101975.0, 10000.0], [102015.0, 13300.0], [102017.5, 49490.0], [102097.5, 410.0], [102100.0, 1380.0], [102172.5, 45000.0], [102192.5, 30.0], [102197.5, 500.0], [102207.5, 3840.0], [102262.5, 40.0], [102265.0, 50000.0], [102285.0, 24290.0], [102355.0, 160.0], [102357.5, 49380.0], [102392.5, 24580.0]]}}}
{"jsonrpc": "2.0", "method": "subscription", "params": {"channel": "book.BTC-14NOV25.none.20.100ms", "data": {"timestamp": 1762326351074, "change_id": 125350442366, "instrument_name": "BTC-14NOV25", "bids": [[101995.0, 1410.0], [101992.5, 4730.0], [101990.0, 2990.0], [101987.5, 10000.0], [101970.0, 160.0], [101957.5, 3800.0], [101955.0, 5210.0], [101952.5, 4730.0], [101892.5, 14930.0], [101890.0, 50000.0], [101887.5, 1310.0], [101885.0, 4400.0], [101852.5, 10.0], [101850.0, 700.0], [101847.5, 2360.0], [101827.5, 2900.0], [101825.0, 9710.0], [101802.5, 40.0], [101800.0, 11550.0], [101797.5, 37850.0]], "asks": [[102005.0, 3030.0], [102010.0, 10160.0], [102012.5, 1410.0], [102015.0, 4730.0], [102047.5, 1410.0], [102050.0, 4730.0], [102075.0, 13520.0], [102077.5, 45300.0], [102212.5, 13430.0], [102215.0, 45000.0], [102245.0, 40.0], [102250.0, 1150.0], [102252.5, 3840.0], [102287.5, 500.0], [102297.5, 50000.0], [102305.0, 10.0], [102350.0, 1000.0], [102352.5, 6410.0], [102390.0, 10.0], [102420.0, 10.0]]}}}
{"jsonrpc": "2.0", "method": "subscription", "params": {"channel": "book.BTC-7NOV25.none.20.100ms", "data": {"timestamp": 1762326351043, "change_id": 125350442055, "instrument_name": "BTC-7NOV25", "bids": [[101947.5, 18650.0], [101945.0, 2210.0], [101942.5, 3700.0], [101940.0, 9670.0], [101937.5, 20000.0], [101930.0, 16190.0], [101927.5, 50000.0], [101920.0, 4950.0], [101847.5, 1310.0], [101845.0, 4400.0], [101780.0, 700.0], [101777.5, 2360.0], [101755.0, 2820.0], [101752.5, 9460.0], [101745.0, 45000.0], [101695.0, 37850.0], [101665.0, 35840.0], [101612.5, 500.0], [101597.5, 50000.0], [101530.0, 25690.0]], "asks": [[101950.0, 20000.0], [101970.0, 160.0], [101972.5, 7940.0], [101975.0, 10000.0], [102015.0, 13300.0], [102017.5, 49490.0], [102097.5, 410.0], [102100.0, 1380.0], [102170.0, 13430.0], [102172.5, 45000.0], [102192.5, 30.0], [102197.5, 500.0], [102207.5, 3840.0], [102262.5, 40.0], [102265.0, 50000.0], [102285.0, 24290.0], [102355.0, 160.0], [102392.5, 24580.0], [102417.5, 48510.0], [102465.0, 11820.0]]}}}
{"jsonrpc": "2.0", "method": "subscription", "params": {"channel": "book.BTC-14NOV25.none.20.100ms", "data": {"timestamp": 1762326351599, "change_id": 125350442826, "instrument_name": "BTC-14NOV25", "bids": [[101997.5, 2990.0], [101995.0, 11410.0], [101992.5, 4730.0], [101970.0, 160.0], [101957.5, 3800.0], [101955.0, 5210.0], [101952.5, 4730.0], [101887.5, 1310.0], [101885.0, 4400.0], [101882.5, 50000.0], [101852.5, 10.0], [101850.0, 700.0], [101847.5, 2360.0], [101827.5, 2900.0], [101825.0, 9710.0], [101802.5, 40.0], [101800.0, 11550.0], [101797.5, 37850.0], [101787.5, 45000.0], [101785.0, 250.0]], "asks": [[102005.0, 3030.0], [102010.0, 10160.0], [102012.5, 1410.0], [102015.0, 4730.0], [102047.5, 1410.0], [102050.0, 4730.0], [102075.0, 13520.0], [102077.5, 45300.0], [102212.5, 13430.0], [102215.0, 45000.0], [102245.0, 40.0], [102250.0, 1150.0], [102252.5, 3840.0], [102287.5, 500.0], [102297.5, 50000.0], [102305.0, 10.0], [102350.0, 1000.0], [102352.5, 6410.0], [102390.0, 10.0], [102420.0, 10.0]]}}}
{"jsonrpc": "2.0", "method": "subscription", "params": {"channel": "book.BTC-7NOV25.none.20.100ms", "data": {"timestamp": 1762326351665, "change_id": 125350442908, "instrument_name": "BTC-7NOV25", "bids": [[101947.5, 18650.0], [101945.0, 2210.0], [101942.5, 3700.0], [101940.0, 9670.0], [101937.5, 20000.0], [101930.0, 16190.0], [101927.5, 50000.0], [101920.0, 4950.0], [101847.5, 1310.0], [101845.0, 4400.0], [101780.0, 700.0], [101777.5, 2360.0], [101755.0, 2820.0], [101752.5, 9460.0], [101745.0, 45000.0], [101695.0, 37850.0], [101665.0, 35840.0], [101612.5, 500.0], [101597.5, 50000.0], [101530.0, 25690.0]], "asks": [[101950.0, 20000.0], [101970.0, 1640.0], [101972.5, 4950.0], [102015.0, 13300.0], [102017.5, 49490.0], [102097.5, 410.0], [102100.0, 1380.0], [102170.0, 13430.0], [102172.5, 45000.0], [102192.5, 30.0], [102197.5, 500.0], [102207.5, 3840.0], [102262.5, 40.0], [102265.0, 50000.0], [102285.0, 24290.0], [102355.0, 160.0], [102392.5, 24580.0], [102417.5, 48510.0], [102465.0, 11820.0], [102482.5, 50000.0]]}}}
{"jsonrpc": "2.0", "method": "subscription", "params": {"channel": "book.BTC-14NOV25.none.20.100ms", "data": {"timestamp": 1762326351857, "change_id": 125350443613, "instrument_name": "BTC-14NOV25", "bids": [[101997.5, 2990.0], [101995.0, 11410.0], [101992.5, 4730.0], [101970.0, 160.0], [101960.0, 2270.0], [101957.5, 3800.0], [101955.0, 5210.0], [101952.5, 4730.0], [101887.5, 1310.0], [101885.0, 4400.0], [101882.5, 50000.0], [101852.5, 10.0], [101850.0, 700.0], [101847.5, 2360.0], [101827.5, 2900.0], [101825.0, 9710.0], [101802.5, 40.0], [101800.0, 11550.0], [101797.5, 37850.0], [101787.5, 45000.0]], "asks": [[102010.0, 160.0], [102012.5, 11110.0], [102015.0, 58330.0], [102017.5, 78680.0], [102047.5, 1410.0], [102050.0, 4730.0], [102075.0, 13520.0], [102077.5, 45300.0], [102212.5, 13430.0], [102215.0, 45000.0], [102245.0, 40.0], [102250.0, 1150.0], [102252.5, 3840.0], [102287.5, 500.0], [102297.5, 50000.0], [102305.0, 10.0], [102350.0, 1000.0], [102352.5, 6410.0], [102390.0, 10.0], [102420.0, 10.0]]}}}
{"jsonrpc": "2.0", "method": "subscription", "params": {"channel": "book.BTC-7NOV25.none.20.100ms", "data": {"timestamp": 1762326351934, "change_id": 125350443694, "instrument_name": "BTC-7NOV25", "bids": [[101947.5, 18650.0], [101945.0, 2210.0], [101942.5, 3700.0], [101940.0, 17020.0], [101937.5, 20000.0], [101935.0, 43110.0], [101932.5, 53700.0], [101930.0, 160.0], [101922.5, 1480.0], [101920.0, 4950.0], [101847.5, 1310.0], [101845.0, 4400.0], [101780.0, 700.0], [101777.5, 2360.0], [101755.0, 2820.0], [101752.5, 9460.0], [101745.0, 45000.0], [101695.0, 37850.0], [101665.0, 35840.0], [101612.5, 500.0]], "asks": [[101950.0, 20000.0], [101970.0, 1640.0], [101972.5, 4950.0], [101982.5, 10000.0], [102015.0, 13300.0], [102017.5, 49490.0], [102097.5, 410.0], [102100.0, 1380.0], [102170.0, 13430.0], [102172.5, 45000.0], [102192.5, 30.0], [102197.5, 500.0], [102207.5, 3840.0], [102262.5, 40.0], [102265.0, 50000.0], [102285.0, 24290.0], [102355.0, 160.0], [102392.5, 24580.0], [102417.5, 48510.0], [102465.0, 11820.0]]}}}
{"jsonrpc": "2.0", "method": "subscription", "params": {"channel": "book.BTC-14NOV25.none.20.100ms", "data": {"timestamp": 1762326352292, "change_id": 125350444044, "instrument_name": "BTC-14NOV25", "bids": [[101997.5, 2990.0], [101995.0, 11410.0], [101992.5, 4730.0], [101970.0, 160.0], [101960.0, 2270.0], [101957.5, 3800.0], [101955.0, 5210.0], [101952.5, 4730.0], [101887.5, 1310.0], [101885.0, 4400.0], [101882.5, 50000.0], [101852.5, 10.0], [101850.0, 700.0], [101847.5, 2360.0], [101827.5, 2900.0], [101825.0, 9710.0], [101802.5, 40.0], [101800.0, 11550.0], [101797.5, 37850.0], [101785.0, 250.0]], "asks": [[102007.5, 3030.0], [102010.0, 10160.0], [102012.5, 11110.0], [102015.0, 58330.0], [102017.5, 68680.0], [102047.5, 1410.0], [102050.0, 4730.0], [102075.0, 13520.0], [102077.5, 45300.0], [102192.5, 10.0], [102212.5, 13430.0], [102215.0, 45000.0], [102245.0, 40.0], [102250.0, 1150.0], [102252.5, 3840.0], [102287.5, 500.0], [102297.5, 50000.0], [102305.0, 10.0], [102350.0, 1000.0], [102352.5, 6410.0]]}}}
{"jsonrpc": "2.0", "method": "subscription", "params": {"channel": "book.BTC-7NOV25.none.20.100ms", "data": {"timestamp": 1762326352021, "change_id": 125350443931, "instrument_name": "BTC-7NOV25", "bids": [[101947.5, 18650.0], [101945.0, 7900.0], [101942.5, 3700.0], [101940.0, 51010.0], [101937.5, 50000.0], [101935.0, 28330.0], [101932.5, 3700.0], [101930.0, 160.0], [101922.5, 1480.0], [101920.0, 4950.0], [101847.5, 1310.0], [101845.0, 4400.0], [101780.0, 700.0], [101777.5, 2360.0], [101755.0, 2820.0], [101752.5, 9460.0], [101745.0, 45000.0], [101695.0, 37850.0], [101665.0, 35840.0], [101612.5, 500.0]], "asks": [[101950.0, 20000.0], [101970.0, 1640.0], [101972.5, 4950.0], [101982.5, 10000.0], [102015.0, 13300.0], [102017.5, 49490.0], [102097.5, 410.0], [102100.0, 1380.0], [102170.0, 13430.0], [102172.5, 45000.0], [102192.5, 30.0], [102197.5, 500.0], [102207.5, 3840.0], [102262.5, 40.0], [102265.0, 50000.0], [102285.0, 24290.0], [102355.0, 160.0], [102392.5, 24580.0], [102417.5, 48510.0], [102465.0, 11820.0]]}}}
{"jsonrpc": "2.0", "method": "subscription", "params": {"channel": "book.BTC-7NOV25.none.20.100ms", "data": {"timestamp": 1762326352445, "change_id": 125350444112, "instrument_name": "BTC-7NOV25", "bids": [[101947.5, 18650.0], [101945.0, 7900.0], [101942.5, 3700.0], [101940.0, 51010.0], [101937.5, 50000.0], [101935.0, 50090.0], [101932.5, 3700.0], [101930.0, 73550.0], [101922.5, 1480.0], [101920.0, 4950.0], [101847.5, 1310.0], [101845.0, 4400.0], [101780.0, 700.0], [101777.5, 2360.0], [101755.0, 2820.0], [101752.5, 9460.0], [101745.0, 45000.0], [101695.0, 37850.0], [101665.0, 35840.0], [101612.5, 500.0]], "asks": [[101950.0, 20000.0], [101970.0, 4430.0], [101972.5, 4950.0], [101975.0, 10000.0], [102015.0, 13300.0], [102017.5, 49490.0], [102097.5, 410.0], [102100.0, 1380.0], [102170.0, 13430.0], [102172.5, 45000.0], [102192.5, 30.0], [102197.5, 500.0], [102207.5, 3840.0], [102262.5, 40.0], [102265.0, 50000.0], [102285.0, 24290.0], [102355.0, 160.0], [102392.5, 24580.0], [102417.5, 48510.0], [102465.0, 11820.0]]}}}
{"jsonrpc": "2.0", "method": "subscription", "params": {"channel": "book.BTC-14NOV25.none.20.100ms", "data": {"timestamp": 1762326353038, "change_id": 125350445321, "instrument_name": "BTC-14NOV25", "bids": [[101997.5, 2990.0], [101995.0, 11410.0], [101992.5, 4730.0], [101970.0, 160.0], [101960.0, 2270.0], [101957.5, 3800.0], [101955.0, 5210.0], [101952.5, 4730.0], [101887.5, 1310.0], [101885.0, 4400.0], [101882.5, 50000.0], [101852.5, 10.0], [101850.0, 700.0], [101847.5, 2360.0], [101827.5, 2900.0], [101825.0, 9710.0], [101802.5, 40.0], [101800.0, 11550.0], [101797.5, 37850.0], [101787.5, 45000.0]], "asks": [[102007.5, 3030.0], [102010.0, 10160.0], [102012.5, 11110.0], [102015.0, 58330.0], [102017.5, 68680.0], [102047.5, 1410.0], [102050.0, 4730.0], [102075.0, 13520.0], [102077.5, 45300.0], [102192.5, 10.0], [102212.5, 13430.0], [102215.0, 45000.0], [102245.0, 40.0], [102250.0, 1150.0], [102252.5, 3840.0], [102287.5, 500.0], [102297.5, 50000.0], [102305.0, 10.0], [102350.0, 1000.0], [102352.5, 6410.0]]}}}
{"jsonrpc": "2.0", "method": "subscription", "params": {"channel": "book.BTC-7NOV25.none.20.100ms", "data": {"timestamp": 1762326353017, "change_id": 125350445282, "instrument_name": "BTC-7NOV25", "bids": [[101947.5, 18650.0], [101945.0, 7900.0], [101942.5, 3700.0], [101940.0, 51010.0], [101937.5, 50000.0], [101935.0, 50090.0], [101932.5, 3700.0], [101930.0, 73550.0], [101922.5, 1480.0], [101920.0, 4950.0], [101847.5, 1310.0], [101845.0, 4400.0], [101780.0, 700.0], [101777.5, 2360.0], [101755.0, 2820.0], [101752.5, 9460.0], [101745.0, 45000.0], [101695.0, 37850.0], [101665.0, 35840.0], [101612.5, 500.0]], "asks": [[101950.0, 20000.0], [101970.0, 4430.0], [101972.5, 4950.0], [101975.0, 10000.0], [102015.0, 13300.0], [102017.5, 49490.0], [102097.5, 410.0], [102100.0, 1380.0], [102192.5, 30.0], [102197.5, 500.0], [102207.5, 3840.0], [102262.5, 40.0], [102265.0, 50000.0], [102285.0, 24290.0], [102355.0, 160.0], [102392.5, 24580.0], [102417.5, 48510.0], [102465.0, 11820.0], [102482.5, 50000.0], [102500.0, 20250.0]]}}}
{"jsonrpc": "2.0", "method": "subscription", "params": {"channel": "book.BTC-14NOV25.none.20.100ms", "data": {"timestamp": 1762326353650, "change_id": 125350446207, "instrument_name": "BTC-14NOV25", "bids": [[101997.5, 2990.0], [101995.0, 11410.0], [101970.0, 160.0], [101960.0, 2270.0], [101957.5, 3800.0], [101955.0, 5210.0], [101895.0, 2360.0], [101887.5, 1310.0], [101885.0, 4400.0], [101882.5, 50000.0], [101852.5, 10.0], [101827.5, 2900.0], [101825.0, 9710.0], [101802.5, 40.0], [101800.0, 11550.0], [101797.5, 37850.0], [101787.5, 45000.0], [101785.0, 250.0], [101775.0, 250.0], [101710.0, 6240.0]], "asks": [[102010.0, 160.0], [102012.5, 11110.0], [102015.0, 58330.0], [102017.5, 68680.0], [102022.5, 2990.0], [102025.0, 10000.0], [102047.5, 1410.0], [102050.0, 4730.0], [102075.0, 13520.0], [102077.5, 45300.0], [102192.5, 10.0], [102212.5, 13430.0], [102215.0, 45000.0], [102245.0, 40.0], [102250.0, 1150.0], [102252.5, 3840.0], [102287.5, 500.0], [102297.5, 50000.0], [102305.0, 10.0], [102350.0, 1000.0]]}}}
{"jsonrpc": "2.0", "method": "subscription", "params": {"channel": "book.BTC-7NOV25.none.20.100ms", "data": {"timestamp": 1762326353629, "change_id": 125350446161, "instrument_name": "BTC-7NOV25", "bids": [[101947.5, 18650.0], [101945.0, 7900.0], [101942.5, 3700.0], [101940.0, 51010.0], [101937.5, 50000.0], [101935.0, 50090.0], [101932.5, 3700.0], [101930.0, 73550.0], [101922.5, 1480.0], [101920.0, 4950.0], [101847.5, 1310.0], [101845.0, 4400.0], [101780.0, 700.0], [101777.5, 2360.0], [101755.0, 2820.0], [101752.5, 9460.0], [101745.0, 45000.0], [101695.0, 37850.0], [101665.0, 35840.0], [101612.5, 500.0]], "asks": [[101950.0, 20000.0], [101970.0, 1640.0], [101972.5, 4950.0], [101987.5, 2990.0], [101990.0, 10000.0], [102015.0, 13300.0], [102017.5, 49490.0], [102097.5, 410.0], [102100.0, 1380.0], [102192.5, 30.0], [102207.5, 3840.0], [102257.5, 500.0], [102262.5, 40.0], [102265.0, 50000.0], [102285.0, 24290.0], [102355.0, 160.0], [102392.5, 24580.0], [102417.5, 48510.0], [102465.0, 11820.0], [102482.5, 50000.0]]}}}
{"jsonrpc": "2.0", "method": "subscription", "params": {"channel": "book.BTC-14NOV25.none.20.100ms", "data": {"timestamp": 1762326353977, "change_id": 125350446977, "instrument_name": "BTC-14NOV25", "bids": [[102002.5, 1410.0], [102000.0, 4730.0], [101997.5, 2990.0], [101995.0, 11410.0], [101987.5, 1410.0], [101985.0, 4730.0], [101970.0, 160.0], [101895.0, 2360.0], [101887.5, 1310.0], [101885.0, 4400.0], [101882.5, 50000.0], [101852.5, 10.0], [101827.5, 2900.0], [101825.0, 9710.0], [101802.5, 40.0], [101800.0, 11550.0], [101797.5, 37850.0], [101787.5, 45000.0], [101785.0, 250.0], [101775.0, 250.0]], "asks": [[102010.0, 160.0], [102012.5, 11110.0], [102015.0, 53600.0], [102017.5, 78680.0], [102020.0, 1410.0], [102022.5, 4730.0], [102047.5, 1410.0], [102050.0, 4730.0], [102075.0, 13520.0], [102077.5, 45300.0], [102192.5, 10.0], [102225.0, 13430.0], [102227.5, 45000.0], [102245.0, 40.0], [102250.0, 1150.0], [102252.5, 3840.0], [102287.5, 500.0], [102297.5, 50000.0], [102305.0, 10.0], [102350.0, 1000.0]]}}}
{"jsonrpc": "2.0", "method": "subscription", "params": {"channel": "book.BTC-14NOV25.none.20.100ms", "data": {"timestamp": 1762326354037, "change_id": 125350447008, "instrument_name": "BTC-14NOV25", "bids": [[102002.5, 1410.0], [102000.0, 4730.0], [101997.5, 2990.0], [101995.0, 11410.0], [101987.5, 1410.0], [101985.0, 4730.0], [101970.0, 160.0], [101895.0, 2360.0], [101887.5, 1310.0], [101885.0, 19330.0], [101882.5, 50000.0], [101852.5, 10.0], [101827.5, 2900.0], [101825.0, 9710.0], [101802.5, 40.0], [101800.0, 11550.0], [101797.5, 37850.0], [101787.5, 45000.0], [101785.0, 250.0], [101775.0, 250.0]], "asks": [[102010.0, 160.0], [102012.5, 11110.0], [102015.0, 53600.0], [102017.5, 78680.0], [102020.0, 1410.0], [102022.5, 4730.0], [102047.5, 1410.0], [102050.0, 4730.0], [102075.0, 13520.0], [102077.5, 45300.0], [102192.5, 10.0], [102225.0, 13430.0], [102227.5, 45000.0], [102245.0, 40.0], [102250.0, 1150.0], [102252.5, 3840.0], [102287.5, 500.0], [102297.5, 50000.0], [102305.0, 10.0], [102350.0, 1000.0]]}}}
{"jsonrpc": "2.0", "method": "subscription", "params": {"channel": "book.BTC-7NOV25.none.20.100ms", "data": {"timestamp": 1762326354059, "change_id": 125350447017, "instrument_name": "BTC-7NOV25", "bids": [[101947.5, 18650.0], [101945.0, 7900.0], [101942.5, 3700.0], [101940.0, 51010.0], [101937.5, 50000.0], [101935.0, 50090.0], [101932.5, 3700.0], [101930.0, 73550.0], [101922.5, 1480.0], [101920.0, 4950.0], [101847.5, 1310.0], [101845.0, 4400.0], [101780.0, 700.0], [101777.5, 2360.0], [101755.0, 2820.0], [101752.5, 9460.0], [101745.0, 45000.0], [101695.0, 37850.0], [101665.0, 35840.0], [101612.5, 500.0]], "asks": [[101950.0, 20000.0], [101970.0, 1640.0], [101972.5, 4950.0], [101980.0, 2990.0], [101982.5, 10000.0], [102015.0, 13300.0], [102017.5, 49490.0], [102097.5, 410.0], [102100.0, 1380.0], [102192.5, 30.0], [102207.5, 3840.0], [102257.5, 500.0], [102262.5, 40.0], [102265.0, 50000.0], [102285.0, 24290.0], [102355.0, 160.0], [102392.5, 24580.0], [102417.5, 48510.0], [102465.0, 11820.0], [102482.5, 50000.0]]}}}
{"jsonrpc": "2.0", "method": "subscription", "params": {"channel": "book.BTC-14NOV25.none.20.100ms", "data": {"timestamp": 1762326354400, "change_id": 125350448201, "instrument_name": "BTC-14NOV25", "bids": [[102002.5, 1410.0], [102000.0, 4730.0], [101997.5, 2990.0], [101995.0, 11410.0], [101970.0, 160.0], [101952.5, 4730.0], [101895.0, 2360.0], [101887.5, 1310.0], [101885.0, 19330.0], [101882.5, 50000.0], [101852.5, 10.0], [101827.5, 2900.0], [101825.0, 9710.0], [101802.5, 40.0], [101800.0, 11550.0], [101797.5, 37850.0], [101787.5, 45000.0], [101785.0, 250.0], [101775.0, 250.0], [101730.0, 40350.0]], "asks": [[102012.5, 11110.0], [102015.0, 53600.0], [102017.5, 78680.0], [102020.0, 1410.0], [102022.5, 4730.0], [102047.5, 1410.0], [102050.0, 4730.0], [102075.0, 13520.0], [102077.5, 45300.0], [102157.5, 160.0], [102192.5, 10.0], [102225.0, 13430.0], [102227.5, 45000.0], [102245.0, 40.0], [102250.0, 1150.0], [102252.5, 3840.0], [102287.5, 500.0], [102297.5, 50000.0], [102305.0, 10.0], [102350.0, 1000.0]]}}}
{"jsonrpc": "2.0", "method": "subscription", "params": {"channel": "book.BTC-7NOV25.none.20.100ms", "data": {"timestamp": 1762326354613, "change_id": 125350448412, "instrument_name": "BTC-7NOV25", "bids": [[101965.0, 10000.0], [101960.0, 2250.0], [101957.5, 4950.0], [101955.0, 23710.0], [101952.5, 3700.0], [101950.0, 71100.0], [101947.5, 3700.0], [101945.0, 1100.0], [101942.5, 3700.0], [101937.5, 8110.0], [101935.0, 50090.0], [101930.0, 73550.0], [101922.5, 1480.0], [101920.0, 4950.0], [101847.5, 1310.0], [101845.0, 4400.0], [101780.0, 700.0], [101777.5, 2360.0], [101757.5, 40.0], [101752.5, 9460.0]], "asks": [[101967.5, 9780.0], [101970.0, 21480.0], [101972.5, 4950.0], [101980.0, 2990.0], [101982.5, 10000.0], [102015.0, 13300.0], [102017.5, 49490.0], [102097.5, 410.0], [102100.0, 1380.0], [102105.0, 160.0], [102175.0, 13430.0], [102177.5, 45000.0], [102192.5, 30.0], [102207.5, 3840.0], [102257.5, 500.0], [102262.5, 40.0], [102265.0, 50000.0], [102285.0, 24290.0], [102355.0, 160.0], [102392.5, 24580.0]]}}}
{"jsonrpc": "2.0", "method": "subscription", "params": {"channel": "book.BTC-14NOV25.none.20.100ms", "data": {"timestamp": 1762326354900, "change_id": 125350449274, "instrument_name": "BTC-14NOV25", "bids": [[102002.5, 1410.0], [102000.0, 4730.0], [101997.5, 2990.0], [101995.0, 11410.0], [101970.0, 160.0], [101952.5, 4730.0], [101895.0, 2360.0], [101892.5, 9460.0], [101887.5, 1310.0], [101885.0, 4400.0], [101882.5, 50000.0], [101852.5, 10.0], [101825.0, 250.0], [101802.5, 40.0], [101800.0, 11550.0], [101797.5, 37850.0], [101787.5, 45000.0], [101785.0, 250.0], [101775.0, 250.0], [101730.0, 40350.0]], "asks": [[102012.5, 11110.0], [102015.0, 53600.0], [102017.5, 78680.0], [102020.0, 1410.0], [102022.5, 4730.0], [102047.5, 1410.0], [102050.0, 4730.0], [102075.0, 13520.0], [102077.5, 45300.0], [102137.5, 160.0], [102192.5, 10.0], [102225.0, 13430.0], [102227.5, 45000.0], [102245.0, 40.0], [102250.0, 1150.0], [102252.5, 3840.0], [102287.5, 500.0], [102297.5, 50000.0], [102305.0, 10.0], [102350.0, 1000.0]]}}}
{"jsonrpc": "2.0", "method": "subscription", "params": {"channel": "book.BTC-7NOV25.none.20.100ms", "data": {"timestamp": 1762326354655, "change_id": 125350448424, "instrument_name": "BTC-7NOV25", "bids": [[101965.0, 10000.0], [101960.0, 2250.0], [101957.5, 4950.0], [101955.0, 23710.0], [101952.5, 3700.0], [101950.0, 71100.0], [101947.5, 3700.0], [101937.5, 8110.0], [101935.0, 50090.0], [101930.0, 73550.0], [101922.5, 1480.0], [101920.0, 4950.0], [101847.5, 1310.0], [101845.0, 4400.0], [101780.0, 700.0], [101777.5, 2360.0], [101757.5, 40.0], [101752.5, 9460.0], [101745.0, 45000.0], [101695.0, 37850.0]], "asks": [[101967.5, 9780.0], [101970.0, 21480.0], [101972.5, 4950.0], [101980.0, 2990.0], [101982.5, 10000.0], [102015.0, 13300.0], [102017.5, 49490.0], [102097.5, 410.0], [102100.0, 1380.0], [102105.0, 160.0], [102175.0, 13430.0], [102177.5, 45000.0], [102192.5, 30.0], [102207.5, 3840.0], [102257.5, 500.0], [102262.5, 40.0], [102265.0, 50000.0], [102285.0, 24290.0], [102355.0, 160.0], [102392.5, 24580.0]]}}}
{"jsonrpc": "2.0", "method": "subscription", "params": {"channel": "book.BTC-14NOV25.none.20.100ms", "data": {"timestamp": 1762326355079, "change_id": 125350449584, "instrument_name": "BTC-14NOV25", "bids": [[102000.0, 4730.0], [101997.5, 2990.0], [101995.0, 11410.0], [101970.0, 160.0], [101955.0, 1410.0], [101952.5, 4730.0], [101895.0, 2360.0], [101892.5, 9460.0], [101887.5, 1310.0], [101885.0, 4400.0], [101882.5, 50000.0], [101852.5, 10.0], [101825.0, 250.0], [101802.5, 40.0], [101800.0, 11550.0], [101797.5, 37850.0], [101787.5, 45000.0], [101785.0, 250.0], [101775.0, 250.0], [101730.0, 40350.0]], "asks": [[102012.5, 11110.0], [102015.0, 58330.0], [102017.5, 78680.0], [102047.5, 1410.0], [102050.0, 4730.0], [102075.0, 13520.0], [102077.5, 45300.0], [102110.0, 160.0], [102192.5, 10.0], [102217.5, 13430.0], [102220.0, 45000.0], [102245.0, 40.0], [102250.0, 1150.0], [102252.5, 3840.0], [102287.5, 500.0], [102297.5, 50000.0], [102305.0, 10.0], [102350.0, 1000.0], [102352.5, 6410.0], [102390.0, 10.0]]}}}
{"jsonrpc": "2.0", "method": "subscription", "params": {"channel": "book.BTC-7NOV25.none.20.100ms", "data": {"timestamp": 1762326355042, "change_id": 125350449586, "instrument_name": "BTC-7NOV25", "bids": [[101965.0, 10000.0], [101960.0, 1480.0], [101957.5, 4950.0], [101955.0, 21110.0], [101952.5, 20000.0], [101950.0, 50000.0], [101937.5, 8110.0], [101935.0, 50090.0], [101930.0, 73550.0], [101922.5, 1480.0], [101920.0, 4950.0], [101847.5, 1310.0], [101845.0, 4400.0], [101780.0, 700.0], [101777.5, 2360.0], [101757.5, 40.0], [101752.5, 9460.0], [101745.0, 45000.0], [101695.0, 37850.0], [101670.0, 50000.0]], "asks": [[101967.5, 9780.0], [101970.0, 21480.0], [101972.5, 4950.0], [101980.0, 2990.0], [101982.5, 10000.0], [102015.0, 13300.0], [102017.5, 49490.0], [102070.0, 160.0], [102097.5, 410.0], [102100.0, 1380.0], [102175.0, 13430.0], [102177.5, 45000.0], [102192.5, 30.0], [102207.5, 3840.0], [102257.5, 500.0], [102262.5, 50.0], [102265.0, 50000.0], [102285.0, 24290.0], [102355.0, 160.0], [102392.5, 24580.0]]}}}
{"jsonrpc": "2.0", "method": "subscription", "params": {"channel": "book.BTC-14NOV25.none.20.100ms", "data": {"timestamp": 1762326355357, "change_id": 125350449781, "instrument_name": "BTC-14NOV25", "bids": [[102000.0, 4730.0], [101997.5, 2990.0], [101995.0, 11410.0], [101970.0, 160.0], [101955.0, 1410.0], [101952.5, 4730.0], [101895.0, 2360.0], [101892.5, 9460.0], [101887.5, 1310.0], [101885.0, 4400.0], [101882.5, 50000.0], [101852.5, 10.0], [101825.0, 250.0], [101802.5, 40.0], [101800.0, 11550.0], [101797.5, 37850.0], [101787.5, 45000.0], [101785.0, 250.0], [101775.0, 250.0], [101730.0, 40350.0]], "asks": [[102007.5, 2990.0], [102010.0, 10000.0], [102012.5, 11110.0], [102015.0, 58330.0], [102017.5, 68680.0], [102047.5, 1410.0], [102050.0, 4730.0], [102075.0, 13520.0], [102077.5, 45300.0], [102110.0, 160.0], [102192.5, 10.0], [102217.5, 13430.0], [102220.0, 45000.0], [102245.0, 40.0], [102250.0, 1150.0], [102252.5, 3840.0], [102287.5, 500.0], [102297.5, 50000.0], [102305.0, 10.0], [102350.0, 1000.0]]}}}
{"jsonrpc": "2.0", "method": "subscription", "params": {"channel": "book.BTC-7NOV25.none.20.100ms", "data": {"timestamp": 1762326355511, "change_id": 125350449928, "instrument_name": "BTC-7NOV25", "bids": [[101965.0, 10000.0], [101960.0, 1480.0], [101957.5, 4950.0], [101955.0, 21110.0], [101952.5, 20000.0], [101950.0, 50000.0], [101937.5, 8110.0], [101935.0, 50090.0], [101930.0, 73550.0], [101922.5, 1480.0], [101920.0, 4950.0], [101847.5, 1310.0], [101845.0, 4400.0], [101780.0, 700.0], [101777.5, 2360.0], [101757.5, 40.0], [101752.5, 9460.0], [101745.0, 45000.0], [101695.0, 37850.0], [101670.0, 50000.0]], "asks": [[101967.5, 9780.0], [101970.0, 24270.0], [101972.5, 4950.0], [101975.0, 10000.0], [102015.0, 13300.0], [102017.5, 49490.0], [102070.0, 160.0], [102097.5, 410.0], [102100.0, 1380.0], [102175.0, 13430.0], [102177.5, 45000.0], [102192.5, 30.0], [102207.5, 3840.0], [102257.5, 500.0], [102262.5, 50.0], [102265.0, 50000.0], [102285.0, 24290.0], [102355.0, 160.0], [102392.5, 24580.0], [102417.5, 48510.0]]}}}
{"jsonrpc": "2.0", "method": "subscription", "params": {"channel": "book.BTC-14NOV25.none.20.100ms", "data": {"timestamp": 1762326355796, "change_id": 125350450455, "instrument_name": "BTC-14NOV25", "bids": [[102002.5, 1410.0], [102000.0, 4730.0], [101997.5, 2990.0], [101995.0, 11410.0], [101970.0, 160.0], [101955.0, 1410.0], [101952.5, 4730.0], [101895.0, 2360.0], [101892.5, 9460.0], [101887.5, 1310.0], [101885.0, 4400.0], [101882.5, 50000.0], [101852.5, 10.0], [101825.0, 250.0], [101802.5, 40.0], [101800.0, 11550.0], [101797.5, 37850.0], [101787.5, 45000.0], [101785.0, 250.0], [101775.0, 250.0]], "asks": [[102007.5, 13890.0], [102010.0, 10000.0], [102015.0, 58330.0], [102017.5, 68680.0], [102047.5, 1410.0], [102050.0, 4730.0], [102075.0, 13520.0], [102077.5, 45300.0], [102097.5, 160.0], [102192.5, 10.0], [102217.5, 13430.0], [102220.0, 45000.0], [102245.0, 40.0], [102250.0, 1150.0], [102252.5, 3840.0], [102287.5, 500.0], [102297.5, 50000.0], [102305.0, 10.0], [102350.0, 1000.0], [102352.5, 6410.0]]}}}
{"jsonrpc": "2.0", "method": "subscription", "params": {"channel": "book.BTC-7NOV25.none.20.100ms", "data": {"timestamp": 1762326355790, "change_id": 125350450449, "instrument_name": "BTC-7NOV25", "bids": [[101965.0, 10000.0], [101960.0, 1480.0], [101957.5, 4950.0], [101955.0, 21110.0], [101952.5, 20000.0], [101950.0, 50000.0], [101937.5, 8110.0], [101935.0, 50090.0], [101930.0, 73550.0], [101922.5, 1480.0], [101920.0, 4950.0], [101847.5, 1310.0], [101845.0, 4400.0], [101780.0, 700.0], [101777.5, 2360.0], [101757.5, 40.0], [101752.5, 9460.0], [101745.0, 45000.0], [101695.0, 37850.0], [101670.0, 50000.0]], "asks": [[101967.5, 9780.0], [101970.0, 24270.0], [101972.5, 4950.0], [101975.0, 10000.0], [102015.0, 13300.0], [102017.5, 49490.0], [102055.0, 160.0], [102097.5, 410.0], [102100.0, 1380.0], [102175.0, 13430.0], [102177.5, 45000.0], [102192.5, 30.0], [102207.5, 3840.0], [102257.5, 500.0], [102262.5, 50.0], [102265.0, 50000.0], [102285.0, 24290.0], [102355.0, 160.0], [102392.5, 24580.0], [102417.5, 48510.0]]}}}
{"jsonrpc": "2.0", "method": "subscription", "params": {"channel": "book.BTC-14NOV25.none.20.100ms", "data": {"timestamp": 1762326356051, "change_id": 125350450933, "instrument_name": "BTC-14NOV25", "bids": [[102002.5, 1410.0], [102000.0, 4730.0], [101997.5, 2990.0], [101995.0, 11410.0], [101970.0, 160.0], [101955.0, 1410.0], [101952.5, 4730.0], [101895.0, 2360.0], [101892.5, 9460.0], [101887.5, 1310.0], [101885.0, 19330.0], [101882.5, 50000.0], [101852.5, 10.0], [101825.0, 250.0], [101802.5, 40.0], [101800.0, 11550.0], [101797.5, 37850.0], [101787.5, 45000.0], [101785.0, 250.0], [101775.0, 250.0]], "asks": [[102007.5, 13890.0], [102010.0, 10000.0], [102015.0, 58330.0], [102017.5, 68680.0], [102047.5, 1410.0], [102050.0, 4730.0], [102075.0, 13520.0], [102077.5, 45300.0], [102097.5, 160.0], [102192.5, 10.0], [102217.5, 13430.0], [102220.0, 45000.0], [102245.0, 40.0], [102250.0, 1150.0], [102252.5, 3840.0], [102287.5, 500.0], [102297.5, 50000.0], [102305.0, 10.0], [102350.0, 1000.0], [102352.5, 6410.0]]}}}
{"jsonrpc": "2.0", "method": "subscription", "params": {"channel": "book.BTC-7NOV25.none.20.100ms", "data": {"timestamp": 1762326356060, "change_id": 125350450937, "instrument_name": "BTC-7NOV25", "bids": [[101965.0, 10000.0], [101960.0, 1480.0], [101957.5, 4950.0], [101955.0, 21110.0], [101950.0, 70000.0], [101937.5, 8110.0], [101935.0, 50090.0], [101930.0, 73550.0], [101922.5, 1480.0], [101920.0, 4950.0], [101847.5, 1310.0], [101845.0, 4400.0], [101780.0, 700.0], [101777.5, 2360.0], [101757.5, 40.0], [101752.5, 9460.0], [101745.0, 45000.0], [101695.0, 37850.0], [101670.0, 50000.0], [101665.0, 35840.0]], "asks": [[101967.5, 9780.0], [101970.0, 24270.0], [101972.5, 4950.0], [101975.0, 10000.0], [102015.0, 13300.0], [102017.5, 49490.0], [102055.0, 160.0], [102097.5, 410.0], [102100.0, 1380.0], [102175.0, 13430.0], [102177.5, 45000.0], [102192.5, 30.0], [102207.5, 3840.0], [102257.5, 500.0], [102262.5, 50.0], [102265.0, 50000.0], [102285.0, 24290.0], [102355.0, 160.0], [102392.5, 24580.0], [102417.5, 48510.0]]}}}
{"jsonrpc": "2.0", "method": "subscription", "params": {"channel": "book.BTC-14NOV25.none.20.100ms", "data": {"timestamp": 1762326356545, "change_id": 125350451312, "instrument_name": "BTC-14NOV25", "bids": [[102002.5, 1410.0], [102000.0, 4730.0], [101997.5, 2990.0], [101995.0, 11410.0], [101970.0, 160.0], [101955.0, 1410.0], [101952.5, 4730.0], [101895.0, 2360.0], [101892.5, 9460.0], [101887.5, 1310.0], [101885.0, 19330.0], [101882.5, 50000.0], [101852.5, 10.0], [101825.0, 250.0], [101802.5, 40.0], [101800.0, 11550.0], [101797.5, 37850.0], [101787.5, 45000.0], [101785.0, 250.0], [101775.0, 250.0]], "asks": [[102007.5, 13890.0], [102010.0, 10000.0], [102015.0, 58330.0], [102017.5, 68680.0], [102047.5, 1410.0], [102050.0, 4730.0], [102075.0, 13520.0], [102077.5, 45300.0], [102080.0, 160.0], [102192.5, 10.0], [102217.5, 13430.0], [102220.0, 45000.0], [102245.0, 40.0], [102250.0, 1150.0], [102252.5, 3840.0], [102287.5, 500.0], [102297.5, 50000.0], [102305.0, 10.0], [102350.0, 1000.0], [102352.5, 6410.0]]}}}
{"jsonrpc": "2.0", "method": "subscription", "params": {"channel": "book.BTC-7NOV25.none.20.100ms", "data": {"timestamp": 1762326356396, "change_id": 125350451152, "instrument_name": "BTC-7NOV25", "bids": [[101965.0, 10000.0], [101960.0, 1480.0], [101957.5, 4950.0], [101955.0, 21110.0], [101950.0, 70000.0], [101937.5, 8110.0], [101935.0, 50090.0], [101930.0, 73550.0], [101922.5, 1480.0], [101920.0, 4950.0], [101847.5, 1310.0], [101845.0, 4400.0], [101780.0, 700.0], [101777.5, 2360.0], [101757.5, 40.0], [101752.5, 9460.0], [101745.0, 45000.0], [101695.0, 37850.0], [101670.0, 50000.0], [101665.0, 35840.0]], "asks": [[101967.5, 9780.0], [101970.0, 24270.0], [101972.5, 4950.0], [101975.0, 10000.0], [102015.0, 13300.0], [102017.5, 49490.0], [102040.0, 160.0], [102097.5, 410.0], [102100.0, 1380.0], [102175.0, 13430.0], [102177.5, 45000.0], [102192.5, 30.0], [102207.5, 3840.0], [102257.5, 500.0], [102262.5, 50.0], [102265.0, 50000.0], [102285.0, 24290.0], [102355.0, 160.0], [102392.5, 24580.0], [102417.5, 48510.0]]}}}
{"jsonrpc": "2.0", "method": "subscription", "params": {"channel": "book.BTC-14NOV25.none.20.100ms", "data": {"timestamp": 1762326356630, "change_id": 125350451544, "instrument_name": "BTC-14NOV25", "bids": [[102002.5, 1410.0], [102000.0, 4730.0], [101997.5, 2990.0], [101995.0, 11410.0], [101970.0, 160.0], [101955.0, 1410.0], [101952.5, 4730.0], [101895.0, 2370.0], [101892.5, 9460.0], [101887.5, 1310.0], [101885.0, 19330.0], [101882.5, 50000.0], [101825.0, 250.0], [101802.5, 40.0], [101800.0, 11550.0], [101797.5, 37850.0], [101787.5, 45000.0], [101785.0, 250.0], [101775.0, 250.0], [101735.0, 6240.0]], "asks": [[102007.5, 13890.0], [102010.0, 10000.0], [102015.0, 58330.0], [102017.5, 68680.0], [102047.5, 1410.0], [102050.0, 4730.0], [102075.0, 13520.0], [102077.5, 45300.0], [102080.0, 160.0], [102192.5, 10.0], [102217.5, 13430.0], [102220.0, 45000.0], [102245.0, 40.0], [102250.0, 1150.0], [102252.5, 3840.0], [102287.5, 500.0], [102297.5, 50000.0], [102305.0, 10.0], [102350.0, 1000.0], [102352.5, 6410.0]]}}}
{"jsonrpc": "2.0", "method": "subscription", "params": {"channel": "book.BTC-7NOV25.none.20.100ms", "data": {"timestamp": 1762326356881, "change_id": 125350452185, "instrument_name": "BTC-7NOV25", "bids": [[101965.0, 10000.0], [101960.0, 1480.0], [101957.5, 4950.0], [101955.0, 21110.0], [101950.0, 70000.0], [101937.5, 8110.0], [101935.0, 50090.0], [101930.0, 73550.0], [101922.5, 1480.0], [101920.0, 4950.0], [101847.5, 1310.0], [101845.0, 4400.0], [101780.0, 700.0], [101777.5, 2360.0], [101757.5, 40.0], [101752.5, 9460.0], [101745.0, 45000.0], [101695.0, 37850.0], [101670.0, 50000.0], [101665.0, 35840.0]], "asks": [[101967.5, 9780.0], [101970.0, 24270.0], [101972.5, 4950.0], [101975.0, 10000.0], [102015.0, 13300.0], [102017.5, 49490.0], [102040.0, 160.0], [102097.5, 410.0], [102100.0, 1380.0], [102175.0, 13430.0], [102177.5, 45000.0], [102192.5, 30.0], [102207.5, 3840.0], [102257.5, 500.0], [102262.5, 50.0], [102265.0, 50000.0], [102285.0, 24290.0], [102355.0, 160.0], [102392.5, 24580.0], [102417.5, 48510.0]]}}}
{"jsonrpc": "2.0", "method": "subscription", "params": {"channel": "book.BTC-14NOV25.none.20.100ms", "data": {"timestamp": 1762326357241, "change_id": 125350452346, "instrument_name": "BTC-14NOV25", "bids": [[102000.0, 4730.0], [101997.5, 2990.0], [101995.0, 11410.0], [101970.0, 160.0], [101955.0, 1410.0], [101952.5, 4730.0], [101895.0, 5190.0], [101892.5, 9460.0], [101887.5, 1310.0], [101885.0, 4400.0], [101882.5, 50000.0], [101825.0, 250.0], [101802.5, 40.0], [101800.0, 11550.0], [101797.5, 37850.0], [101790.0, 13510.0], [101787.5, 45000.0], [101785.0, 250.0], [101775.0, 250.0], [101735.0, 6240.0]], "asks": [[102007.5, 2990.0], [102010.0, 10000.0], [102012.5, 11290.0], [102015.0, 58330.0], [102017.5, 68680.0], [102047.5, 1410.0], [102050.0, 4730.0], [102067.5, 160.0], [102075.0, 13520.0], [102077.5, 45300.0], [102192.5, 10.0], [102217.5, 13430.0], [102220.0, 45000.0], [102245.0, 40.0], [102250.0, 1150.0], [102252.5, 3840.0], [102287.5, 500.0], [102297.5, 50000.0], [102305.0, 10.0], [102350.0, 1000.0]]}}}
{"jsonrpc": "2.0", "method": "subscription", "params": {"channel": "book.BTC-7NOV25.none.20.100ms", "data": {"timestamp": 1762326357059, "change_id": 125350452248, "instrument_name": "BTC-7NOV25", "bids": [[101965.0, 10000.0], [101960.0, 1480.0], [101957.5, 4950.0], [101955.0, 21110.0], [101952.5, 20000.0], [101950.0, 50000.0], [101937.5, 8110.0], [101935.0, 50090.0], [101930.0, 73550.0], [101922.5, 1480.0], [101920.0, 4950.0], [101847.5, 1310.0], [101845.0, 4400.0], [101780.0, 700.0], [101777.5, 2360.0], [101757.5, 40.0], [101752.5, 9460.0], [101745.0, 45000.0], [101695.0, 37850.0], [101670.0, 50000.0]], "asks": [[101967.5, 9780.0], [101970.0, 24270.0], [101972.5, 4950.0], [101975.0, 10000.0], [102015.0, 13300.0], [102017.5, 49490.0], [102027.5, 160.0], [102097.5, 410.0], [102100.0, 1380.0], [102175.0, 13430.0], [102177.5, 45000.0], [102192.5, 30.0], [102207.5, 3840.0], [102257.5, 500.0], [102262.5, 50.0], [102265.0, 50000.0], [102285.0, 24290.0], [102355.0, 160.0], [102392.5, 24580.0], [102417.5, 48510.0]]}}}
{"jsonrpc": "2.0", "method": "subscription", "params": {"channel": "book.BTC-14NOV25.none.20.100ms", "data": {"timestamp": 1762326357612, "change_id": 125350452893, "instrument_name": "BTC-14NOV25", "bids": [[102000.0, 4730.0], [101997.5, 2990.0], [101995.0, 11410.0], [101970.0, 160.0], [101955.0, 1410.0], [101952.5, 4730.0], [101895.0, 5190.0], [101892.5, 9460.0], [101887.5, 1310.0], [101885.0, 4400.0], [101882.5, 50000.0], [101825.0, 250.0], [101802.5, 40.0], [101800.0, 11550.0], [101797.5, 37850.0], [101790.0, 13510.0], [101787.5, 45000.0], [101785.0, 250.0], [101775.0, 250.0], [101735.0, 6240.0]], "asks": [[102007.5, 2990.0], [102010.0, 10000.0], [102012.5, 11290.0], [102015.0, 58330.0], [102017.5, 68680.0], [102047.5, 1410.0], [102050.0, 4730.0], [102055.0, 160.0], [102075.0, 13520.0], [102077.5, 45300.0], [102192.5, 10.0], [102217.5, 13430.0], [102220.0, 45000.0], [102245.0, 40.0], [102250.0, 1150.0], [102252.5, 3840.0], [102287.5, 500.0], [102297.5, 50000.0], [102305.0, 10.0], [102350.0, 1000.0]]}}}
{"jsonrpc": "2.0", "method": "subscription", "params": {"channel": "book.BTC-7NOV25.none.20.100ms", "data": {"timestamp": 1762326357613, "change_id": 125350452894, "instrument_name": "BTC-7NOV25", "bids": [[101965.0, 10000.0], [101960.0, 1480.0], [101957.5, 4950.0], [101955.0, 21110.0], [101952.5, 20000.0], [101950.0, 50000.0], [101937.5, 8110.0], [101935.0, 50090.0], [101930.0, 73550.0], [101922.5, 1480.0], [101920.0, 4950.0], [101847.5, 1310.0], [101845.0, 4400.0], [101780.0, 700.0], [101777.5, 2360.0], [101757.5, 40.0], [101752.5, 9460.0], [101745.0, 45000.0], [101695.0, 37850.0], [101670.0, 50000.0]], "asks": [[101967.5, 9780.0], [101970.0, 24270.0], [101972.5, 4950.0], [101975.0, 10000.0], [102015.0, 13460.0], [102017.5, 49490.0], [102097.5, 410.0], [102100.0, 1380.0], [102175.0, 13430.0], [102177.5, 45000.0], [102192.5, 30.0], [102207.5, 3840.0], [102257.5, 500.0], [102262.5, 50.0], [102265.0, 50000.0], [102285.0, 24290.0], [102355.0, 160.0], [102392.5, 24580.0], [102417.5, 48510.0], [102465.0, 11820.0]]}}}
{"jsonrpc": "2.0", "method": "subscription", "params": {"channel": "book.BTC-14NOV25.none.20.100ms", "data": {"timestamp": 1762326357730, "change_id": 125350453117, "instrument_name": "BTC-14NOV25", "bids": [[101995.0, 1410.0], [101992.5, 4730.0], [101987.5, 2990.0], [101985.0, 10000.0], [101970.0, 160.0], [101955.0, 1410.0], [101952.5, 4730.0], [101895.0, 5190.0], [101892.5, 9460.0], [101887.5, 1310.0], [101885.0, 4400.0], [101827.5, 50000.0], [101825.0, 250.0], [101802.5, 40.0], [101800.0, 11550.0], [101797.5, 37850.0], [101785.0, 250.0], [101775.0, 45250.0], [101735.0, 6240.0], [101730.0, 40350.0]], "asks": [[102007.5, 2990.0], [102010.0, 10000.0], [102012.5, 11290.0], [102015.0, 58330.0], [102017.5, 68680.0], [102047.5, 1410.0], [102050.0, 4730.0], [102055.0, 160.0], [102075.0, 13520.0], [102077.5, 45300.0], [102192.5, 10.0], [102210.0, 13430.0], [102212.5, 45000.0], [102245.0, 40.0], [102250.0, 1150.0], [102252.5, 3840.0], [102287.5, 500.0], [102297.5, 50000.0], [102305.0, 10.0], [102350.0, 1000.0]]}}}
{"jsonrpc": "2.0", "method": "subscription", "params": {"channel": "book.BTC-7NOV25.none.20.100ms", "data": {"timestamp": 1762326357783, "change_id": 125350453714, "instrument_name": "BTC-7NOV25", "bids": [[101955.0, 21110.0], [101952.5, 30000.0], [101950.0, 54950.0], [101937.5, 8110.0], [101935.0, 50090.0], [101930.0, 73550.0], [101922.5, 1480.0], [101920.0, 4950.0], [101847.5, 1310.0], [101845.0, 4400.0], [101780.0, 700.0], [101777.5, 2360.0], [101757.5, 40.0], [101752.5, 9460.0], [101732.5, 45000.0], [101695.0, 37850.0], [101670.0, 50000.0], [101665.0, 35840.0], [101612.5, 500.0], [101565.0, 25690.0]], "asks": [[101962.5, 1480.0], [101965.0, 10920.0], [101970.0, 22800.0], [101975.0, 10000.0], [102012.5, 1790.0], [102015.0, 19290.0], [102017.5, 49490.0], [102097.5, 410.0], [102100.0, 1380.0], [102167.5, 13430.0], [102170.0, 45000.0], [102192.5, 30.0], [102205.0, 1150.0], [102207.5, 3840.0], [102257.5, 500.0], [102262.5, 50.0], [102265.0, 50000.0], [102285.0, 24290.0], [102355.0, 160.0], [102392.5, 24580.0]]}}}
{"jsonrpc": "2.0", "method": "subscription", "params": {"channel": "book.BTC-14NOV25.none.20.100ms", "data": {"timestamp": 1762326358222, "change_id": 125350453939, "instrument_name": "BTC-14NOV25", "bids": [[101995.0, 1410.0], [101992.5, 4730.0], [101987.5, 2990.0], [101985.0, 10000.0], [101970.0, 160.0], [101955.0, 1410.0], [101952.5, 4730.0], [101895.0, 5190.0], [101892.5, 9460.0], [101887.5, 1310.0], [101885.0, 4400.0], [101827.5, 50000.0], [101825.0, 250.0], [101802.5, 40.0], [101800.0, 11550.0], [101797.5, 37850.0], [101785.0, 250.0], [101775.0, 45250.0], [101735.0, 6240.0], [101730.0, 40350.0]], "asks": [[102000.0, 2990.0], [102002.5, 10000.0], [102007.5, 160.0], [102012.5, 11290.0], [102015.0, 58330.0], [102017.5, 68680.0], [102047.5, 1410.0], [102050.0, 4730.0], [102075.0, 13520.0], [102077.5, 45300.0], [102192.5, 10.0], [102210.0, 13430.0], [102212.5, 45000.0], [102245.0, 40.0], [102250.0, 1150.0], [102252.5, 3840.0], [102287.5, 500.0], [102297.5, 50000.0], [102305.0, 10.0], [102350.0, 1000.0]]}}}
{"jsonrpc": "2.0", "method": "subscription", "params": {"channel": "book.BTC-7NOV25.none.20.100ms", "data": {"timestamp": 1762326358226, "change_id": 125350453942, "instrument_name": "BTC-7NOV25", "bids": [[101955.0, 21110.0], [101952.5, 30000.0], [101950.0, 54950.0], [101937.5, 8110.0], [101935.0, 50090.0], [101930.0, 73550.0], [101922.5, 1480.0], [101920.0, 4950.0], [101847.5, 1310.0], [101845.0, 4400.0], [101780.0, 700.0], [101777.5, 2360.0], [101757.5, 40.0], [101752.5, 9460.0], [101732.5, 45000.0], [101695.0, 37850.0], [101670.0, 50000.0], [101665.0, 35840.0], [101612.5, 500.0], [101565.0, 25690.0]], "asks": [[101960.0, 9780.0], [101962.5, 1480.0], [101965.0, 13190.0], [101967.5, 10160.0], [101970.0, 20000.0], [102012.5, 1790.0], [102015.0, 19130.0], [102017.5, 49490.0], [102097.5, 410.0], [102100.0, 1380.0], [102167.5, 13430.0], [102170.0, 45000.0], [102192.5, 30.0], [102205.0, 1150.0], [102207.5, 3840.0], [102257.5, 500.0], [102262.5, 50.0], [102265.0, 50000.0], [102285.0, 24290.0], [102355.0, 160.0]]}}}
{"jsonrpc": "2.0", "method": "subscription", "params": {"channel": "book.BTC-7NOV25.none.20.100ms", "data": {"timestamp": 1762326359074, "change_id": 125350455176, "instrument_name": "BTC-7NOV25", "bids": [[101955.0, 21110.0], [101952.5, 10000.0], [101950.0, 74950.0], [101937.5, 8110.0], [101935.0, 50090.0], [101930.0, 73550.0], [101922.5, 1480.0], [101920.0, 4950.0], [101847.5, 1310.0], [101845.0, 4400.0], [101780.0, 700.0], [101777.5, 2360.0], [101757.5, 40.0], [101752.5, 9460.0], [101732.5, 45000.0], [101695.0, 37850.0], [101670.0, 50000.0], [101665.0, 35840.0], [101612.5, 500.0], [101565.0, 25690.0]], "asks": [[101960.0, 9780.0], [101962.5, 1480.0], [101965.0, 13190.0], [101967.5, 10160.0], [101970.0, 20000.0], [102012.5, 1790.0], [102015.0, 19130.0], [102017.5, 49490.0], [102097.5, 410.0], [102100.0, 1380.0], [102167.5, 13430.0], [102170.0, 45000.0], [102192.5, 30.0], [102205.0, 1150.0], [102207.5, 3840.0], [102257.5, 500.0], [102262.5, 50.0], [102265.0, 50000.0], [102285.0, 24290.0], [102355.0, 160.0]]}}}
{"jsonrpc": "2.0", "method": "subscription", "params": {"channel": "book.BTC-7NOV25.none.20.100ms", "data": {"timestamp": 1762326359451, "change_id": 125350455371, "instrument_name": "BTC-7NOV25", "bids": [[101955.0, 21110.0], [101952.5, 10000.0], [101950.0, 74950.0], [101937.5, 8110.0], [101935.0, 50090.0], [101930.0, 73550.0], [101922.5, 1480.0], [101920.0, 4950.0], [101847.5, 1310.0], [101845.0, 4400.0], [101782.5, 10.0], [101780.0, 700.0], [101777.5, 2360.0], [101757.5, 40.0], [101752.5, 9460.0], [101732.5, 45000.0], [101695.0, 37850.0], [101670.0, 50000.0], [101665.0, 35840.0], [101612.5, 500.0]], "asks": [[101960.0, 9780.0], [101962.5, 1480.0], [101965.0, 13190.0], [101967.5, 10160.0], [101970.0, 20000.0], [102012.5, 1790.0], [102015.0, 19130.0], [102017.5, 49490.0], [102097.5, 410.0], [102100.0, 1380.0], [102167.5, 13430.0], [102170.0, 45000.0], [102192.5, 30.0], [102205.0, 1150.0], [102207.5, 3840.0], [102257.5, 500.0], [102262.5, 50.0], [102265.0, 50000.0], [102285.0, 24290.0], [102355.0, 160.0]]}}}
{"jsonrpc": "2.0", "method": "subscription", "params": {"channel": "book.BTC-14NOV25.none.20.100ms", "data": {"timestamp": 1762326359893, "change_id": 125350456798, "instrument_name": "BTC-14NOV25", "bids": [[101985.0, 1410.0], [101982.5, 4730.0], [101977.5, 2990.0], [101975.0, 10000.0], [101970.0, 160.0], [101955.0, 1410.0], [101952.5, 4730.0], [101897.5, 710.0], [101895.0, 5190.0], [101892.5, 9460.0], [101887.5, 1310.0], [101885.0, 4400.0], [101825.0, 250.0], [101802.5, 40.0], [101800.0, 61550.0], [101797.5, 37850.0], [101785.0, 250.0], [101777.5, 13510.0], [101775.0, 45250.0], [101732.5, 6240.0]], "asks": [[102000.0, 2990.0], [102002.5, 10000.0], [102005.0, 1460.0], [102007.5, 4890.0], [102012.5, 11290.0], [102015.0, 53600.0], [102017.5, 68680.0], [102047.5, 1410.0], [102050.0, 4730.0], [102075.0, 13520.0], [102077.5, 45300.0], [102192.5, 10.0], [102210.0, 13430.0], [102212.5, 45000.0], [102245.0, 40.0], [102250.0, 1150.0], [102252.5, 3840.0], [102287.5, 500.0], [102297.5, 50000.0], [102305.0, 10.0]]}}}
{"jsonrpc": "2.0", "method": "subscription", "params": {"channel": "book.BTC-7NOV25.none.20.100ms", "data": {"timestamp": 1762326359816, "change_id": 125350456789, "instrument_name": "BTC-7NOV25", "bids": [[101950.0, 840.0], [101947.5, 2800.0], [101945.0, 9670.0], [101942.5, 20000.0], [101940.0, 37990.0], [101937.5, 50000.0], [101935.0, 50090.0], [101930.0, 73550.0], [101922.5, 1480.0], [101920.0, 4950.0], [101847.5, 1310.0], [101845.0, 4400.0], [101782.5, 10.0], [101780.0, 700.0], [101777.5, 2360.0], [101757.5, 40.0], [101755.0, 2820.0], [101752.5, 9460.0], [101732.5, 45000.0], [101695.0, 37850.0]], "asks": [[101955.0, 1480.0], [101957.5, 4950.0], [101965.0, 8240.0], [101967.5, 10160.0], [101970.0, 20000.0], [101982.5, 1480.0], [101985.0, 4950.0], [102012.5, 1790.0], [102015.0, 19130.0], [102017.5, 44540.0], [102097.5, 410.0], [102100.0, 1380.0], [102167.5, 13430.0], [102170.0, 45000.0], [102192.5, 30.0], [102205.0, 1150.0], [102207.5, 3840.0], [102257.5, 500.0], [102262.5, 50.0], [102265.0, 50000.0]]}}}
{"jsonrpc": "2.0", "method": "subscription", "params": {"channel": "book.BTC-14NOV25.none.20.100ms", "data": {"timestamp": 1762326360205, "change_id": 125350456949, "instrument_name": "BTC-14NOV25", "bids": [[101985.0, 4220.0], [101982.5, 14730.0], [101970.0, 160.0], [101955.0, 1410.0], [101952.5, 4730.0], [101897.5, 710.0], [101895.0, 5190.0], [101892.5, 9460.0], [101887.5, 1310.0], [101885.0, 4400.0], [101825.0, 250.0], [101802.5, 40.0], [101800.0, 61550.0], [101797.5, 37850.0], [101785.0, 250.0], [101777.5, 13510.0], [101775.0, 45250.0], [101732.5, 6240.0], [101730.0, 40350.0], [101700.0, 750.0]], "asks": [[102000.0, 2990.0], [102002.5, 10000.0], [102005.0, 1460.0], [102007.5, 4890.0], [102012.5, 11290.0], [102015.0, 53600.0], [102017.5, 68680.0], [102047.5, 1410.0], [102050.0, 4730.0], [102075.0, 13520.0], [102077.5, 45300.0], [102192.5, 10.0], [102210.0, 13430.0], [102212.5, 45000.0], [102245.0, 40.0], [102250.0, 1150.0], [102252.5, 3840.0], [102287.5, 500.0], [102297.5, 50000.0], [102305.0, 10.0]]}}}
{"jsonrpc": "2.0", "method": "subscription", "params": {"channel": "book.BTC-7NOV25.none.20.100ms", "data": {"timestamp": 1762326360091, "change_id": 125350456903, "instrument_name": "BTC-7NOV25", "bids": [[101950.0, 9320.0], [101947.5, 30000.0], [101942.5, 1480.0], [101940.0, 27990.0], [101937.5, 50000.0], [101935.0, 50090.0], [101930.0, 73550.0], [101922.5, 1480.0], [101920.0, 4950.0], [101847.5, 1310.0], [101845.0, 4400.0], [101782.5, 10.0], [101780.0, 700.0], [101777.5, 2360.0], [101757.5, 40.0], [101755.0, 2820.0], [101752.5, 9460.0], [101732.5, 45000.0], [101695.0, 37850.0], [101670.0, 50000.0]], "asks": [[101955.0, 1480.0], [101957.5, 4950.0], [101965.0, 8240.0], [101967.5, 10160.0], [101970.0, 20000.0], [101982.5, 1480.0], [101985.0, 4950.0], [102012.5, 1790.0], [102015.0, 19130.0], [102017.5, 44540.0], [102097.5, 410.0], [102100.0, 1380.0], [102167.5, 13430.0], [102170.0, 45000.0], [102192.5, 30.0], [102205.0, 1150.0], [102207.5, 3840.0], [102257.5, 500.0], [102262.5, 50.0], [102265.0, 50000.0]]}}}
{"jsonrpc": "2.0", "method": "subscription", "params": {"channel": "book.BTC-7NOV25.none.20.100ms", "data": {"timestamp": 1762326360338, "change_id": 125350457104, "instrument_name": "BTC-7NOV25", "bids": [[101950.0, 9320.0], [101947.5, 30000.0], [101942.5, 1480.0], [101940.0, 19880.0], [101937.5, 50000.0], [101935.0, 22910.0], [101930.0, 73550.0], [101922.5, 1480.0], [101920.0, 4950.0], [101847.5, 1310.0], [101845.0, 4400.0], [101782.5, 10.0], [101780.0, 700.0], [101777.5, 2360.0], [101757.5, 40.0], [101755.0, 2820.0], [101752.5, 9460.0], [101732.5, 45000.0], [101695.0, 37850.0], [101670.0, 50000.0]], "asks": [[101955.0, 1480.0], [101957.5, 4950.0], [101965.0, 8240.0], [101967.5, 10160.0], [101970.0, 20000.0], [101982.5, 1480.0], [101985.0, 4950.0], [102012.5, 1790.0], [102015.0, 19130.0], [102017.5, 44540.0], [102097.5, 410.0], [102100.0, 1380.0], [102167.5, 13430.0], [102170.0, 45000.0], [102192.5, 30.0], [102205.0, 1150.0], [102207.5, 3840.0], [102257.5, 500.0], [102262.5, 50.0], [102265.0, 50000.0]]}}}
{"jsonrpc": "2.0", "method": "subscription", "params": {"channel": "book.BTC-14NOV25.none.20.100ms", "data": {"timestamp": 1762326360637, "change_id": 125350457589, "instrument_name": "BTC-14NOV25", "bids": [[101985.0, 4220.0], [101982.5, 14730.0], [101970.0, 160.0], [101955.0, 1410.0], [101952.5, 4730.0], [101897.5, 710.0], [101895.0, 5190.0], [101892.5, 9460.0], [101887.5, 1310.0], [101885.0, 4400.0], [101825.0, 250.0], [101802.5, 40.0], [101800.0, 61550.0], [101797.5, 37850.0], [101785.0, 250.0], [101782.5, 45000.0], [101775.0, 250.0], [101732.5, 6240.0], [101730.0, 40350.0], [101700.0, 750.0]], "asks": [[102000.0, 2990.0], [102002.5, 10000.0], [102005.0, 1460.0], [102007.5, 4890.0], [102012.5, 11290.0], [102015.0, 53600.0], [102017.5, 68680.0], [102047.5, 1410.0], [102050.0, 4730.0], [102075.0, 13520.0], [102077.5, 45300.0], [102192.5, 10.0], [102210.0, 13430.0], [102212.5, 45000.0], [102245.0, 40.0], [102250.0, 1150.0], [102252.5, 3840.0], [102287.5, 500.0], [102297.5, 50000.0], [102305.0, 10.0]]}}}
{"jsonrpc": "2.0", "method": "subscription", "params": {"channel": "book.BTC-7NOV25.none.20.100ms", "data": {"timestamp": 1762326360707, "change_id": 125350457725, "instrument_name": "BTC-7NOV25", "bids": [[101950.0, 9320.0], [101947.5, 30000.0], [101942.5, 1480.0], [101940.0, 19880.0], [101937.5, 50000.0], [101935.0, 22910.0], [101930.0, 73550.0], [101927.5, 21900.0], [101925.0, 73380.0], [101922.5, 1480.0], [101920.0, 4950.0], [101847.5, 1310.0], [101845.0, 4400.0], [101782.5, 10.0], [101780.0, 700.0], [101777.5, 2360.0], [101757.5, 40.0], [101755.0, 2820.0], [101752.5, 9460.0], [101742.5, 45000.0]], "asks": [[101955.0, 1480.0], [101957.5, 4950.0], [101965.0, 8240.0], [101967.5, 10160.0], [101970.0, 20000.0], [101982.5, 1480.0], [101985.0, 4950.0], [102012.5, 1790.0], [102015.0, 19130.0], [102017.5, 44540.0], [102097.5, 410.0], [102100.0, 1380.0], [102167.5, 13430.0], [102170.0, 45000.0], [102192.5, 30.0], [102205.0, 1150.0], [102207.5, 3840.0], [102257.5, 500.0], [102262.5, 50.0], [102265.0, 50000.0]]}}}
{"jsonrpc": "2.0", "method": "subscription", "params": {"channel": "book.BTC-14NOV25.none.20.100ms", "data": {"timestamp": 1762326361084, "change_id": 125350458504, "instrument_name": "BTC-14NOV25", "bids": [[101985.0, 4220.0], [101982.5, 14730.0], [101970.0, 160.0], [101955.0, 1410.0], [101952.5, 4730.0], [101897.5, 710.0], [101895.0, 5180.0], [101892.5, 9460.0], [101887.5, 1310.0], [101885.0, 4400.0], [101825.0, 250.0], [101802.5, 15000.0], [101800.0, 61550.0], [101797.5, 37850.0], [101785.0, 250.0], [101782.5, 45000.0], [101775.0, 250.0], [101732.5, 6240.0], [101730.0, 40350.0], [101700.0, 750.0]], "asks": [[102000.0, 2990.0], [102002.5, 10000.0], [102007.5, 1570.0], [102010.0, 4730.0], [102012.5, 11290.0], [102015.0, 53600.0], [102017.5, 68680.0], [102047.5, 1410.0], [102050.0, 4730.0], [102075.0, 13520.0], [102077.5, 45300.0], [102210.0, 13430.0], [102212.5, 45000.0], [102250.0, 1150.0], [102252.5, 3840.0], [102287.5, 500.0], [102297.5, 50000.0], [102305.0, 10.0], [102350.0, 1000.0], [102352.5, 6410.0]]}}}
{"jsonrpc": "2.0", "method": "subscription", "params": {"channel": "book.BTC-7NOV25.none.20.100ms", "data": {"timestamp": 1762326361228, "change_id": 125350458678, "instrument_name": "BTC-7NOV25", "bids": [[101957.5, 2990.0], [101955.0, 10000.0], [101950.0, 5970.0], [101947.5, 20000.0], [101942.5, 1480.0], [101940.0, 19880.0], [101937.5, 50000.0], [101935.0, 22910.0], [101930.0, 73550.0], [101927.5, 21900.0], [101925.0, 73380.0], [101922.5, 1480.0], [101920.0, 4950.0], [101847.5, 1310.0], [101845.0, 4400.0], [101780.0, 700.0], [101777.5, 2360.0], [101755.0, 2820.0], [101752.5, 9460.0], [101742.5, 45000.0]], "asks": [[101962.5, 4950.0], [101965.0, 8240.0], [101967.5, 10160.0], [101970.0, 20000.0], [101982.5, 1480.0], [101985.0, 4950.0], [102012.5, 1790.0], [102015.0, 19130.0], [102017.5, 44540.0], [102097.5, 410.0], [102100.0, 1380.0], [102167.5, 13430.0], [102170.0, 45000.0], [102192.5, 30.0], [102205.0, 1150.0], [102207.5, 3840.0], [102257.5, 500.0], [102265.0, 50000.0], [102285.0, 24290.0], [102392.5, 24580.0]]}}}
{"jsonrpc": "2.0", "method": "subscription", "params": {"channel": "book.BTC-14NOV25.none.20.100ms", "data": {"timestamp": 1762326361467, "change_id": 125350458862, "instrument_name": "BTC-14NOV25", "bids": [[101985.0, 4220.0], [101982.5, 14730.0], [101970.0, 160.0], [101955.0, 1410.0], [101952.5, 4730.0], [101897.5, 710.0], [101895.0, 5180.0], [101892.5, 9460.0], [101887.5, 1310.0], [101885.0, 4400.0], [101825.0, 250.0], [101802.5, 52850.0], [101800.0, 50250.0], [101785.0, 250.0], [101782.5, 45000.0], [101775.0, 250.0], [101732.5, 6240.0], [101730.0, 40350.0], [101700.0, 750.0], [101665.0, 50000.0]], "asks": [[102000.0, 2990.0], [102002.5, 10000.0], [102007.5, 1570.0], [102010.0, 4730.0], [102012.5, 11290.0], [102015.0, 53600.0], [102017.5, 68680.0], [102047.5, 1410.0], [102050.0, 4730.0], [102075.0, 13520.0], [102077.5, 45300.0], [102210.0, 13430.0], [102212.5, 45000.0], [102250.0, 1150.0], [102252.5, 3840.0], [102287.5, 500.0], [102297.5, 50000.0], [102305.0, 10.0], [102350.0, 1000.0], [102352.5, 6410.0]]}}}
{"jsonrpc": "2.0", "method": "subscription", "params": {"channel": "book.BTC-7NOV25.none.20.100ms", "data": {"timestamp": 1762326361578, "change_id": 125350459010, "instrument_name": "BTC-7NOV25", "bids": [[101955.0, 10000.0], [101950.0, 5970.0], [101947.5, 20000.0], [101945.0, 2580.0], [101942.5, 3700.0], [101940.0, 19880.0], [101937.5, 50000.0], [101935.0, 22910.0], [101930.0, 73550.0], [101927.5, 21900.0], [101925.0, 73380.0], [101922.5, 1480.0], [101920.0, 4950.0], [101847.5, 1310.0], [101845.0, 4400.0], [101780.0, 700.0], [101777.5, 2360.0], [101755.0, 2820.0], [101752.5, 9460.0], [101742.5, 45000.0]], "asks": [[101957.5, 4900.0], [101960.0, 4880.0], [101962.5, 4950.0], [101965.0, 8240.0], [101967.5, 10160.0], [101970.0, 20000.0], [101982.5, 1480.0], [101985.0, 4950.0], [102012.5, 1790.0], [102015.0, 19130.0], [102017.5, 44540.0], [102097.5, 410.0], [102100.0, 1380.0], [102167.5, 13430.0], [102170.0, 45000.0], [102192.5, 30.0], [102205.0, 1150.0], [102207.5, 3840.0], [102257.5, 500.0], [102265.0, 50000.0]]}}}
{"jsonrpc": "2.0", "method": "subscription", "params": {"channel": "book.BTC-7NOV25.none.20.100ms", "data": {"timestamp": 1762326361911, "change_id": 125350459888, "instrument_name": "BTC-7NOV25", "bids": [[101955.0, 10000.0], [101950.0, 5970.0], [101947.5, 20000.0], [101945.0, 2580.0], [101942.5, 3700.0], [101940.0, 19880.0], [101937.5, 50000.0], [101930.0, 160.0], [101927.5, 21900.0], [101925.0, 73380.0], [101922.5, 1480.0], [101920.0, 4950.0], [101847.5, 1310.0], [101845.0, 4400.0], [101780.0, 700.0], [101777.5, 2360.0], [101755.0, 2820.0], [101752.5, 9460.0], [101742.5, 45000.0], [101695.0, 37850.0]], "asks": [[101957.5, 4900.0], [101962.5, 4950.0], [101965.0, 8240.0], [101967.5, 10160.0], [101970.0, 20000.0], [101982.5, 1480.0], [101985.0, 4950.0], [102012.5, 1790.0], [102015.0, 19130.0], [102017.5, 44540.0], [102097.5, 410.0], [102100.0, 1380.0], [102167.5, 13430.0], [102170.0, 45000.0], [102192.5, 30.0], [102205.0, 1150.0], [102207.5, 3840.0], [102257.5, 500.0], [102265.0, 50000.0], [102285.0, 24290.0]]}}}
{"jsonrpc": "2.0", "method": "subscription", "params": {"channel": "book.BTC-14NOV25.none.20.100ms", "data": {"timestamp": 1762326362093, "change_id": 125350459915, "instrument_name": "BTC-14NOV25", "bids": [[101985.0, 4220.0], [101982.5, 14730.0], [101970.0, 160.0], [101955.0, 1410.0], [101952.5, 4730.0], [101897.5, 710.0], [101895.0, 5180.0], [101892.5, 9460.0], [101887.5, 1310.0], [101885.0, 4400.0], [101825.0, 250.0], [101805.0, 26300.0], [101802.5, 37850.0], [101800.0, 50250.0], [101785.0, 250.0], [101782.5, 45000.0], [101775.0, 250.0], [101732.5, 6240.0], [101730.0, 40350.0], [101700.0, 750.0]], "asks": [[102000.0, 2990.0], [102002.5, 10000.0], [102007.5, 1570.0], [102010.0, 4730.0], [102012.5, 11290.0], [102015.0, 53600.0], [102017.5, 68680.0], [102047.5, 1410.0], [102050.0, 4730.0], [102075.0, 13520.0], [102077.5, 45300.0], [102210.0, 13430.0], [102212.5, 45000.0], [102250.0, 1150.0], [102252.5, 3840.0], [102287.5, 500.0], [102297.5, 50000.0], [102305.0, 10.0], [102350.0, 1000.0], [102352.5, 6410.0]]}}}
{"jsonrpc": "2.0", "method": "subscription", "params": {"channel": "book.BTC-7NOV25.none.20.100ms", "data": {"timestamp": 1762326362490, "change_id": 125350460225, "instrument_name": "BTC-7NOV25", "bids": [[101955.0, 10000.0], [101950.0, 5970.0], [101947.5, 20000.0], [101945.0, 2580.0], [101942.5, 3700.0], [101940.0, 19880.0], [101937.5, 50000.0], [101930.0, 160.0], [101927.5, 41010.0], [101925.0, 146760.0], [101922.5, 1480.0], [101920.0, 4950.0], [101847.5, 1310.0], [101845.0, 4400.0], [101780.0, 700.0], [101777.5, 2360.0], [101755.0, 2820.0], [101752.5, 9460.0], [101742.5, 45000.0], [101695.0, 37850.0]], "asks": [[101957.5, 4900.0], [101960.0, 1480.0], [101962.5, 4950.0], [101965.0, 8240.0], [101967.5, 10160.0], [101970.0, 20000.0], [101982.5, 1480.0], [101985.0, 4950.0], [102012.5, 1790.0], [102015.0, 19130.0], [102017.5, 44540.0], [102097.5, 410.0], [102100.0, 1380.0], [102167.5, 13430.0], [102170.0, 45000.0], [102192.5, 30.0], [102205.0, 1150.0], [102207.5, 3840.0], [102257.5, 500.0], [102265.0, 50000.0]]}}}
{"jsonrpc": "2.0", "method": "subscription", "params": {"channel": "book.BTC-7NOV25.none.20.100ms", "data": {"timestamp": 1762326362796, "change_id": 125350460712, "instrument_name": "BTC-7NOV25", "bids": [[101955.0, 10000.0], [101950.0, 5970.0], [101947.5, 20000.0], [101945.0, 2580.0], [101942.5, 3700.0], [101940.0, 19880.0], [101937.5, 50000.0], [101930.0, 160.0], [101927.5, 41010.0], [101925.0, 146760.0], [101922.5, 1480.0], [101920.0, 4950.0], [101847.5, 1310.0], [101845.0, 4400.0], [101780.0, 700.0], [101777.5, 2360.0], [101755.0, 2820.0], [101752.5, 9460.0], [101742.5, 45000.0], [101695.0, 37850.0]], "asks": [[101957.5, 4900.0], [101960.0, 1480.0], [101962.5, 4950.0], [101965.0, 8240.0], [101967.5, 10160.0], [101970.0, 20000.0], [101982.5, 1480.0], [101985.0, 4950.0], [102012.5, 1790.0], [102015.0, 19130.0], [102017.5, 44540.0], [102097.5, 410.0], [102100.0, 1380.0], [102167.5, 13430.0], [102170.0, 45000.0], [102192.5, 30.0], [102205.0, 1150.0], [102207.5, 3840.0], [102257.5, 500.0], [102265.0, 50000.0]]}}}
{"jsonrpc": "2.0", "method": "subscription", "params": {"channel": "book.BTC-14NOV25.none.20.100ms", "data": {"timestamp": 1762326363069, "change_id": 125350461188, "instrument_name": "BTC-14NOV25", "bids": [[101985.0, 4220.0], [101982.5, 14730.0], [101970.0, 160.0], [101955.0, 1410.0], [101952.5, 4730.0], [101897.5, 710.0], [101895.0, 5180.0], [101892.5, 9460.0], [101887.5, 1310.0], [101885.0, 4400.0], [101825.0, 250.0], [101805.0, 26300.0], [101802.5, 37850.0], [101800.0, 50250.0], [101785.0, 250.0], [101782.5, 45000.0], [101775.0, 250.0], [101732.5, 6240.0], [101730.0, 40350.0], [101700.0, 750.0]], "asks": [[102000.0, 2990.0], [102002.5, 10000.0], [102005.0, 1460.0], [102007.5, 4890.0], [102012.5, 11290.0], [102015.0, 53600.0], [102017.5, 68680.0], [102047.5, 1410.0], [102050.0, 4730.0], [102075.0, 13520.0], [102077.5, 45300.0], [102210.0, 13430.0], [102212.5, 45000.0], [102250.0, 1150.0], [102252.5, 3840.0], [102287.5, 500.0], [102297.5, 50000.0], [102305.0, 10.0], [102350.0, 1000.0], [102352.5, 6410.0]]}}}
{"jsonrpc": "2.0", "method": "subscription", "params": {"channel": "book.BTC-7NOV25.none.20.100ms", "data": {"timestamp": 1762326363065, "change_id": 125350461186, "instrument_name": "BTC-7NOV25", "bids": [[101955.0, 10000.0], [101950.0, 5970.0], [101947.5, 20000.0], [101945.0, 2580.0], [101942.5, 3700.0], [101940.0, 19880.0], [101937.5, 50000.0], [101930.0, 160.0], [101927.5, 41010.0], [101925.0, 146760.0], [101922.5, 1480.0], [101920.0, 4950.0], [101847.5, 1310.0], [101845.0, 4400.0], [101780.0, 700.0], [101777.5, 2360.0], [101755.0, 2820.0], [101752.5, 9460.0], [101742.5, 45000.0], [101695.0, 37850.0]], "asks": [[101957.5, 4900.0], [101960.0, 4950.0], [101965.0, 8240.0], [101967.5, 10160.0], [101970.0, 20000.0], [101982.5, 1480.0], [101985.0, 4950.0], [102012.5, 1790.0], [102015.0, 19130.0], [102017.5, 44540.0], [102097.5, 410.0], [102100.0, 1380.0], [102167.5, 13430.0], [102170.0, 45000.0], [102192.5, 30.0], [102205.0, 1150.0], [102207.5, 3840.0], [102257.5, 500.0], [102265.0, 50000.0], [102285.0, 24290.0]]}}}
{"jsonrpc": "2.0", "method": "subscription", "params": {"channel": "book.BTC-14NOV25.none.20.100ms", "data": {"timestamp": 1762326363468, "change_id": 125350461482, "instrument_name": "BTC-14NOV25", "bids": [[101985.0, 4220.0], [101982.5, 14730.0], [101970.0, 160.0], [101955.0, 1410.0], [101952.5, 4730.0], [101897.5, 710.0], [101895.0, 5180.0], [101892.5, 9460.0], [101887.5, 1310.0], [101885.0, 4400.0], [101825.0, 250.0], [101805.0, 26300.0], [101802.5, 37850.0], [101800.0, 50250.0], [101785.0, 250.0], [101777.5, 45000.0], [101775.0, 250.0], [101732.5, 6240.0], [101730.0, 40350.0], [101700.0, 750.0]], "asks": [[102000.0, 2990.0], [102002.5, 10000.0], [102005.0, 1460.0], [102007.5, 4890.0], [102012.5, 11290.0], [102015.0, 53600.0], [102017.5, 68680.0], [102047.5, 1410.0], [102050.0, 4730.0], [102075.0, 13520.0], [102077.5, 45300.0], [102202.5, 13430.0], [102205.0, 45000.0], [102250.0, 1150.0], [102252.5, 3840.0], [102287.5, 500.0], [102297.5, 50000.0], [102305.0, 10.0], [102350.0, 1000.0], [102352.5, 6410.0]]}}}
{"jsonrpc": "2.0", "method": "subscription", "params": {"channel": "book.BTC-7NOV25.none.20.100ms", "data": {"timestamp": 1762326363468, "change_id": 125350461476, "instrument_name": "BTC-7NOV25", "bids": [[101955.0, 10000.0], [101950.0, 5970.0], [101947.5, 20000.0], [101945.0, 2580.0], [101942.5, 3700.0], [101940.0, 19880.0], [101937.5, 50000.0], [101930.0, 160.0], [101927.5, 41010.0], [101925.0, 146760.0], [101922.5, 1480.0], [101920.0, 4950.0], [101847.5, 1310.0], [101845.0, 4400.0], [101780.0, 700.0], [101777.5, 2360.0], [101755.0, 2820.0], [101752.5, 9460.0], [101737.5, 45000.0], [101695.0, 37850.0]], "asks": [[101957.5, 4900.0], [101960.0, 4950.0], [101965.0, 8240.0], [101967.5, 10160.0], [101970.0, 20000.0], [101982.5, 1480.0], [101985.0, 4950.0], [102012.5, 1790.0], [102015.0, 19130.0], [102017.5, 44540.0], [102097.5, 410.0], [102100.0, 1380.0], [102167.5, 13430.0], [102170.0, 45000.0], [102192.5, 30.0], [102205.0, 1150.0], [102207.5, 3840.0], [102257.5, 500.0], [102265.0, 50000.0], [102285.0, 24290.0]]}}}
{"jsonrpc": "2.0", "method": "subscription", "params": {"channel": "book.BTC-14NOV25.none.20.100ms", "data": {"timestamp": 1762326363674, "change_id": 125350461887, "instrument_name": "BTC-14NOV25", "bids": [[101985.0, 4220.0], [101982.5, 14730.0], [101970.0, 160.0], [101955.0, 1410.0], [101952.5, 4730.0], [101897.5, 710.0], [101895.0, 5180.0], [101892.5, 9460.0], [101887.5, 1310.0], [101885.0, 4400.0], [101825.0, 250.0], [101805.0, 26300.0], [101802.5, 37850.0], [101800.0, 50250.0], [101785.0, 250.0], [101777.5, 45000.0], [101775.0, 250.0], [101732.5, 6240.0], [101730.0, 40350.0], [101700.0, 750.0]], "asks": [[102000.0, 2990.0], [102002.5, 10000.0], [102005.0, 1460.0], [102007.5, 4890.0], [102012.5, 11290.0], [102015.0, 53600.0], [102017.5, 68680.0], [102047.5, 1410.0], [102050.0, 4730.0], [102075.0, 13520.0], [102077.5, 45300.0], [102217.5, 45000.0], [102250.0, 1150.0], [102252.5, 3840.0], [102287.5, 500.0], [102297.5, 50000.0], [102305.0, 10.0], [102350.0, 1000.0], [102352.5, 6410.0], [102390.0, 10.0]]}}}
{"jsonrpc": "2.0", "method": "subscription", "params": {"channel": "book.BTC-14NOV25.none.20.100ms", "data": {"timestamp": 1762326364547, "change_id": 125350462866, "instrument_name": "BTC-14NOV25", "bids": [[101985.0, 4220.0], [101982.5, 14730.0], [101970.0, 160.0], [101955.0, 1410.0], [101952.5, 4730.0], [101897.5, 710.0], [101895.0, 5180.0], [101892.5, 9460.0], [101887.5, 1310.0], [101885.0, 4400.0], [101825.0, 250.0], [101805.0, 26300.0], [101802.5, 37850.0], [101800.0, 50250.0], [101785.0, 45250.0], [101775.0, 250.0], [101732.5, 6240.0], [101730.0, 40350.0], [101700.0, 750.0], [101665.0, 50000.0]], "asks": [[102000.0, 2990.0], [102002.5, 10000.0], [102005.0, 1460.0], [102007.5, 4890.0], [102012.5, 11290.0], [102015.0, 53600.0], [102017.5, 68680.0], [102047.5, 1410.0], [102050.0, 4730.0], [102075.0, 13520.0], [102077.5, 45300.0], [102217.5, 45000.0], [102250.0, 1150.0], [102252.5, 3840.0], [102287.5, 500.0], [102297.5, 50000.0], [102305.0, 10.0], [102350.0, 1000.0], [102352.5, 6410.0], [102390.0, 10.0]]}}}
{"jsonrpc": "2.0", "method": "subscription", "params": {"channel": "book.BTC-7NOV25.none.20.100ms", "data": {"timestamp": 1762326364544, "change_id": 125350462805, "instrument_name": "BTC-7NOV25", "bids": [[101955.0, 13100.0], [101952.5, 2300.0], [101950.0, 5970.0], [101947.5, 20000.0], [101945.0, 2580.0], [101942.5, 3700.0], [101940.0, 19880.0], [101937.5, 50000.0], [101930.0, 160.0], [101927.5, 41010.0], [101925.0, 146760.0], [101922.5, 1480.0], [101920.0, 4950.0], [101847.5, 1310.0], [101845.0, 4400.0], [101780.0, 700.0], [101777.5, 2360.0], [101755.0, 2820.0], [101752.5, 9460.0], [101745.0, 45000.0]], "asks": [[101957.5, 4900.0], [101960.0, 4950.0], [101965.0, 5970.0], [101967.5, 160.0], [101970.0, 20000.0], [101975.0, 2990.0], [101977.5, 10000.0], [101982.5, 1480.0], [101985.0, 4950.0], [102012.5, 1790.0], [102015.0, 19130.0], [102017.5, 44540.0], [102097.5, 410.0], [102100.0, 1380.0], [102182.5, 45000.0], [102192.5, 30.0], [102205.0, 1150.0], [102207.5, 3840.0], [102257.5, 500.0], [102265.0, 50000.0]]}}}
{"jsonrpc": "2.0", "method": "subscription", "params": {"channel": "book.BTC-14NOV25.none.20.100ms", "data": {"timestamp": 1762326364851, "change_id": 125350464366, "instrument_name": "BTC-14NOV25", "bids": [[101992.5, 2800.0], [101990.0, 10000.0], [101970.0, 160.0], [101955.0, 1410.0], [101952.5, 4730.0], [101895.0, 5180.0], [101892.5, 9460.0], [101887.5, 1310.0], [101885.0, 4400.0], [101825.0, 250.0], [101807.5, 50000.0], [101802.5, 37850.0], [101800.0, 45250.0], [101785.0, 250.0], [101775.0, 250.0], [101730.0, 40350.0], [101700.0, 750.0], [101665.0, 50000.0], [101625.0, 250.0], [101497.5, 18280.0]], "asks": [[102022.5, 160.0], [102075.0, 13520.0], [102077.5, 45300.0], [102230.0, 45000.0], [102250.0, 1150.0], [102252.5, 3840.0], [102287.5, 500.0], [102297.5, 50000.0], [102305.0, 10.0], [102350.0, 1000.0], [102352.5, 6410.0], [102390.0, 10.0], [102420.0, 10.0], [102427.5, 18970.0], [102460.0, 10.0], [102467.5, 37820.0], [102477.5, 11860.0], [102485.0, 50000.0], [102500.0, 10.0], [102537.5, 38570.0]]}}}
{"jsonrpc": "2.0", "method": "subscription", "params": {"channel": "book.BTC-7NOV25.none.20.100ms", "data": {"timestamp": 1762326364833, "change_id": 125350464198, "instrument_name": "BTC-7NOV25", "bids": [[101962.5, 1100.0], [101960.0, 3700.0], [101957.5, 7610.0], [101955.0, 14120.0], [101952.5, 3700.0], [101950.0, 20130.0], [101947.5, 70000.0], [101945.0, 1100.0], [101942.5, 3700.0], [101930.0, 160.0], [101927.5, 19110.0], [101925.0, 146760.0], [101922.5, 1480.0], [101920.0, 4950.0], [101847.5, 1310.0], [101845.0, 4400.0], [101780.0, 700.0], [101777.5, 2360.0], [101760.0, 45000.0], [101755.0, 2820.0]], "asks": [[101970.0, 20000.0], [101982.5, 160.0], [102012.5, 1790.0], [102015.0, 19130.0], [102017.5, 49490.0], [102097.5, 410.0], [102100.0, 1380.0], [102192.5, 30.0], [102195.0, 45000.0], [102207.5, 3840.0], [102257.5, 500.0], [102265.0, 50000.0], [102285.0, 24290.0], [102392.5, 24580.0], [102417.5, 48510.0], [102465.0, 11820.0], [102482.5, 50000.0], [102500.0, 20250.0], [102527.5, 76990.0], [102535.0, 49380.0]]}}}
{"jsonrpc": "2.0", "method": "subscription", "params": {"channel": "book.BTC-14NOV25.none.20.100ms", "data": {"timestamp": 1762326365112, "change_id": 125350464830, "instrument_name": "BTC-14NOV25", "bids": [[102010.0, 1410.0], [102007.5, 4730.0], [102002.5, 2990.0], [102000.0, 10000.0], [101982.5, 160.0], [101955.0, 1410.0], [101952.5, 4730.0], [101897.5, 700.0], [101895.0, 5180.0], [101892.5, 9460.0], [101887.5, 1310.0], [101885.0, 4400.0], [101825.0, 250.0], [101810.0, 14930.0], [101807.5, 50000.0], [101802.5, 37850.0], [101800.0, 45250.0], [101785.0, 250.0], [101775.0, 250.0], [101730.0, 40350.0]], "asks": [[102022.5, 3150.0], [102025.0, 11410.0], [102027.5, 4730.0], [102047.5, 1410.0], [102050.0, 4730.0], [102075.0, 13520.0], [102077.5, 45300.0], [102227.5, 13430.0], [102230.0, 45000.0], [102250.0, 1150.0], [102252.5, 3840.0], [102287.5, 500.0], [102297.5, 50000.0], [102305.0, 10.0], [102350.0, 1000.0], [102352.5, 6410.0], [102390.0, 10.0], [102420.0, 10.0], [102427.5, 18970.0], [102460.0, 10.0]]}}}
{"jsonrpc": "2.0", "method": "subscription", "params": {"channel": "book.BTC-7NOV25.none.20.100ms", "data": {"timestamp": 1762326365112, "change_id": 125350465118, "instrument_name": "BTC-7NOV25", "bids": [[101965.0, 5240.0], [101962.5, 14950.0], [101960.0, 11440.0], [101957.5, 3700.0], [101955.0, 24120.0], [101952.5, 3700.0], [101950.0, 14160.0], [101947.5, 50000.0], [101942.5, 160.0], [101927.5, 19110.0], [101925.0, 73380.0], [101922.5, 1480.0], [101920.0, 4950.0], [101847.5, 1310.0], [101845.0, 4400.0], [101780.0, 700.0], [101777.5, 2360.0], [101760.0, 45000.0], [101755.0, 2820.0], [101752.5, 9460.0]], "asks": [[101970.0, 20000.0], [101980.0, 1530.0], [101982.5, 5110.0], [101990.0, 2990.0], [101992.5, 10000.0], [102015.0, 13300.0], [102017.5, 49490.0], [102097.5, 410.0], [102100.0, 1380.0], [102192.5, 30.0], [102195.0, 45000.0], [102207.5, 3840.0], [102257.5, 500.0], [102265.0, 50000.0], [102285.0, 24290.0], [102392.5, 24580.0], [102417.5, 48510.0], [102465.0, 11820.0], [102482.5, 50000.0], [102500.0, 20250.0]]}}}
{"jsonrpc": "2.0", "method": "subscription", "params": {"channel": "book.BTC-7NOV25.none.20.100ms", "data": {"timestamp": 1762326365272, "change_id": 125350465192, "instrument_name": "BTC-7NOV25", "bids": [[101965.0, 5240.0], [101962.5, 14950.0], [101960.0, 11440.0], [101957.5, 3700.0], [101955.0, 24120.0], [101952.5, 3700.0], [101950.0, 14160.0], [101947.5, 50000.0], [101942.5, 160.0], [101922.5, 1480.0], [101920.0, 4950.0], [101847.5, 1310.0], [101845.0, 4400.0], [101780.0, 700.0], [101777.5, 2360.0], [101760.0, 45000.0], [101755.0, 2820.0], [101752.5, 9460.0], [101695.0, 37850.0], [101670.0, 50000.0]], "asks": [[101970.0, 20000.0], [101980.0, 1530.0], [101982.5, 5110.0], [101990.0, 2990.0], [101992.5, 10000.0], [102015.0, 13300.0], [102017.5, 49490.0], [102097.5, 410.0], [102100.0, 1380.0], [102192.5, 30.0], [102195.0, 45000.0], [102207.5, 3840.0], [102257.5, 500.0], [102265.0, 50000.0], [102285.0, 24290.0], [102392.5, 24580.0], [102417.5, 48510.0], [102465.0, 11820.0], [102482.5, 50000.0], [102500.0, 20250.0]]}}}
{"jsonrpc": "2.0", "method": "subscription", "params": {"channel": "book.BTC-14NOV25.none.20.100ms", "data": {"timestamp": 1762326365673, "change_id": 125350465875, "instrument_name": "BTC-14NOV25", "bids": [[102010.0, 4220.0], [102007.5, 14730.0], [101982.5, 160.0], [101955.0, 1410.0], [101952.5, 4730.0], [101897.5, 700.0], [101895.0, 5180.0], [101892.5, 9460.0], [101887.5, 1310.0], [101885.0, 4400.0], [101825.0, 250.0], [101810.0, 14930.0], [101807.5, 50000.0], [101802.5, 37850.0], [101800.0, 45250.0], [101785.0, 250.0], [101775.0, 250.0], [101730.0, 40350.0], [101700.0, 750.0], [101665.0, 50000.0]], "asks": [[102022.5, 3150.0], [102025.0, 11410.0], [102027.5, 4730.0], [102047.5, 1410.0], [102050.0, 4730.0], [102075.0, 13520.0], [102077.5, 45300.0], [102227.5, 13430.0], [102230.0, 45000.0], [102250.0, 1150.0], [102252.5, 3840.0], [102287.5, 500.0], [102297.5, 50000.0], [102305.0, 10.0], [102350.0, 1000.0], [102352.5, 6410.0], [102390.0, 10.0], [102420.0, 10.0], [102427.5, 18970.0], [102460.0, 10.0]]}}}
{"jsonrpc": "2.0", "method": "subscription", "params": {"channel": "book.BTC-7NOV25.none.20.100ms", "data": {"timestamp": 1762326365879, "change_id": 125350466601, "instrument_name": "BTC-7NOV25", "bids": [[101965.0, 5240.0], [101962.5, 14950.0], [101960.0, 11440.0], [101957.5, 3700.0], [101955.0, 20000.0], [101950.0, 14160.0], [101947.5, 50000.0], [101942.5, 160.0], [101922.5, 1480.0], [101920.0, 4950.0], [101847.5, 1310.0], [101845.0, 4400.0], [101780.0, 700.0], [101777.5, 2360.0], [101762.5, 13430.0], [101760.0, 45000.0], [101755.0, 2820.0], [101752.5, 9460.0], [101695.0, 37850.0], [101670.0, 50000.0]], "asks": [[101970.0, 20000.0], [101980.0, 1530.0], [101982.5, 5110.0], [101990.0, 2990.0], [101992.5, 10000.0], [102015.0, 13300.0], [102017.5, 49490.0], [102097.5, 410.0], [102100.0, 1380.0], [102187.5, 45000.0], [102192.5, 30.0], [102207.5, 3840.0], [102257.5, 500.0], [102265.0, 50000.0], [102285.0, 24290.0], [102392.5, 24580.0], [102417.5, 48510.0], [102465.0, 11820.0], [102482.5, 50000.0], [102500.0, 20250.0]]}}}
{"jsonrpc": "2.0", "method": "subscription", "params": {"channel": "book.BTC-14NOV25.none.20.100ms", "data": {"timestamp": 1762326366190, "change_id": 125350466962, "instrument_name": "BTC-14NOV25", "bids": [[102002.5, 1410.0], [102000.0, 4730.0], [101997.5, 2990.0], [101995.0, 10000.0], [101987.5, 1410.0], [101985.0, 4730.0], [101982.5, 160.0], [101897.5, 700.0], [101895.0, 5180.0], [101892.5, 9460.0], [101887.5, 1310.0], [101885.0, 4400.0], [101825.0, 250.0], [101810.0, 14930.0], [101807.5, 50000.0], [101805.0, 11370.0], [101802.5, 37850.0], [101800.0, 250.0], [101787.5, 45000.0], [101785.0, 250.0]], "asks": [[102015.0, 2990.0], [102017.5, 10000.0], [102022.5, 160.0], [102025.0, 1410.0], [102027.5, 4730.0], [102030.0, 30350.0], [102032.5, 32340.0], [102035.0, 73460.0], [102047.5, 1410.0], [102050.0, 4730.0], [102075.0, 13520.0], [102077.5, 45300.0], [102220.0, 13430.0], [102222.5, 45000.0], [102250.0, 1150.0], [102252.5, 3840.0], [102287.5, 500.0], [102297.5, 50000.0], [102305.0, 10.0], [102350.0, 1000.0]]}}}
{"jsonrpc": "2.0", "method": "subscription", "params": {"channel": "book.BTC-7NOV25.none.20.100ms", "data": {"timestamp": 1762326366139, "change_id": 125350466894, "instrument_name": "BTC-7NOV25", "bids": [[101965.0, 9760.0], [101962.5, 34950.0], [101950.0, 14160.0], [101947.5, 50000.0], [101942.5, 160.0], [101937.5, 73390.0], [101935.0, 73390.0], [101922.5, 1480.0], [101920.0, 4950.0], [101847.5, 1310.0], [101845.0, 4400.0], [101780.0, 700.0], [101777.5, 2360.0], [101755.0, 2820.0], [101752.5, 9460.0], [101747.5, 45000.0], [101695.0, 37850.0], [101670.0, 50000.0], [101665.0, 35840.0], [101612.5, 500.0]], "asks": [[101970.0, 20000.0], [101980.0, 4310.0], [101982.5, 5110.0], [101985.0, 10000.0], [102015.0, 13300.0], [102017.5, 49490.0], [102097.5, 410.0], [102100.0, 1380.0], [102180.0, 45000.0], [102192.5, 30.0], [102207.5, 3840.0], [102257.5, 500.0], [102265.0, 50000.0], [102285.0, 24290.0], [102392.5, 24580.0], [102417.5, 48510.0], [102465.0, 11820.0], [102482.5, 50000.0], [102500.0, 20250.0], [102527.5, 76990.0]]}}}
{"jsonrpc": "2.0", "method": "subscription", "params": {"channel": "book.BTC-14NOV25.none.20.100ms", "data": {"timestamp": 1762326366271, "change_id": 125350467150, "instrument_name": "BTC-14NOV25", "bids": [[101997.5, 2990.0], [101995.0, 10000.0], [101982.5, 160.0], [101955.0, 1410.0], [101952.5, 4730.0], [101897.5, 700.0], [101895.0, 5180.0], [101892.5, 9460.0], [101887.5, 1310.0], [101885.0, 4400.0], [101825.0, 250.0], [101810.0, 14930.0], [101807.5, 50000.0], [101805.0, 11370.0], [101802.5, 37850.0], [101800.0, 250.0], [101787.5, 45000.0], [101785.0, 250.0], [101775.0, 250.0], [101730.0, 40350.0]], "asks": [[102015.0, 2990.0], [102017.5, 10000.0], [102020.0, 4730.0], [102022.5, 160.0], [102030.0, 30350.0], [102032.5, 32340.0], [102035.0, 73460.0], [102047.5, 1410.0], [102050.0, 4730.0], [102075.0, 13520.0], [102077.5, 45300.0], [102220.0, 13430.0], [102222.5, 45000.0], [102250.0, 1150.0], [102252.5, 3840.0], [102287.5, 500.0], [102297.5, 50000.0], [102305.0, 10.0], [102350.0, 1000.0], [102352.5, 6410.0]]}}}
{"jsonrpc": "2.0", "method": "subscription", "params": {"channel": "book.BTC-7NOV25.none.20.100ms", "data": {"timestamp": 1762326366535, "change_id": 125350467347, "instrument_name": "BTC-7NOV25", "bids": [[101965.0, 9760.0], [101962.5, 30000.0], [101957.5, 1480.0], [101955.0, 7020.0], [101952.5, 3700.0], [101950.0, 17860.0], [101947.5, 50000.0], [101942.5, 160.0], [101937.5, 73390.0], [101935.0, 73390.0], [101922.5, 1480.0], [101920.0, 4950.0], [101847.5, 1310.0], [101845.0, 4400.0], [101780.0, 700.0], [101777.5, 2360.0], [101755.0, 2820.0], [101752.5, 9460.0], [101747.5, 45000.0], [101695.0, 37850.0]], "asks": [[101970.0, 20000.0], [101972.5, 1480.0], [101975.0, 4950.0], [101980.0, 2840.0], [101982.5, 160.0], [101985.0, 10000.0], [102015.0, 13300.0], [102017.5, 49490.0], [102020.0, 5830.0], [102097.5, 410.0], [102100.0, 1380.0], [102180.0, 45000.0], [102192.5, 30.0], [102207.5, 3840.0], [102257.5, 500.0], [102265.0, 50000.0], [102285.0, 24290.0], [102392.5, 24580.0], [102417.5, 48510.0], [102465.0, 11820.0]]}}}
{"jsonrpc": "2.0", "method": "subscription", "params": {"channel": "book.BTC-14NOV25.none.20.100ms", "data": {"timestamp": 1762326366850, "change_id": 125350468198, "instrument_name": "BTC-14NOV25", "bids": [[102002.5, 1410.0], [102000.0, 4730.0], [101997.5, 2990.0], [101995.0, 10000.0], [101987.5, 1410.0], [101985.0, 4730.0], [101982.5, 160.0], [101897.5, 700.0], [101895.0, 5180.0], [101892.5, 9460.0], [101887.5, 1310.0], [101885.0, 4400.0], [101825.0, 250.0], [101815.0, 11300.0], [101812.5, 37850.0], [101810.0, 14930.0], [101807.5, 50000.0], [101800.0, 250.0], [101787.5, 45000.0], [101785.0, 250.0]], "asks": [[102015.0, 2990.0], [102017.5, 10000.0], [102020.0, 4730.0], [102022.5, 160.0], [102030.0, 30350.0], [102032.5, 32340.0], [102035.0, 73460.0], [102047.5, 1410.0], [102050.0, 4730.0], [102075.0, 13520.0], [102077.5, 45300.0], [102220.0, 13430.0], [102222.5, 45000.0], [102250.0, 1150.0], [102252.5, 3840.0], [102287.5, 500.0], [102297.5, 50000.0], [102305.0, 10.0], [102350.0, 1000.0], [102352.5, 6410.0]]}}}
{"jsonrpc": "2.0", "method": "subscription", "params": {"channel": "book.BTC-7NOV25.none.20.100ms", "data": {"timestamp": 1762326367147, "change_id": 125350468439, "instrument_name": "BTC-7NOV25", "bids": [[101965.0, 9760.0], [101962.5, 10000.0], [101960.0, 20000.0], [101957.5, 1480.0], [101955.0, 7020.0], [101952.5, 3700.0], [101950.0, 17860.0], [101947.5, 50000.0], [101942.5, 160.0], [101940.0, 43810.0], [101937.5, 73390.0], [101935.0, 73390.0], [101922.5, 1480.0], [101920.0, 4950.0], [101847.5, 1310.0], [101845.0, 4400.0], [101780.0, 700.0], [101777.5, 2360.0], [101755.0, 2820.0], [101752.5, 9460.0]], "asks": [[101970.0, 20000.0], [101972.5, 1480.0], [101975.0, 4950.0], [101980.0, 2840.0], [101982.5, 160.0], [101985.0, 10000.0], [102015.0, 13300.0], [102017.5, 49490.0], [102020.0, 5830.0], [102097.5, 410.0], [102100.0, 1380.0], [102177.5, 13430.0], [102180.0, 45000.0], [102192.5, 30.0], [102207.5, 3840.0], [102257.5, 500.0], [102265.0, 50000.0], [102285.0, 24290.0], [102392.5, 24580.0], [102417.5, 48510.0]]}}}
{"jsonrpc": "2.0", "method": "subscription", "params": {"channel": "book.BTC-14NOV25.none.20.100ms", "data": {"timestamp": 1762326367520, "change_id": 125350468889, "instrument_name": "BTC-14NOV25", "bids": [[102005.0, 4400.0], [102002.5, 10000.0], [102000.0, 4730.0], [101987.5, 1410.0], [101985.0, 4730.0], [101982.5, 160.0], [101897.5, 700.0], [101895.0, 5180.0], [101892.5, 9460.0], [101887.5, 1310.0], [101885.0, 4400.0], [101825.0, 250.0], [101815.0, 11300.0], [101812.5, 37850.0], [101810.0, 14930.0], [101807.5, 50000.0], [101800.0, 250.0], [101795.0, 45000.0], [101785.0, 250.0], [101775.0, 250.0]], "asks": [[102015.0, 2990.0], [102017.5, 10000.0], [102020.0, 4730.0], [102022.5, 160.0], [102030.0, 30350.0], [102032.5, 32340.0], [102035.0, 73460.0], [102047.5, 1410.0], [102050.0, 4730.0], [102075.0, 13520.0], [102077.5, 45300.0], [102220.0, 13430.0], [102222.5, 45000.0], [102250.0, 1150.0], [102252.5, 3840.0], [102287.5, 500.0], [102297.5, 50000.0], [102305.0, 10.0], [102350.0, 1000.0], [102352.5, 6410.0]]}}}
{"jsonrpc": "2.0", "method": "subscription", "params": {"channel": "book.BTC-7NOV25.none.20.100ms", "data": {"timestamp": 1762326367530, "change_id": 125350468899, "instrument_name": "BTC-7NOV25", "bids": [[101965.0, 13760.0], [101962.5, 13700.0], [101960.0, 22490.0], [101957.5, 3400.0], [101955.0, 6050.0], [101952.5, 3700.0], [101950.0, 14160.0], [101947.5, 50000.0], [101942.5, 160.0], [101935.0, 73390.0], [101920.0, 4950.0], [101847.5, 1310.0], [101845.0, 4400.0], [101780.0, 700.0], [101777.5, 2360.0], [101757.5, 13430.0], [101755.0, 47820.0], [101752.5, 9460.0], [101695.0, 37850.0], [101670.0, 50000.0]], "asks": [[101970.0, 20000.0], [101972.5, 1480.0], [101975.0, 4950.0], [101980.0, 2840.0], [101982.5, 160.0], [101985.0, 10000.0], [102015.0, 13300.0], [102017.5, 49490.0], [102020.0, 5830.0], [102097.5, 410.0], [102100.0, 1380.0], [102192.5, 45030.0], [102207.5, 3840.0], [102257.5, 500.0], [102265.0, 50000.0], [102285.0, 24290.0], [102392.5, 24580.0], [102417.5, 48510.0], [102465.0, 11820.0], [102482.5, 50000.0]]}}}
{"jsonrpc": "2.0", "method": "subscription", "params": {"channel": "book.BTC-14NOV25.none.20.100ms", "data": {"timestamp": 1762326367627, "change_id": 125350469261, "instrument_name": "BTC-14NOV25", "bids": [[102005.0, 4400.0], [102002.5, 10000.0], [102000.0, 4730.0], [101987.5, 1410.0], [101985.0, 4730.0], [101982.5, 160.0], [101897.5, 700.0], [101895.0, 5180.0], [101892.5, 9460.0], [101887.5, 1310.0], [101885.0, 4400.0], [101825.0, 250.0], [101815.0, 11300.0], [101812.5, 37850.0], [101810.0, 14930.0], [101807.5, 50000.0], [101800.0, 250.0], [101795.0, 45000.0], [101785.0, 250.0], [101775.0, 250.0]], "asks": [[102015.0, 2990.0], [102017.5, 10000.0], [102020.0, 4730.0], [102022.5, 160.0], [102030.0, 30350.0], [102032.5, 32340.0], [102035.0, 73460.0], [102047.5, 1410.0], [102050.0, 4730.0], [102075.0, 13520.0], [102077.5, 45300.0], [102232.5, 13430.0], [102235.0, 45000.0], [102250.0, 1150.0], [102252.5, 3840.0], [102287.5, 500.0], [102297.5, 50000.0], [102305.0, 10.0], [102350.0, 1000.0], [102352.5, 6410.0]]}}}
{"jsonrpc": "2.0", "method": "subscription", "params": {"channel": "book.BTC-7NOV25.none.20.100ms", "data": {"timestamp": 1762326367744, "change_id": 125350469385, "instrument_name": "BTC-7NOV25", "bids": [[101965.0, 13760.0], [101962.5, 13700.0], [101960.0, 22490.0], [101957.5, 3400.0], [101955.0, 6050.0], [101952.5, 3700.0], [101950.0, 14160.0], [101947.5, 50000.0], [101942.5, 160.0], [101935.0, 146780.0], [101920.0, 4950.0], [101847.5, 1310.0], [101845.0, 4400.0], [101780.0, 700.0], [101777.5, 2360.0], [101757.5, 13430.0], [101755.0, 47820.0], [101752.5, 9460.0], [101695.0, 37850.0], [101670.0, 50000.0]], "asks": [[101970.0, 20000.0], [101972.5, 1480.0], [101975.0, 4950.0], [101980.0, 2840.0], [101982.5, 160.0], [101985.0, 10000.0], [102015.0, 13300.0], [102017.5, 49490.0], [102020.0, 5830.0], [102097.5, 410.0], [102100.0, 1380.0], [102192.5, 45030.0], [102207.5, 3840.0], [102257.5, 500.0], [102265.0, 50000.0], [102285.0, 24290.0], [102392.5, 24580.0], [102417.5, 48510.0], [102465.0, 11820.0], [102482.5, 50000.0]]}}}
{"jsonrpc": "2.0", "method": "subscription", "params": {"channel": "book.BTC-7NOV25.none.20.100ms", "data": {"timestamp": 1762326368501, "change_id": 125350470307, "instrument_name": "BTC-7NOV25", "bids": [[101965.0, 13760.0], [101962.5, 13700.0], [101960.0, 21480.0], [101957.5, 2300.0], [101955.0, 6050.0], [101952.5, 3700.0], [101950.0, 14160.0], [101947.5, 50000.0], [101942.5, 160.0], [101937.5, 43810.0], [101935.0, 146780.0], [101920.0, 4950.0], [101847.5, 1310.0], [101845.0, 4400.0], [101780.0, 700.0], [101777.5, 2360.0], [101757.5, 13430.0], [101755.0, 47820.0], [101752.5, 9460.0], [101695.0, 37850.0]], "asks": [[101970.0, 20000.0], [101972.5, 1480.0], [101975.0, 4950.0], [101980.0, 2840.0], [101982.5, 160.0], [101985.0, 10000.0], [102015.0, 13300.0], [102017.5, 49490.0], [102020.0, 5830.0], [102097.5, 410.0], [102100.0, 1380.0], [102192.5, 45030.0], [102207.5, 3840.0], [102257.5, 500.0], [102265.0, 50000.0], [102285.0, 24290.0], [102392.5, 24580.0], [102417.5, 48510.0], [102465.0, 11820.0], [102482.5, 50000.0]]}}}
{"jsonrpc": "2.0", "method": "subscription", "params": {"channel": "book.BTC-14NOV25.none.20.100ms", "data": {"timestamp": 1762326368568, "change_id": 125350470377, "instrument_name": "BTC-14NOV25", "bids": [[102005.0, 4400.0], [102002.5, 10000.0], [102000.0, 4730.0], [101987.5, 1410.0], [101985.0, 4730.0], [101982.5, 160.0], [101897.5, 700.0], [101895.0, 5180.0], [101892.5, 9460.0], [101887.5, 1310.0], [101885.0, 4400.0], [101825.0, 250.0], [101815.0, 11300.0], [101812.5, 37850.0], [101810.0, 14930.0], [101807.5, 50000.0], [101800.0, 250.0], [101795.0, 45000.0], [101785.0, 250.0], [101775.0, 250.0]], "asks": [[102015.0, 2990.0], [102017.5, 10000.0], [102020.0, 4730.0], [102022.5, 160.0], [102030.0, 30350.0], [102032.5, 32340.0], [102035.0, 73460.0], [102047.5, 1410.0], [102050.0, 4730.0], [102075.0, 13520.0], [102077.5, 45300.0], [102232.5, 13430.0], [102235.0, 45000.0], [102250.0, 1150.0], [102252.5, 3840.0], [102287.5, 500.0], [102297.5, 50000.0], [102305.0, 10.0], [102350.0, 1000.0], [102352.5, 6410.0]]}}}
{"jsonrpc": "2.0", "method": "subscription", "params": {"channel": "book.BTC-7NOV25.none.20.100ms", "data": {"timestamp": 1762326368823, "change_id": 125350471107, "instrument_name": "BTC-7NOV25", "bids": [[101965.0, 13760.0], [101962.5, 13700.0], [101960.0, 21480.0], [101955.0, 6050.0], [101952.5, 3700.0], [101950.0, 14160.0], [101947.5, 50000.0], [101942.5, 160.0], [101937.5, 43810.0], [101935.0, 146780.0], [101920.0, 4950.0], [101847.5, 1310.0], [101845.0, 4400.0], [101780.0, 700.0], [101777.5, 2360.0], [101757.5, 13430.0], [101755.0, 47820.0], [101752.5, 9460.0], [101695.0, 37850.0], [101670.0, 50000.0]], "asks": [[101970.0, 20000.0], [101972.5, 1480.0], [101975.0, 4950.0], [101980.0, 2840.0], [101982.5, 160.0], [101985.0, 10000.0], [102015.0, 13300.0], [102017.5, 49490.0], [102020.0, 5830.0], [102097.5, 410.0], [102100.0, 1380.0], [102192.5, 45030.0], [102207.5, 3840.0], [102257.5, 500.0], [102265.0, 50000.0], [102285.0, 24290.0], [102392.5, 24580.0], [102417.5, 48510.0], [102465.0, 11820.0], [102482.5, 50000.0]]}}}
{"jsonrpc": "2.0", "method": "subscription", "params": {"channel": "book.BTC-14NOV25.none.20.100ms", "data": {"timestamp": 1762326369190, "change_id": 125350471436, "instrument_name": "BTC-14NOV25", "bids": [[102002.5, 10000.0], [102000.0, 4730.0], [101987.5, 1410.0], [101985.0, 4730.0], [101982.5, 160.0], [101897.5, 700.0], [101895.0, 5180.0], [101892.5, 9460.0], [101887.5, 1310.0], [101885.0, 4400.0], [101825.0, 250.0], [101815.0, 11300.0], [101812.5, 37850.0], [101810.0, 14930.0], [101807.5, 50000.0], [101800.0, 250.0], [101795.0, 45000.0], [101785.0, 250.0], [101775.0, 250.0], [101745.0, 6240.0]], "asks": [[102015.0, 2990.0], [102017.5, 10000.0], [102020.0, 4730.0], [102022.5, 160.0], [102030.0, 30350.0], [102032.5, 32340.0], [102035.0, 73460.0], [102047.5, 1410.0], [102050.0, 4730.0], [102075.0, 13520.0], [102077.5, 45300.0], [102227.5, 45000.0], [102250.0, 1150.0], [102252.5, 3840.0], [102287.5, 500.0], [102297.5, 50000.0], [102305.0, 10.0], [102350.0, 1000.0], [102352.5, 6410.0], [102390.0, 10.0]]}}}
{"jsonrpc": "2.0", "method": "subscription", "params": {"channel": "book.BTC-7NOV25.none.20.100ms", "data": {"timestamp": 1762326369141, "change_id": 125350471405, "instrument_name": "BTC-7NOV25", "bids": [[101965.0, 10060.0], [101962.5, 10000.0], [101960.0, 21480.0], [101955.0, 6050.0], [101952.5, 3700.0], [101950.0, 14160.0], [101947.5, 50000.0], [101942.5, 160.0], [101937.5, 43810.0], [101935.0, 146780.0], [101920.0, 4950.0], [101847.5, 1310.0], [101845.0, 4400.0], [101780.0, 700.0], [101777.5, 2360.0], [101757.5, 13430.0], [101755.0, 47820.0], [101752.5, 9460.0], [101695.0, 37850.0], [101670.0, 50000.0]], "asks": [[101970.0, 20000.0], [101972.5, 1480.0], [101975.0, 4950.0], [101980.0, 2840.0], [101982.5, 160.0], [101985.0, 10000.0], [102015.0, 13300.0], [102017.5, 49490.0], [102020.0, 5830.0], [102097.5, 410.0], [102100.0, 1380.0], [102182.5, 13430.0], [102185.0, 45000.0], [102192.5, 30.0], [102207.5, 3840.0], [102257.5, 500.0], [102265.0, 50000.0], [102285.0, 24290.0], [102392.5, 24580.0], [102417.5, 48510.0]]}}}
{"jsonrpc": "2.0", "method": "subscription", "params": {"channel": "book.BTC-14NOV25.none.20.100ms", "data": {"timestamp": 1762326369308, "change_id": 125350471652, "instrument_name": "BTC-14NOV25", "bids": [[102002.5, 1410.0], [102000.0, 4730.0], [101995.0, 2990.0], [101992.5, 10000.0], [101987.5, 1410.0], [101985.0, 4730.0], [101982.5, 160.0], [101897.5, 700.0], [101895.0, 5180.0], [101892.5, 9460.0], [101887.5, 1310.0], [101885.0, 4400.0], [101825.0, 250.0], [101815.0, 11300.0], [101812.5, 37850.0], [101810.0, 14930.0], [101807.5, 50000.0], [101800.0, 250.0], [101785.0, 250.0], [101782.5, 45000.0]], "asks": [[102015.0, 2990.0], [102017.5, 10000.0], [102020.0, 4730.0], [102022.5, 160.0], [102030.0, 30350.0], [102032.5, 32340.0], [102035.0, 73460.0], [102047.5, 1410.0], [102050.0, 4730.0], [102075.0, 13520.0], [102077.5, 45300.0], [102220.0, 45000.0], [102250.0, 1150.0], [102252.5, 3840.0], [102287.5, 500.0], [102297.5, 50000.0], [102305.0, 10.0], [102350.0, 1000.0], [102352.5, 6410.0], [102390.0, 10.0]]}}}
{"jsonrpc": "2.0", "method": "subscription", "params": {"channel": "book.BTC-7NOV25.none.20.100ms", "data": {"timestamp": 1762326369308, "change_id": 125350471653, "instrument_name": "BTC-7NOV25", "bids": [[101965.0, 10060.0], [101962.5, 10000.0], [101960.0, 21480.0], [101955.0, 6050.0], [101952.5, 3700.0], [101950.0, 14160.0], [101947.5, 50000.0], [101942.5, 160.0], [101937.5, 43810.0], [101935.0, 146780.0], [101922.5, 1480.0], [101920.0, 4950.0], [101847.5, 1310.0], [101845.0, 4400.0], [101780.0, 700.0], [101777.5, 2360.0], [101755.0, 2820.0], [101752.5, 9460.0], [101742.5, 45000.0], [101695.0, 37850.0]], "asks": [[101970.0, 20000.0], [101972.5, 1480.0], [101975.0, 4950.0], [101980.0, 2840.0], [101982.5, 160.0], [101985.0, 10000.0], [102015.0, 13300.0], [102017.5, 49490.0], [102020.0, 5830.0], [102097.5, 410.0], [102100.0, 1380.0], [102177.5, 45000.0], [102192.5, 30.0], [102207.5, 3840.0], [102257.5, 500.0], [102265.0, 50000.0], [102285.0, 24290.0], [102392.5, 24580.0], [102417.5, 48510.0], [102465.0, 11820.0]]}}}
{"jsonrpc": "2.0", "method": "subscription", "params": {"channel": "book.BTC-14NOV25.none.20.100ms", "data": {"timestamp": 1762326369851, "change_id": 125350472897, "instrument_name": "BTC-14NOV25", "bids": [[101995.0, 2990.0], [101992.5, 10000.0], [101965.0, 160.0], [101955.0, 1410.0], [101952.5, 4730.0], [101897.5, 700.0], [101895.0, 5180.0], [101892.5, 9460.0], [101887.5, 1310.0], [101885.0, 4400.0], [101825.0, 250.0], [101815.0, 11300.0], [101812.5, 37850.0], [101810.0, 14930.0], [101807.5, 50000.0], [101800.0, 250.0], [101785.0, 250.0], [101782.5, 45000.0], [101775.0, 250.0], [101745.0, 6240.0]], "asks": [[102007.5, 3030.0], [102010.0, 10160.0], [102015.0, 2370.0], [102017.5, 3800.0], [102020.0, 4730.0], [102030.0, 30350.0], [102032.5, 32340.0], [102035.0, 73460.0], [102047.5, 1410.0], [102050.0, 4730.0], [102062.5, 1820.0], [102065.0, 6100.0], [102075.0, 13520.0], [102077.5, 45300.0], [102212.5, 45000.0], [102250.0, 1150.0], [102252.5, 3840.0], [102287.5, 500.0], [102297.5, 50000.0], [102305.0, 10.0]]}}}
{"jsonrpc": "2.0", "method": "subscription", "params": {"channel": "book.BTC-7NOV25.none.20.100ms", "data": {"timestamp": 1762326369851, "change_id": 125350472896, "instrument_name": "BTC-7NOV25", "bids": [[101960.0, 20000.0], [101952.5, 10000.0], [101942.5, 14930.0], [101940.0, 50000.0], [101937.5, 21910.0], [101935.0, 73390.0], [101922.5, 1480.0], [101920.0, 4950.0], [101847.5, 1310.0], [101845.0, 4400.0], [101780.0, 700.0], [101777.5, 2360.0], [101755.0, 2820.0], [101752.5, 9460.0], [101742.5, 45000.0], [101695.0, 37850.0], [101670.0, 50000.0], [101665.0, 35840.0], [101612.5, 500.0], [101572.5, 25690.0]], "asks": [[101967.5, 22180.0], [101970.0, 20160.0], [101975.0, 2990.0], [101977.5, 10000.0], [102015.0, 13300.0], [102017.5, 49490.0], [102020.0, 5830.0], [102097.5, 410.0], [102100.0, 1380.0], [102192.5, 30.0], [102207.5, 3840.0], [102257.5, 500.0], [102265.0, 50000.0], [102285.0, 24290.0], [102392.5, 24580.0], [102417.5, 48510.0], [102465.0, 11820.0], [102482.5, 50000.0], [102500.0, 20250.0], [102527.5, 76990.0]]}}}
{"jsonrpc": "2.0", "method": "subscription", "params": {"channel": "book.BTC-14NOV25.none.20.100ms", "data": {"timestamp": 1762326370147, "change_id": 125350473207, "instrument_name": "BTC-14NOV25", "bids": [[101995.0, 2990.0], [101992.5, 14730.0], [101965.0, 160.0], [101955.0, 1410.0], [101952.5, 4730.0], [101897.5, 700.0], [101895.0, 5180.0], [101892.5, 9460.0], [101887.5, 1310.0], [101885.0, 4400.0], [101825.0, 250.0], [101815.0, 11300.0], [101812.5, 37850.0], [101810.0, 14930.0], [101807.5, 50000.0], [101800.0, 250.0], [101785.0, 250.0], [101782.5, 45000.0], [101775.0, 250.0], [101740.0, 6240.0]], "asks": [[102007.5, 3030.0], [102010.0, 11570.0], [102012.5, 4730.0], [102015.0, 1410.0], [102017.5, 3800.0], [102030.0, 30350.0], [102032.5, 32340.0], [102035.0, 73460.0], [102047.5, 1410.0], [102050.0, 4730.0], [102062.5, 1820.0], [102065.0, 6100.0], [102075.0, 13520.0], [102077.5, 45300.0], [102212.5, 45000.0], [102250.0, 1150.0], [102252.5, 3840.0], [102287.5, 500.0], [102297.5, 50000.0], [102305.0, 10.0]]}}}
{"jsonrpc": "2.0", "method": "subscription", "params": {"channel": "book.BTC-7NOV25.none.20.100ms", "data": {"timestamp": 1762326370147, "change_id": 125350473302, "instrument_name": "BTC-7NOV25", "bids": [[101957.5, 5970.0], [101955.0, 22990.0], [101952.5, 10000.0], [101950.0, 2580.0], [101947.5, 4950.0], [101945.0, 3700.0], [101942.5, 14930.0], [101940.0, 50000.0], [101937.5, 21910.0], [101935.0, 73390.0], [101925.0, 160.0], [101922.5, 1480.0], [101920.0, 4950.0], [101847.5, 1310.0], [101845.0, 4400.0], [101780.0, 700.0], [101777.5, 2360.0], [101755.0, 2820.0], [101752.5, 9460.0], [101742.5, 45000.0]], "asks": [[101965.0, 13400.0], [101967.5, 14730.0], [101970.0, 30160.0], [101982.5, 1480.0], [101985.0, 4950.0], [102015.0, 13300.0], [102017.5, 44540.0], [102020.0, 5830.0], [102097.5, 410.0], [102100.0, 1380.0], [102170.0, 45000.0], [102192.5, 30.0], [102207.5, 3840.0], [102257.5, 500.0], [102265.0, 50000.0], [102285.0, 24290.0], [102392.5, 24580.0], [102417.5, 48510.0], [102465.0, 11820.0], [102482.5, 50000.0]]}}}
