{"jsonrpc": "2.0", "id": 1, "result": ["book.BTC-6FEB26.none.20.100ms"], "usIn": 1769566300843791, "usOut": 1769566300843956, "usDiff": 165, "testnet": false}
{"jsonrpc": "2.0", "method": "subscription", "params": {"channel": "book.BTC-6FEB26.none.20.100ms", "data": {"timestamp": 1769566300673, "change_id": 137149325693, "instrument_name": "BTC-6FEB26", "bids": [[89375.0, 1500.0], [89372.5, 1950.0], [89370.0, 1960.0], [89367.5, 1500.0], [89365.0, 450.0], [89360.0, 1500.0], [89357.5, 40.0], [89297.5, 13860.0], [89295.0, 46420.0], [89272.5, 330.0], [89265.0, 4850.0], [89262.5, 16240.0], [89207.5, 640.0], [89205.0, 2160.0], [89202.5, 300.0], [89200.0, 1000.0], [89190.0, 1500.0], [89187.5, 5020.0], [89172.5, 8640.0], [89165.0, 10.0]], "asks": [[89377.5, 1500.0], [89380.0, 6130.0], [89382.5, 10.0], [89387.5, 450.0], [89390.0, 1500.0], [89400.0, 10.0], [89417.5, 1000.0], [89430.0, 17930.0], [89432.5, 70000.0], [89435.0, 5040.0], [89447.5, 1000.0], [89475.0, 300.0], [89477.5, 1000.0], [89497.5, 600.0], [89500.0, 2000.0], [89505.0, 13980.0], [89507.5, 46830.0], [89525.0, 4370.0], [89527.5, 14630.0], [89585.0, 29740.0]]}}}
{"jsonrpc": "2.0", "method": "subscription", "params": {"channel": "book.BTC-6FEB26.none.20.100ms", "data": {"timestamp": 1769566300858, "change_id": 137149325932, "instrument_name": "BTC-6FEB26", "bids": [[89375.0, 1500.0], [89372.5, 1950.0], [89370.0, 1960.0], [89367.5, 1500.0], [89365.0, 450.0], [89360.0, 1500.0], [89357.5, 40.0], [89297.5, 13860.0], [89295.0, 46420.0], [89275.0, 330.0], [89265.0, 4850.0], [89262.5, 16240.0], [89207.5, 640.0], [89205.0, 2160.0], [89202.5, 300.0], [89200.0, 1000.0], [89190.0, 5020.0], [89172.5, 8640.0], [89165.0, 10.0], [89147.5, 40.0]], "asks": [[89377.5, 1500.0], [89380.0, 6130.0], [89382.5, 10.0], [89387.5, 450.0], [89390.0, 1500.0], [89400.0, 10.0], [89417.5, 1000.0], [89430.0, 17930.0], [89432.5, 70000.0], [89435.0, 5040.0], [89447.5, 1000.0], [89475.0, 300.0], [89477.5, 1000.0], [89497.5, 600.0], [89500.0, 2000.0], [89505.0, 13980.0], [89507.5, 46830.0], [89525.0, 4370.0], [89527.5, 14630.0], [89585.0, 29740.0]]}}}
{"jsonrpc": "2.0", "method": "subscription", "params": {"channel": "book.BTC-6FEB26.none.20.100ms", "data": {"timestamp": 1769566301254, "change_id": 137149326054, "instrument_name": "BTC-6FEB26", "bids": [[89375.0, 1500.0], [89372.5, 1950.0], [89370.0, 1950.0], [89367.5, 1510.0], [89365.0, 450.0], [89360.0, 1500.0], [89357.5, 40.0], [89297.5, 13860.0], [89295.0, 46420.0], [89275.0, 330.0], [89265.0, 4850.0], [89262.5, 16240.0], [89207.5, 640.0], [89205.0, 2160.0], [89202.5, 300.0], [89200.0, 1000.0], [89190.0, 5020.0], [89172.5, 8640.0], [89165.0, 10.0], [89147.5, 40.0]], "asks": [[89377.5, 1500.0], [89380.0, 6130.0], [89382.5, 1500.0], [89385.0, 22200.0], [89387.5, 86090.0], [89390.0, 44400.0], [89400.0, 10.0], [89417.5, 1000.0], [89430.0, 17930.0], [89435.0, 5040.0], [89447.5, 1000.0], [89475.0, 300.0], [89477.5, 1000.0], [89497.5, 600.0], [89500.0, 2000.0], [89505.0, 13980.0], [89507.5, 46830.0], [89525.0, 4370.0], [89527.5, 14630.0], [89585.0, 29740.0]]}}}
{"jsonrpc": "2.0", "method": "subscription", "params": {"channel": "book.BTC-6FEB26.none.20.100ms", "data": {"timestamp": 1769566301501, "change_id": 137149326487, "instrument_name": "BTC-6FEB26", "bids": [[89375.0, 1500.0], [89372.5, 1950.0], [89370.0, 1950.0], [89367.5, 1510.0], [89365.0, 450.0], [89360.0, 1500.0], [89357.5, 40.0], [89297.5, 13860.0], [89295.0, 46420.0], [89275.0, 330.0], [89265.0, 4850.0], [89262.5, 16240.0], [89207.5, 640.0], [89205.0, 2160.0], [89202.5, 300.0], [89200.0, 1000.0], [89190.0, 5020.0], [89172.5, 8640.0], [89165.0, 10.0], [89147.5, 40.0]], "asks": [[89377.5, 1500.0], [89380.0, 8130.0], [89382.5, 3000.0], [89385.0, 22200.0], [89387.5, 86090.0], [89390.0, 44400.0], [89400.0, 10.0], [89417.5, 1000.0], [89430.0, 17930.0], [89435.0, 5040.0], [89447.5, 1000.0], [89475.0, 300.0], [89477.5, 1000.0], [89497.5, 600.0], [89500.0, 2000.0], [89505.0, 13980.0], [89507.5, 46830.0], [89525.0, 4370.0], [89527.5, 14630.0], [89585.0, 29740.0]]}}}
{"jsonrpc": "2.0", "method": "subscription", "params": {"channel": "book.BTC-6FEB26.none.20.100ms", "data": {"timestamp": 1769566301730, "change_id": 137149326888, "instrument_name": "BTC-6FEB26", "bids": [[89375.0, 2400.0], [89372.5, 1500.0], [89370.0, 1950.0], [89367.5, 1510.0], [89365.0, 450.0], [89360.0, 1500.0], [89357.5, 40.0], [89297.5, 13860.0], [89295.0, 46420.0], [89275.0, 330.0], [89265.0, 4850.0], [89262.5, 16240.0], [89207.5, 640.0], [89205.0, 2160.0], [89202.5, 300.0], [89200.0, 1000.0], [89190.0, 5020.0], [89172.5, 8640.0], [89165.0, 10.0], [89147.5, 40.0]], "asks": [[89380.0, 8130.0], [89382.5, 3000.0], [89385.0, 22200.0], [89387.5, 86090.0], [89390.0, 44400.0], [89400.0, 10.0], [89417.5, 1000.0], [89427.5, 4900.0], [89430.0, 17930.0], [89435.0, 5040.0], [89447.5, 1000.0], [89475.0, 300.0], [89477.5, 1000.0], [89497.5, 600.0], [89500.0, 2000.0], [89505.0, 13980.0], [89507.5, 46830.0], [89525.0, 4370.0], [89527.5, 14630.0], [89585.0, 29740.0]]}}}
{"jsonrpc": "2.0", "method": "subscription", "params": {"channel": "book.BTC-6FEB26.none.20.100ms", "data": {"timestamp": 1769566302363, "change_id": 137149327500, "instrument_name": "BTC-6FEB26", "bids": [[89375.0, 3900.0], [89372.5, 1500.0], [89370.0, 1960.0], [89367.5, 1500.0], [89365.0, 450.0], [89360.0, 1500.0], [89357.5, 40.0], [89297.5, 13860.0], [89295.0, 46420.0], [89275.0, 330.0], [89265.0, 4850.0], [89262.5, 16240.0], [89207.5, 640.0], [89205.0, 2160.0], [89202.5, 300.0], [89200.0, 1000.0], [89190.0, 5020.0], [89172.5, 8640.0], [89165.0, 10.0], [89147.5, 40.0]], "asks": [[89380.0, 8130.0], [89382.5, 3000.0], [89385.0, 22200.0], [89387.5, 50000.0], [89390.0, 44400.0], [89400.0, 10.0], [89417.5, 1000.0], [89427.5, 4900.0], [89430.0, 17930.0], [89435.0, 5040.0], [89447.5, 1000.0], [89475.0, 300.0], [89477.5, 1000.0], [89497.5, 600.0], [89500.0, 2000.0], [89505.0, 13980.0], [89507.5, 46830.0], [89525.0, 4370.0], [89527.5, 14630.0], [89585.0, 29740.0]]}}}
{"jsonrpc": "2.0", "method": "subscription", "params": {"channel": "book.BTC-6FEB26.none.20.100ms", "data": {"timestamp": 1769566302712, "change_id": 137149328024, "instrument_name": "BTC-6FEB26", "bids": [[89375.0, 3900.0], [89372.5, 1500.0], [89370.0, 1960.0], [89367.5, 1500.0], [89365.0, 450.0], [89360.0, 1500.0], [89357.5, 40.0], [89297.5, 13860.0], [89295.0, 46420.0], [89275.0, 330.0], [89265.0, 4850.0], [89262.5, 16240.0], [89207.5, 640.0], [89205.0, 2160.0], [89202.5, 300.0], [89200.0, 1000.0], [89190.0, 5020.0], [89172.5, 8640.0], [89165.0, 10.0], [89147.5, 40.0]], "asks": [[89380.0, 8130.0], [89382.5, 3000.0], [89385.0, 22200.0], [89387.5, 50000.0], [89390.0, 44400.0], [89392.5, 3580.0], [89395.0, 42900.0], [89400.0, 10.0], [89417.5, 1000.0], [89427.5, 4900.0], [89430.0, 17930.0], [89435.0, 5040.0], [89447.5, 1000.0], [89475.0, 300.0], [89477.5, 1000.0], [89497.5, 600.0], [89500.0, 2000.0], [89505.0, 13980.0], [89507.5, 46830.0], [89525.0, 4370.0]]}}}
{"jsonrpc": "2.0", "method": "subscription", "params": {"channel": "book.BTC-6FEB26.none.20.100ms", "data": {"timestamp": 1769566303024, "change_id": 137149328157, "instrument_name": "BTC-6FEB26", "bids": [[89375.0, 450.0], [89370.0, 2340.0], [89367.5, 3010.0], [89365.0, 450.0], [89360.0, 1500.0], [89357.5, 40.0], [89297.5, 13860.0], [89295.0, 46420.0], [89275.0, 330.0], [89265.0, 4850.0], [89262.5, 16240.0], [89207.5, 640.0], [89205.0, 2160.0], [89202.5, 300.0], [89200.0, 1000.0], [89190.0, 5020.0], [89172.5, 8640.0], [89165.0, 10.0], [89147.5, 40.0], [89127.5, 3750.0]], "asks": [[89380.0, 8130.0], [89382.5, 3000.0], [89385.0, 22200.0], [89387.5, 50000.0], [89390.0, 44400.0], [89392.5, 3580.0], [89395.0, 42900.0], [89400.0, 10.0], [89415.0, 300.0], [89417.5, 1000.0], [89427.5, 4900.0], [89430.0, 17930.0], [89435.0, 5040.0], [89445.0, 300.0], [89447.5, 1000.0], [89475.0, 300.0], [89477.5, 1000.0], [89497.5, 600.0], [89500.0, 2000.0], [89505.0, 13980.0]]}}}
{"jsonrpc": "2.0", "method": "subscription", "params": {"channel": "book.BTC-6FEB26.none.20.100ms", "data": {"timestamp": 1769566303349, "change_id": 137149328683, "instrument_name": "BTC-6FEB26", "bids": [[89372.5, 1950.0], [89370.0, 2340.0], [89367.5, 3010.0], [89365.0, 450.0], [89360.0, 1500.0], [89357.5, 40.0], [89297.5, 13860.0], [89295.0, 46420.0], [89275.0, 330.0], [89265.0, 4850.0], [89262.5, 16240.0], [89207.5, 640.0], [89205.0, 2160.0], [89202.5, 300.0], [89200.0, 1000.0], [89192.5, 1500.0], [89190.0, 5020.0], [89172.5, 8640.0], [89165.0, 10.0], [89147.5, 40.0]], "asks": [[89377.5, 3500.0], [89380.0, 6140.0], [89382.5, 5470.0], [89385.0, 22200.0], [89387.5, 50000.0], [89390.0, 44400.0], [89392.5, 3580.0], [89395.0, 42900.0], [89400.0, 10.0], [89415.0, 300.0], [89417.5, 1000.0], [89427.5, 4900.0], [89430.0, 17930.0], [89435.0, 5040.0], [89445.0, 300.0], [89447.5, 1000.0], [89475.0, 300.0], [89477.5, 1000.0], [89497.5, 600.0], [89500.0, 2000.0]]}}}
{"jsonrpc": "2.0", "method": "subscription", "params": {"channel": "book.BTC-6FEB26.none.20.100ms", "data": {"timestamp": 1769566303862, "change_id": 137149329203, "instrument_name": "BTC-6FEB26", "bids": [[89372.5, 450.0], [89370.0, 2340.0], [89367.5, 3000.0], [89365.0, 460.0], [89360.0, 1500.0], [89357.5, 40.0], [89297.5, 13860.0], [89295.0, 46420.0], [89267.5, 330.0], [89265.0, 4850.0], [89262.5, 16240.0], [89207.5, 640.0], [89205.0, 2160.0], [89202.5, 300.0], [89200.0, 1000.0], [89192.5, 1500.0], [89190.0, 5020.0], [89172.5, 8640.0], [89165.0, 10.0], [89147.5, 40.0]], "asks": [[89377.5, 3500.0], [89380.0, 6140.0], [89382.5, 5470.0], [89385.0, 22200.0], [89387.5, 50000.0], [89390.0, 44400.0], [89392.5, 3580.0], [89395.0, 42900.0], [89400.0, 10.0], [89415.0, 300.0], [89417.5, 1000.0], [89427.5, 4900.0], [89430.0, 17930.0], [89435.0, 5040.0], [89445.0, 300.0], [89447.5, 1000.0], [89475.0, 300.0], [89477.5, 1000.0], [89497.5, 600.0], [89500.0, 2000.0]]}}}
{"jsonrpc": "2.0", "method": "subscription", "params": {"channel": "book.BTC-6FEB26.none.20.100ms", "data": {"timestamp": 1769566304073, "change_id": 137149329266, "instrument_name": "BTC-6FEB26", "bids": [[89372.5, 450.0], [89370.0, 2340.0], [89367.5, 3000.0], [89365.0, 460.0], [89360.0, 1500.0], [89357.5, 40.0], [89297.5, 13860.0], [89295.0, 46420.0], [89267.5, 330.0], [89265.0, 4850.0], [89262.5, 16240.0], [89207.5, 640.0], [89205.0, 2160.0], [89202.5, 300.0], [89200.0, 1000.0], [89192.5, 1500.0], [89190.0, 5020.0], [89172.5, 8640.0], [89165.0, 10.0], [89147.5, 40.0]], "asks": [[89377.5, 3500.0], [89380.0, 6140.0], [89382.5, 5470.0], [89385.0, 22200.0], [89387.5, 50000.0], [89390.0, 44400.0], [89392.5, 3580.0], [89395.0, 42900.0], [89400.0, 10.0], [89415.0, 300.0], [89417.5, 1000.0], [89427.5, 4900.0], [89430.0, 17930.0], [89435.0, 5040.0], [89445.0, 300.0], [89447.5, 1000.0], [89475.0, 300.0], [89477.5, 1000.0], [89497.5, 600.0], [89500.0, 2000.0]]}}}
{"jsonrpc": "2.0", "method": "subscription", "params": {"channel": "book.BTC-6FEB26.none.20.100ms", "data": {"timestamp": 1769566304445, "change_id": 137149329783, "instrument_name": "BTC-6FEB26", "bids": [[89370.0, 840.0], [89367.5, 3000.0], [89365.0, 450.0], [89362.5, 10.0], [89360.0, 1500.0], [89357.5, 40.0], [89297.5, 13860.0], [89295.0, 46420.0], [89267.5, 330.0], [89265.0, 4850.0], [89262.5, 16240.0], [89207.5, 640.0], [89205.0, 2160.0], [89202.5, 300.0], [89200.0, 1000.0], [89192.5, 1500.0], [89190.0, 5020.0], [89172.5, 8640.0], [89165.0, 10.0], [89147.5, 40.0]], "asks": [[89377.5, 3510.0], [89380.0, 6130.0], [89382.5, 5470.0], [89385.0, 22200.0], [89387.5, 50000.0], [89390.0, 44400.0], [89392.5, 3580.0], [89395.0, 42900.0], [89400.0, 10.0], [89415.0, 300.0], [89417.5, 1000.0], [89427.5, 4900.0], [89430.0, 17930.0], [89435.0, 5040.0], [89445.0, 300.0], [89447.5, 1000.0], [89475.0, 300.0], [89477.5, 1000.0], [89497.5, 600.0], [89500.0, 2000.0]]}}}
{"jsonrpc": "2.0", "method": "subscription", "params": {"channel": "book.BTC-6FEB26.none.20.100ms", "data": {"timestamp": 1769566304684, "change_id": 137149330042, "instrument_name": "BTC-6FEB26", "bids": [[89370.0, 840.0], [89367.5, 3000.0], [89365.0, 450.0], [89362.5, 10.0], [89360.0, 1500.0], [89357.5, 40.0], [89297.5, 13860.0], [89295.0, 46420.0], [89267.5, 330.0], [89265.0, 4850.0], [89262.5, 16240.0], [89207.5, 640.0], [89205.0, 2160.0], [89202.5, 300.0], [89200.0, 1000.0], [89192.5, 1500.0], [89190.0, 5020.0], [89172.5, 8640.0], [89165.0, 10.0], [89147.5, 40.0]], "asks": [[89377.5, 3510.0], [89380.0, 6130.0], [89382.5, 5470.0], [89385.0, 22200.0], [89387.5, 50000.0], [89390.0, 44400.0], [89400.0, 10.0], [89415.0, 300.0], [89417.5, 1000.0], [89427.5, 4900.0], [89430.0, 17930.0], [89435.0, 5040.0], [89445.0, 300.0], [89447.5, 1000.0], [89475.0, 300.0], [89477.5, 1000.0], [89497.5, 600.0], [89500.0, 2000.0], [89502.5, 40.0], [89505.0, 13980.0]]}}}
{"jsonrpc": "2.0", "method": "subscription", "params": {"channel": "book.BTC-6FEB26.none.20.100ms", "data": {"timestamp": 1769566305052, "change_id": 137149330308, "instrument_name": "BTC-6FEB26", "bids": [[89370.0, 840.0], [89367.5, 3000.0], [89365.0, 450.0], [89362.5, 10.0], [89360.0, 1500.0], [89357.5, 40.0], [89297.5, 13860.0], [89295.0, 46420.0], [89267.5, 330.0], [89265.0, 4850.0], [89262.5, 16240.0], [89207.5, 640.0], [89205.0, 2160.0], [89202.5, 300.0], [89200.0, 1000.0], [89192.5, 1500.0], [89190.0, 5020.0], [89172.5, 8640.0], [89165.0, 10.0], [89147.5, 40.0]], "asks": [[89377.5, 3510.0], [89380.0, 6130.0], [89382.5, 5470.0], [89385.0, 22200.0], [89387.5, 50000.0], [89390.0, 44400.0], [89395.0, 42900.0], [89400.0, 10.0], [89415.0, 300.0], [89417.5, 1000.0], [89427.5, 4900.0], [89430.0, 17930.0], [89435.0, 5040.0], [89445.0, 300.0], [89447.5, 1000.0], [89475.0, 300.0], [89477.5, 1000.0], [89497.5, 600.0], [89500.0, 2000.0], [89502.5, 40.0]]}}}
{"jsonrpc": "2.0", "method": "subscription", "params": {"channel": "book.BTC-6FEB26.none.20.100ms", "data": {"timestamp": 1769566305481, "change_id": 137149330834, "instrument_name": "BTC-6FEB26", "bids": [[89372.5, 1950.0], [89370.0, 2340.0], [89367.5, 3010.0], [89365.0, 450.0], [89360.0, 1500.0], [89357.5, 40.0], [89297.5, 13860.0], [89295.0, 46420.0], [89267.5, 330.0], [89265.0, 4850.0], [89262.5, 16240.0], [89207.5, 640.0], [89205.0, 2160.0], [89202.5, 300.0], [89200.0, 1000.0], [89192.5, 1500.0], [89190.0, 5020.0], [89172.5, 8640.0], [89165.0, 10.0], [89147.5, 40.0]], "asks": [[89377.5, 3500.0], [89380.0, 6140.0], [89382.5, 5470.0], [89385.0, 22200.0], [89387.5, 50000.0], [89390.0, 44400.0], [89395.0, 42900.0], [89400.0, 10.0], [89415.0, 300.0], [89417.5, 1000.0], [89427.5, 4900.0], [89430.0, 17930.0], [89435.0, 5040.0], [89445.0, 300.0], [89447.5, 1000.0], [89475.0, 300.0], [89477.5, 1000.0], [89497.5, 600.0], [89500.0, 2000.0], [89502.5, 40.0]]}}}
{"jsonrpc": "2.0", "method": "subscription", "params": {"channel": "book.BTC-6FEB26.none.20.100ms", "data": {"timestamp": 1769566306225, "change_id": 137149331517, "instrument_name": "BTC-6FEB26", "bids": [[89375.0, 2400.0], [89372.5, 3000.0], [89370.0, 1950.0], [89367.5, 1510.0], [89365.0, 450.0], [89360.0, 1500.0], [89357.5, 40.0], [89297.5, 13860.0], [89295.0, 46420.0], [89267.5, 330.0], [89265.0, 4850.0], [89262.5, 16240.0], [89207.5, 640.0], [89205.0, 2160.0], [89202.5, 300.0], [89200.0, 1000.0], [89192.5, 1500.0], [89190.0, 5020.0], [89172.5, 8640.0], [89165.0, 10.0]], "asks": [[89380.0, 4630.0], [89382.5, 10.0], [89385.0, 24200.0], [89387.5, 50000.0], [89390.0, 42900.0], [89395.0, 42900.0], [89400.0, 10.0], [89415.0, 300.0], [89417.5, 1000.0], [89427.5, 4900.0], [89430.0, 17930.0], [89435.0, 5040.0], [89445.0, 300.0], [89447.5, 1000.0], [89475.0, 300.0], [89477.5, 1000.0], [89497.5, 600.0], [89500.0, 2000.0], [89502.5, 40.0], [89505.0, 13980.0]]}}}
{"jsonrpc": "2.0", "method": "subscription", "params": {"channel": "book.BTC-6FEB26.none.20.100ms", "data": {"timestamp": 1769566306562, "change_id": 137149332364, "instrument_name": "BTC-6FEB26", "bids": [[89377.5, 3000.0], [89375.0, 1950.0], [89372.5, 1500.0], [89370.0, 460.0], [89367.5, 1540.0], [89365.0, 450.0], [89360.0, 1500.0], [89297.5, 13860.0], [89295.0, 46420.0], [89270.0, 330.0], [89265.0, 4850.0], [89262.5, 16240.0], [89207.5, 640.0], [89205.0, 2160.0], [89202.5, 300.0], [89200.0, 1000.0], [89192.5, 5020.0], [89172.5, 8640.0], [89165.0, 10.0], [89147.5, 40.0]], "asks": [[89380.0, 4630.0], [89385.0, 2010.0], [89397.5, 450.0], [89400.0, 1510.0], [89415.0, 300.0], [89417.5, 1000.0], [89422.5, 20000.0], [89425.0, 14600.0], [89427.5, 50000.0], [89430.0, 17930.0], [89435.0, 5040.0], [89445.0, 300.0], [89447.5, 1000.0], [89475.0, 300.0], [89477.5, 1000.0], [89495.0, 10.0], [89497.5, 600.0], [89500.0, 2000.0], [89502.5, 40.0], [89505.0, 13980.0]]}}}
{"jsonrpc": "2.0", "method": "subscription", "params": {"channel": "book.BTC-6FEB26.none.20.100ms", "data": {"timestamp": 1769566306651, "change_id": 137149332412, "instrument_name": "BTC-6FEB26", "bids": [[89377.5, 3000.0], [89375.0, 1950.0], [89372.5, 1510.0], [89370.0, 450.0], [89367.5, 1540.0], [89365.0, 450.0], [89360.0, 1500.0], [89297.5, 13860.0], [89295.0, 46420.0], [89267.5, 330.0], [89265.0, 4850.0], [89262.5, 16240.0], [89207.5, 640.0], [89205.0, 2160.0], [89202.5, 300.0], [89200.0, 1000.0], [89192.5, 5020.0], [89172.5, 8640.0], [89165.0, 10.0], [89147.5, 40.0]], "asks": [[89380.0, 4630.0], [89385.0, 10.0], [89397.5, 450.0], [89400.0, 1510.0], [89415.0, 300.0], [89417.5, 1000.0], [89422.5, 20000.0], [89425.0, 14600.0], [89427.5, 50000.0], [89430.0, 17930.0], [89435.0, 5040.0], [89445.0, 300.0], [89447.5, 1000.0], [89475.0, 300.0], [89477.5, 1000.0], [89495.0, 10.0], [89497.5, 600.0], [89500.0, 2000.0], [89502.5, 40.0], [89505.0, 13980.0]]}}}
{"jsonrpc": "2.0", "method": "subscription", "params": {"channel": "book.BTC-6FEB26.none.20.100ms", "data": {"timestamp": 1769566307520, "change_id": 137149333343, "instrument_name": "BTC-6FEB26", "bids": [[89377.5, 3000.0], [89375.0, 2340.0], [89372.5, 1500.0], [89370.0, 1960.0], [89367.5, 1540.0], [89297.5, 13860.0], [89295.0, 46420.0], [89267.5, 330.0], [89265.0, 4850.0], [89262.5, 16240.0], [89207.5, 640.0], [89205.0, 2160.0], [89202.5, 300.0], [89200.0, 1000.0], [89195.0, 1500.0], [89192.5, 5020.0], [89172.5, 8640.0], [89165.0, 10.0], [89147.5, 40.0], [89127.5, 3750.0]], "asks": [[89380.0, 4630.0], [89385.0, 10.0], [89390.0, 2000.0], [89392.5, 73120.0], [89395.0, 44400.0], [89397.5, 43360.0], [89400.0, 1510.0], [89415.0, 300.0], [89417.5, 1000.0], [89430.0, 17930.0], [89435.0, 5040.0], [89445.0, 300.0], [89447.5, 1000.0], [89475.0, 300.0], [89477.5, 1000.0], [89495.0, 10.0], [89497.5, 600.0], [89500.0, 2000.0], [89502.5, 40.0], [89505.0, 13980.0]]}}}
{"jsonrpc": "2.0", "method": "subscription", "params": {"channel": "book.BTC-6FEB26.none.20.100ms", "data": {"timestamp": 1769566307875, "change_id": 137149333802, "instrument_name": "BTC-6FEB26", "bids": [[89377.5, 3000.0], [89375.0, 2340.0], [89372.5, 1500.0], [89370.0, 1960.0], [89367.5, 1540.0], [89302.5, 640.0], [89300.0, 2160.0], [89297.5, 13860.0], [89295.0, 46420.0], [89267.5, 330.0], [89265.0, 4850.0], [89262.5, 16240.0], [89202.5, 300.0], [89200.0, 1000.0], [89195.0, 1500.0], [89192.5, 5020.0], [89172.5, 8640.0], [89165.0, 10.0], [89147.5, 40.0], [89127.5, 3750.0]], "asks": [[89380.0, 4630.0], [89385.0, 10.0], [89392.5, 73120.0], [89395.0, 44400.0], [89397.5, 43360.0], [89400.0, 1510.0], [89415.0, 300.0], [89417.5, 1000.0], [89430.0, 17930.0], [89435.0, 5040.0], [89445.0, 300.0], [89447.5, 1000.0], [89475.0, 300.0], [89477.5, 1000.0], [89495.0, 10.0], [89497.5, 600.0], [89500.0, 2000.0], [89502.5, 40.0], [89505.0, 13980.0], [89507.5, 46830.0]]}}}
{"jsonrpc": "2.0", "method": "subscription", "params": {"channel": "book.BTC-6FEB26.none.20.100ms", "data": {"timestamp": 1769566308052, "change_id": 137149333889, "instrument_name": "BTC-6FEB26", "bids": [[89377.5, 3000.0], [89375.0, 2340.0], [89372.5, 1500.0], [89370.0, 1510.0], [89367.5, 40.0], [89302.5, 640.0], [89300.0, 2160.0], [89297.5, 13860.0], [89295.0, 46420.0], [89267.5, 330.0], [89265.0, 4850.0], [89262.5, 16240.0], [89202.5, 300.0], [89200.0, 1000.0], [89195.0, 1500.0], [89192.5, 5020.0], [89172.5, 8640.0], [89165.0, 10.0], [89147.5, 40.0], [89127.5, 3750.0]], "asks": [[89380.0, 4630.0], [89385.0, 10.0], [89390.0, 1500.0], [89392.5, 73120.0], [89395.0, 44400.0], [89397.5, 43360.0], [89400.0, 1510.0], [89415.0, 300.0], [89417.5, 1000.0], [89430.0, 17930.0], [89435.0, 5040.0], [89445.0, 300.0], [89447.5, 1000.0], [89475.0, 300.0], [89477.5, 1000.0], [89495.0, 10.0], [89497.5, 600.0], [89500.0, 2000.0], [89502.5, 40.0], [89505.0, 13980.0]]}}}
{"jsonrpc": "2.0", "method": "subscription", "params": {"channel": "book.BTC-6FEB26.none.20.100ms", "data": {"timestamp": 1769566308285, "change_id": 137149334059, "instrument_name": "BTC-6FEB26", "bids": [[89377.5, 3000.0], [89375.0, 840.0], [89372.5, 1500.0], [89370.0, 1510.0], [89367.5, 40.0], [89302.5, 640.0], [89300.0, 2160.0], [89297.5, 13860.0], [89295.0, 46420.0], [89267.5, 330.0], [89265.0, 4850.0], [89262.5, 16240.0], [89202.5, 300.0], [89200.0, 1000.0], [89195.0, 1500.0], [89192.5, 5020.0], [89172.5, 8640.0], [89165.0, 10.0], [89147.5, 40.0], [89127.5, 3750.0]], "asks": [[89380.0, 4630.0], [89385.0, 10.0], [89390.0, 1500.0], [89392.5, 73120.0], [89395.0, 44400.0], [89397.5, 43360.0], [89400.0, 1510.0], [89415.0, 300.0], [89417.5, 1000.0], [89430.0, 17930.0], [89435.0, 5040.0], [89445.0, 300.0], [89447.5, 1000.0], [89475.0, 300.0], [89477.5, 1000.0], [89495.0, 10.0], [89497.5, 600.0], [89500.0, 2000.0], [89502.5, 40.0], [89505.0, 13980.0]]}}}
{"jsonrpc": "2.0", "method": "subscription", "params": {"channel": "book.BTC-6FEB26.none.20.100ms", "data": {"timestamp": 1769566309093, "change_id": 137149335283, "instrument_name": "BTC-6FEB26", "bids": [[89377.5, 1500.0], [89375.0, 840.0], [89372.5, 1500.0], [89370.0, 1510.0], [89367.5, 40.0], [89302.5, 640.0], [89300.0, 2160.0], [89297.5, 13860.0], [89295.0, 46420.0], [89267.5, 330.0], [89265.0, 4850.0], [89262.5, 16240.0], [89202.5, 300.0], [89200.0, 1000.0], [89195.0, 1500.0], [89192.5, 5020.0], [89172.5, 8640.0], [89165.0, 10.0], [89147.5, 40.0], [89127.5, 3750.0]], "asks": [[89380.0, 4630.0], [89385.0, 10.0], [89387.5, 450.0], [89390.0, 1500.0], [89392.5, 73120.0], [89395.0, 44400.0], [89397.5, 43360.0], [89400.0, 1510.0], [89415.0, 300.0], [89417.5, 1000.0], [89427.5, 4900.0], [89430.0, 17930.0], [89435.0, 5040.0], [89445.0, 300.0], [89447.5, 1000.0], [89475.0, 300.0], [89477.5, 1000.0], [89495.0, 10.0], [89497.5, 600.0], [89500.0, 2000.0]]}}}
{"jsonrpc": "2.0", "method": "subscription", "params": {"channel": "book.BTC-6FEB26.none.20.100ms", "data": {"timestamp": 1769566309274, "change_id": 137149335418, "instrument_name": "BTC-6FEB26", "bids": [[89377.5, 1500.0], [89375.0, 840.0], [89372.5, 1500.0], [89370.0, 1510.0], [89367.5, 40.0], [89302.5, 640.0], [89300.0, 2160.0], [89297.5, 13860.0], [89295.0, 46420.0], [89267.5, 330.0], [89265.0, 4850.0], [89262.5, 16240.0], [89202.5, 300.0], [89200.0, 1000.0], [89195.0, 1500.0], [89192.5, 5020.0], [89172.5, 8640.0], [89165.0, 10.0], [89147.5, 40.0], [89127.5, 3750.0]], "asks": [[89380.0, 6130.0], [89385.0, 1510.0], [89387.5, 450.0], [89390.0, 1500.0], [89392.5, 75860.0], [89395.0, 45900.0], [89397.5, 43360.0], [89400.0, 10.0], [89415.0, 300.0], [89417.5, 1000.0], [89427.5, 4900.0], [89430.0, 17930.0], [89435.0, 5040.0], [89445.0, 300.0], [89447.5, 1000.0], [89475.0, 300.0], [89477.5, 1000.0], [89495.0, 10.0], [89497.5, 600.0], [89500.0, 2000.0]]}}}
{"jsonrpc": "2.0", "method": "subscription", "params": {"channel": "book.BTC-6FEB26.none.20.100ms", "data": {"timestamp": 1769566309859, "change_id": 137149336270, "instrument_name": "BTC-6FEB26", "bids": [[89377.5, 1500.0], [89375.0, 840.0], [89372.5, 1500.0], [89370.0, 1510.0], [89367.5, 40.0], [89302.5, 640.0], [89300.0, 2160.0], [89297.5, 13860.0], [89295.0, 46420.0], [89270.0, 330.0], [89265.0, 4850.0], [89262.5, 16240.0], [89202.5, 300.0], [89200.0, 1000.0], [89195.0, 1500.0], [89192.5, 5020.0], [89172.5, 8640.0], [89165.0, 10.0], [89147.5, 40.0], [89127.5, 3750.0]], "asks": [[89380.0, 6130.0], [89385.0, 1510.0], [89387.5, 450.0], [89390.0, 1500.0], [89392.5, 75860.0], [89395.0, 45900.0], [89397.5, 43360.0], [89400.0, 10.0], [89415.0, 300.0], [89417.5, 1000.0], [89427.5, 4900.0], [89430.0, 17930.0], [89435.0, 5040.0], [89445.0, 300.0], [89447.5, 1000.0], [89475.0, 300.0], [89477.5, 1000.0], [89495.0, 10.0], [89497.5, 600.0], [89500.0, 2000.0]]}}}
{"jsonrpc": "2.0", "method": "subscription", "params": {"channel": "book.BTC-6FEB26.none.20.100ms", "data": {"timestamp": 1769566310501, "change_id": 137149336763, "instrument_name": "BTC-6FEB26", "bids": [[89377.5, 3000.0], [89375.0, 840.0], [89372.5, 1500.0], [89370.0, 1510.0], [89367.5, 40.0], [89302.5, 640.0], [89300.0, 2160.0], [89297.5, 13860.0], [89295.0, 46420.0], [89270.0, 330.0], [89265.0, 4850.0], [89262.5, 16240.0], [89202.5, 300.0], [89200.0, 1000.0], [89195.0, 1500.0], [89192.5, 5020.0], [89172.5, 8640.0], [89165.0, 10.0], [89147.5, 40.0], [89127.5, 3750.0]], "asks": [[89380.0, 6130.0], [89382.5, 2000.0], [89385.0, 1510.0], [89387.5, 450.0], [89390.0, 1500.0], [89392.5, 75860.0], [89395.0, 45900.0], [89397.5, 43360.0], [89400.0, 10.0], [89415.0, 300.0], [89417.5, 1000.0], [89427.5, 4900.0], [89430.0, 17930.0], [89435.0, 5040.0], [89445.0, 300.0], [89447.5, 1000.0], [89475.0, 300.0], [89477.5, 1000.0], [89495.0, 10.0], [89497.5, 600.0]]}}}
{"jsonrpc": "2.0", "method": "subscription", "params": {"channel": "book.BTC-6FEB26.none.20.100ms", "data": {"timestamp": 1769566310752, "change_id": 137149337232, "instrument_name": "BTC-6FEB26", "bids": [[89375.0, 450.0], [89370.0, 1500.0], [89367.5, 10.0], [89355.0, 40.0], [89302.5, 640.0], [89300.0, 2160.0], [89297.5, 13860.0], [89295.0, 46420.0], [89270.0, 330.0], [89265.0, 4850.0], [89262.5, 16240.0], [89202.5, 300.0], [89200.0, 1000.0], [89195.0, 1500.0], [89192.5, 5020.0], [89172.5, 8640.0], [89165.0, 10.0], [89147.5, 40.0], [89127.5, 3750.0], [89115.0, 500.0]], "asks": [[89380.0, 6130.0], [89382.5, 460.0], [89385.0, 1500.0], [89387.5, 450.0], [89390.0, 1500.0], [89392.5, 75860.0], [89395.0, 45900.0], [89397.5, 43360.0], [89400.0, 10.0], [89415.0, 300.0], [89417.5, 1000.0], [89427.5, 4900.0], [89430.0, 17930.0], [89435.0, 5040.0], [89445.0, 300.0], [89447.5, 1000.0], [89475.0, 300.0], [89477.5, 1000.0], [89495.0, 10.0], [89497.5, 600.0]]}}}
{"jsonrpc": "2.0", "method": "subscription", "params": {"channel": "book.BTC-6FEB26.none.20.100ms", "data": {"timestamp": 1769566310993, "change_id": 137149337443, "instrument_name": "BTC-6FEB26", "bids": [[89375.0, 450.0], [89370.0, 1500.0], [89367.5, 10.0], [89355.0, 40.0], [89302.5, 640.0], [89300.0, 2160.0], [89297.5, 13860.0], [89295.0, 46420.0], [89270.0, 330.0], [89265.0, 4850.0], [89262.5, 16240.0], [89202.5, 300.0], [89200.0, 1000.0], [89195.0, 1500.0], [89192.5, 5020.0], [89172.5, 8640.0], [89165.0, 10.0], [89147.5, 40.0], [89127.5, 3750.0], [89115.0, 500.0]], "asks": [[89380.0, 6130.0], [89382.5, 460.0], [89385.0, 2400.0], [89387.5, 1500.0], [89390.0, 1500.0], [89392.5, 75860.0], [89395.0, 44400.0], [89397.5, 43360.0], [89400.0, 10.0], [89415.0, 300.0], [89417.5, 1000.0], [89427.5, 4900.0], [89430.0, 17930.0], [89435.0, 5040.0], [89445.0, 300.0], [89447.5, 1000.0], [89475.0, 300.0], [89477.5, 1000.0], [89495.0, 10.0], [89497.5, 600.0]]}}}
{"jsonrpc": "2.0", "method": "subscription", "params": {"channel": "book.BTC-6FEB26.none.20.100ms", "data": {"timestamp": 1769566311399, "change_id": 137149337927, "instrument_name": "BTC-6FEB26", "bids": [[89370.0, 900.0], [89367.5, 1500.0], [89365.0, 1960.0], [89362.5, 1500.0], [89355.0, 40.0], [89302.5, 640.0], [89300.0, 2160.0], [89297.5, 13860.0], [89295.0, 46420.0], [89270.0, 330.0], [89265.0, 4850.0], [89262.5, 16240.0], [89202.5, 300.0], [89200.0, 1000.0], [89195.0, 1500.0], [89192.5, 5020.0], [89172.5, 8640.0], [89165.0, 10.0], [89147.5, 40.0], [89127.5, 3750.0]], "asks": [[89377.5, 1500.0], [89380.0, 6140.0], [89382.5, 450.0], [89385.0, 2400.0], [89387.5, 1500.0], [89390.0, 1500.0], [89392.5, 75860.0], [89395.0, 44400.0], [89397.5, 43360.0], [89400.0, 10.0], [89415.0, 300.0], [89417.5, 1000.0], [89427.5, 4900.0], [89430.0, 17930.0], [89435.0, 5040.0], [89445.0, 300.0], [89447.5, 1000.0], [89475.0, 300.0], [89477.5, 1000.0], [89495.0, 10.0]]}}}
{"jsonrpc": "2.0", "method": "subscription", "params": {"channel": "book.BTC-6FEB26.none.20.100ms", "data": {"timestamp": 1769566312136, "change_id": 137149338561, "instrument_name": "BTC-6FEB26", "bids": [[89370.0, 450.0], [89365.0, 1960.0], [89362.5, 1500.0], [89355.0, 40.0], [89302.5, 640.0], [89300.0, 2160.0], [89297.5, 13860.0], [89295.0, 46420.0], [89270.0, 330.0], [89265.0, 4850.0], [89262.5, 16240.0], [89202.5, 300.0], [89200.0, 1000.0], [89195.0, 1500.0], [89192.5, 5020.0], [89172.5, 8640.0], [89165.0, 10.0], [89147.5, 40.0], [89127.5, 3750.0], [89115.0, 500.0]], "asks": [[89377.5, 3340.0], [89380.0, 6130.0], [89382.5, 450.0], [89385.0, 2400.0], [89387.5, 1500.0], [89390.0, 1500.0], [89392.5, 75860.0], [89395.0, 44400.0], [89397.5, 43360.0], [89400.0, 10.0], [89415.0, 300.0], [89417.5, 1000.0], [89427.5, 4900.0], [89430.0, 17930.0], [89435.0, 5040.0], [89445.0, 300.0], [89447.5, 1000.0], [89475.0, 300.0], [89477.5, 1000.0], [89495.0, 10.0]]}}}
{"jsonrpc": "2.0", "method": "subscription", "params": {"channel": "book.BTC-6FEB26.none.20.100ms", "data": {"timestamp": 1769566312505, "change_id": 137149339153, "instrument_name": "BTC-6FEB26", "bids": [[89370.0, 450.0], [89365.0, 1950.0], [89362.5, 1510.0], [89360.0, 460.0], [89357.5, 1500.0], [89355.0, 40.0], [89302.5, 640.0], [89300.0, 2160.0], [89297.5, 13860.0], [89295.0, 46420.0], [89270.0, 330.0], [89265.0, 4850.0], [89262.5, 16240.0], [89202.5, 300.0], [89200.0, 1000.0], [89195.0, 1500.0], [89192.5, 5020.0], [89172.5, 8640.0], [89165.0, 10.0], [89147.5, 40.0]], "asks": [[89375.0, 3500.0], [89377.5, 3340.0], [89380.0, 6580.0], [89382.5, 1500.0], [89385.0, 450.0], [89390.0, 1500.0], [89392.5, 75860.0], [89395.0, 44400.0], [89397.5, 43360.0], [89400.0, 10.0], [89415.0, 300.0], [89417.5, 1000.0], [89427.5, 4900.0], [89430.0, 17930.0], [89435.0, 5040.0], [89445.0, 300.0], [89447.5, 1000.0], [89475.0, 300.0], [89477.5, 1000.0], [89495.0, 10.0]]}}}
{"jsonrpc": "2.0", "method": "subscription", "params": {"channel": "book.BTC-6FEB26.none.20.100ms", "data": {"timestamp": 1769566312844, "change_id": 137149339971, "instrument_name": "BTC-6FEB26", "bids": [[89360.0, 10.0], [89342.5, 40.0], [89302.5, 640.0], [89300.0, 2160.0], [89297.5, 13860.0], [89295.0, 46420.0], [89265.0, 4850.0], [89262.5, 16240.0], [89202.5, 300.0], [89200.0, 1000.0], [89175.0, 2580.0], [89172.5, 8640.0], [89165.0, 10.0], [89147.5, 40.0], [89127.5, 3750.0], [89115.0, 500.0], [89095.0, 34730.0], [89087.5, 50000.0], [89075.0, 15080.0], [89065.0, 1790.0]], "asks": [[89367.5, 1950.0], [89370.0, 2400.0], [89372.5, 1510.0], [89375.0, 1500.0], [89377.5, 3330.0], [89380.0, 6580.0], [89382.5, 1500.0], [89385.0, 6370.0], [89390.0, 21520.0], [89392.5, 60780.0], [89395.0, 48210.0], [89397.5, 42910.0], [89415.0, 300.0], [89417.5, 1000.0], [89427.5, 4900.0], [89430.0, 17930.0], [89435.0, 5040.0], [89445.0, 300.0], [89447.5, 1000.0], [89475.0, 300.0]]}}}
{"jsonrpc": "2.0", "method": "subscription", "params": {"channel": "book.BTC-6FEB26.none.20.100ms", "data": {"timestamp": 1769566313179, "change_id": 137149340402, "instrument_name": "BTC-6FEB26", "bids": [[89355.0, 900.0], [89352.5, 3000.0], [89350.0, 2410.0], [89347.5, 1500.0], [89345.0, 1500.0], [89342.5, 40.0], [89302.5, 640.0], [89300.0, 2160.0], [89297.5, 13860.0], [89295.0, 46420.0], [89267.5, 330.0], [89265.0, 4850.0], [89262.5, 16240.0], [89202.5, 300.0], [89200.0, 1000.0], [89182.5, 1500.0], [89180.0, 5020.0], [89175.0, 2580.0], [89172.5, 8640.0], [89165.0, 10.0]], "asks": [[89365.0, 2410.0], [89367.5, 1500.0], [89370.0, 2400.0], [89372.5, 1500.0], [89375.0, 3000.0], [89377.5, 7510.0], [89380.0, 26130.0], [89385.0, 450.0], [89387.5, 50000.0], [89390.0, 1520.0], [89415.0, 300.0], [89417.5, 1000.0], [89427.5, 4900.0], [89430.0, 17930.0], [89435.0, 5040.0], [89445.0, 300.0], [89447.5, 1000.0], [89475.0, 300.0], [89477.5, 1000.0], [89495.0, 10.0]]}}}
{"jsonrpc": "2.0", "method": "subscription", "params": {"channel": "book.BTC-6FEB26.none.20.100ms", "data": {"timestamp": 1769566313491, "change_id": 137149341203, "instrument_name": "BTC-6FEB26", "bids": [[89355.0, 900.0], [89352.5, 3010.0], [89350.0, 2400.0], [89347.5, 1500.0], [89345.0, 1500.0], [89342.5, 40.0], [89302.5, 640.0], [89300.0, 2160.0], [89297.5, 13860.0], [89295.0, 46420.0], [89267.5, 330.0], [89265.0, 4850.0], [89262.5, 16240.0], [89202.5, 300.0], [89200.0, 1000.0], [89182.5, 1500.0], [89180.0, 5020.0], [89175.0, 2580.0], [89172.5, 8640.0], [89165.0, 10.0]], "asks": [[89362.5, 450.0], [89365.0, 2400.0], [89367.5, 1510.0], [89370.0, 2400.0], [89372.5, 1500.0], [89375.0, 3000.0], [89377.5, 7510.0], [89380.0, 24630.0], [89385.0, 5320.0], [89387.5, 50000.0], [89390.0, 1520.0], [89415.0, 300.0], [89417.5, 1000.0], [89427.5, 4900.0], [89430.0, 17930.0], [89435.0, 5040.0], [89445.0, 300.0], [89447.5, 1000.0], [89475.0, 300.0], [89477.5, 1000.0]]}}}
{"jsonrpc": "2.0", "method": "subscription", "params": {"channel": "book.BTC-6FEB26.none.20.100ms", "data": {"timestamp": 1769566313781, "change_id": 137149341698, "instrument_name": "BTC-6FEB26", "bids": [[89355.0, 900.0], [89352.5, 3010.0], [89350.0, 2400.0], [89347.5, 1500.0], [89345.0, 1500.0], [89342.5, 40.0], [89302.5, 640.0], [89300.0, 2160.0], [89297.5, 13860.0], [89295.0, 46420.0], [89267.5, 330.0], [89265.0, 4850.0], [89262.5, 16240.0], [89202.5, 300.0], [89200.0, 1000.0], [89182.5, 1500.0], [89180.0, 5020.0], [89175.0, 2580.0], [89172.5, 8640.0], [89165.0, 10.0]], "asks": [[89362.5, 450.0], [89365.0, 2400.0], [89367.5, 1510.0], [89370.0, 3900.0], [89372.5, 1500.0], [89375.0, 1500.0], [89377.5, 7510.0], [89380.0, 24630.0], [89385.0, 5320.0], [89387.5, 50000.0], [89390.0, 1520.0], [89415.0, 300.0], [89417.5, 1000.0], [89427.5, 4900.0], [89430.0, 17930.0], [89435.0, 5040.0], [89445.0, 300.0], [89447.5, 1000.0], [89475.0, 300.0], [89477.5, 1000.0]]}}}
{"jsonrpc": "2.0", "method": "subscription", "params": {"channel": "book.BTC-6FEB26.none.20.100ms", "data": {"timestamp": 1769566314094, "change_id": 137149341821, "instrument_name": "BTC-6FEB26", "bids": [[89355.0, 900.0], [89352.5, 3010.0], [89350.0, 2400.0], [89347.5, 1500.0], [89345.0, 1500.0], [89342.5, 40.0], [89302.5, 640.0], [89300.0, 2160.0], [89297.5, 13860.0], [89295.0, 46420.0], [89267.5, 330.0], [89265.0, 4850.0], [89262.5, 16240.0], [89202.5, 300.0], [89200.0, 1000.0], [89182.5, 1500.0], [89180.0, 5020.0], [89175.0, 2580.0], [89172.5, 8640.0], [89165.0, 10.0]], "asks": [[89362.5, 450.0], [89365.0, 2400.0], [89367.5, 1510.0], [89370.0, 4880.0], [89372.5, 1500.0], [89375.0, 5190.0], [89377.5, 50410.0], [89380.0, 24630.0], [89385.0, 5320.0], [89387.5, 50000.0], [89390.0, 1520.0], [89415.0, 300.0], [89417.5, 1000.0], [89427.5, 4900.0], [89430.0, 17930.0], [89435.0, 5040.0], [89445.0, 300.0], [89447.5, 1000.0], [89475.0, 300.0], [89477.5, 1000.0]]}}}
{"jsonrpc": "2.0", "method": "subscription", "params": {"channel": "book.BTC-6FEB26.none.20.100ms", "data": {"timestamp": 1769566314503, "change_id": 137149342392, "instrument_name": "BTC-6FEB26", "bids": [[89357.5, 450.0], [89355.0, 2400.0], [89352.5, 3010.0], [89350.0, 450.0], [89345.0, 1500.0], [89342.5, 40.0], [89302.5, 640.0], [89300.0, 2160.0], [89297.5, 13860.0], [89295.0, 46420.0], [89267.5, 330.0], [89265.0, 4850.0], [89262.5, 16240.0], [89202.5, 300.0], [89200.0, 1000.0], [89182.5, 1500.0], [89180.0, 5020.0], [89175.0, 2580.0], [89172.5, 8640.0], [89165.0, 10.0]], "asks": [[89362.5, 3950.0], [89365.0, 1500.0], [89367.5, 1510.0], [89370.0, 2400.0], [89372.5, 1500.0], [89375.0, 1500.0], [89377.5, 120410.0], [89380.0, 4630.0], [89390.0, 20.0], [89415.0, 300.0], [89417.5, 1000.0], [89427.5, 4900.0], [89430.0, 17930.0], [89435.0, 5040.0], [89445.0, 300.0], [89447.5, 1000.0], [89475.0, 300.0], [89477.5, 1000.0], [89495.0, 10.0], [89497.5, 600.0]]}}}
{"jsonrpc": "2.0", "method": "subscription", "params": {"channel": "book.BTC-6FEB26.none.20.100ms", "data": {"timestamp": 1769566314759, "change_id": 137149342822, "instrument_name": "BTC-6FEB26", "bids": [[89357.5, 450.0], [89355.0, 2400.0], [89352.5, 3000.0], [89350.0, 460.0], [89345.0, 1500.0], [89342.5, 40.0], [89302.5, 640.0], [89300.0, 2160.0], [89297.5, 13860.0], [89295.0, 46420.0], [89267.5, 330.0], [89265.0, 4850.0], [89262.5, 16240.0], [89202.5, 300.0], [89200.0, 1000.0], [89182.5, 1500.0], [89180.0, 5020.0], [89175.0, 2580.0], [89172.5, 8640.0], [89165.0, 10.0]], "asks": [[89362.5, 3950.0], [89365.0, 1510.0], [89367.5, 1500.0], [89370.0, 2400.0], [89372.5, 1500.0], [89375.0, 6290.0], [89377.5, 21500.0], [89380.0, 4630.0], [89390.0, 9600.0], [89392.5, 50000.0], [89415.0, 300.0], [89417.5, 1000.0], [89427.5, 4900.0], [89430.0, 17930.0], [89435.0, 5040.0], [89445.0, 300.0], [89447.5, 1000.0], [89475.0, 300.0], [89477.5, 1000.0], [89495.0, 10.0]]}}}
{"jsonrpc": "2.0", "method": "subscription", "params": {"channel": "book.BTC-6FEB26.none.20.100ms", "data": {"timestamp": 1769566315159, "change_id": 137149342919, "instrument_name": "BTC-6FEB26", "bids": [[89357.5, 450.0], [89355.0, 2400.0], [89352.5, 3000.0], [89350.0, 460.0], [89345.0, 1500.0], [89342.5, 40.0], [89297.5, 13860.0], [89295.0, 46420.0], [89267.5, 330.0], [89265.0, 4850.0], [89262.5, 16240.0], [89202.5, 300.0], [89200.0, 1000.0], [89187.5, 640.0], [89185.0, 2160.0], [89182.5, 1500.0], [89180.0, 5020.0], [89175.0, 2580.0], [89172.5, 8640.0], [89165.0, 10.0]], "asks": [[89362.5, 3950.0], [89365.0, 1510.0], [89367.5, 1500.0], [89370.0, 4870.0], [89372.5, 1500.0], [89375.0, 14980.0], [89377.5, 64400.0], [89380.0, 4630.0], [89385.0, 7000.0], [89387.5, 50000.0], [89390.0, 20.0], [89415.0, 300.0], [89417.5, 1000.0], [89427.5, 4900.0], [89430.0, 17930.0], [89435.0, 5040.0], [89445.0, 300.0], [89447.5, 1000.0], [89475.0, 300.0], [89477.5, 1000.0]]}}}
{"jsonrpc": "2.0", "method": "subscription", "params": {"channel": "book.BTC-6FEB26.none.20.100ms", "data": {"timestamp": 1769566315509, "change_id": 137149343682, "instrument_name": "BTC-6FEB26", "bids": [[89355.0, 450.0], [89352.5, 1500.0], [89350.0, 840.0], [89347.5, 10.0], [89345.0, 3000.0], [89342.5, 40.0], [89297.5, 13860.0], [89295.0, 46420.0], [89267.5, 330.0], [89265.0, 4850.0], [89262.5, 16240.0], [89202.5, 300.0], [89200.0, 1000.0], [89187.5, 640.0], [89185.0, 2160.0], [89182.5, 1500.0], [89180.0, 5020.0], [89175.0, 2580.0], [89172.5, 8640.0], [89165.0, 10.0]], "asks": [[89360.0, 2550.0], [89362.5, 3510.0], [89365.0, 900.0], [89367.5, 1500.0], [89370.0, 4870.0], [89372.5, 1500.0], [89375.0, 14980.0], [89377.5, 114400.0], [89380.0, 4650.0], [89415.0, 300.0], [89417.5, 1000.0], [89427.5, 4900.0], [89430.0, 17930.0], [89435.0, 5040.0], [89445.0, 300.0], [89447.5, 1000.0], [89475.0, 300.0], [89477.5, 1000.0], [89495.0, 10.0], [89497.5, 600.0]]}}}
{"jsonrpc": "2.0", "method": "subscription", "params": {"channel": "book.BTC-6FEB26.none.20.100ms", "data": {"timestamp": 1769566315799, "change_id": 137149344170, "instrument_name": "BTC-6FEB26", "bids": [[89350.0, 840.0], [89345.0, 3010.0], [89342.5, 40.0], [89297.5, 13860.0], [89295.0, 46420.0], [89267.5, 330.0], [89265.0, 4850.0], [89262.5, 16240.0], [89202.5, 300.0], [89200.0, 1000.0], [89187.5, 640.0], [89185.0, 2160.0], [89182.5, 1500.0], [89180.0, 5020.0], [89175.0, 2580.0], [89172.5, 8640.0], [89165.0, 10.0], [89147.5, 40.0], [89127.5, 3750.0], [89115.0, 500.0]], "asks": [[89357.5, 3950.0], [89360.0, 2350.0], [89362.5, 1500.0], [89365.0, 1950.0], [89367.5, 1500.0], [89370.0, 6670.0], [89372.5, 1500.0], [89375.0, 34980.0], [89377.5, 94400.0], [89380.0, 4650.0], [89415.0, 300.0], [89417.5, 1000.0], [89427.5, 4900.0], [89430.0, 17930.0], [89435.0, 5040.0], [89445.0, 300.0], [89447.5, 1000.0], [89475.0, 300.0], [89477.5, 1000.0], [89495.0, 10.0]]}}}
{"jsonrpc": "2.0", "method": "subscription", "params": {"channel": "book.BTC-6FEB26.none.20.100ms", "data": {"timestamp": 1769566316167, "change_id": 137149345233, "instrument_name": "BTC-6FEB26", "bids": [[89345.0, 900.0], [89342.5, 1500.0], [89340.0, 2410.0], [89337.5, 1500.0], [89335.0, 1960.0], [89332.5, 1500.0], [89330.0, 40.0], [89297.5, 13860.0], [89295.0, 46420.0], [89267.5, 330.0], [89265.0, 4850.0], [89262.5, 16240.0], [89202.5, 300.0], [89200.0, 1000.0], [89187.5, 640.0], [89185.0, 2160.0], [89182.5, 1500.0], [89180.0, 5020.0], [89175.0, 2580.0], [89172.5, 8640.0]], "asks": [[89352.5, 1950.0], [89355.0, 1960.0], [89357.5, 1500.0], [89360.0, 840.0], [89362.5, 1500.0], [89365.0, 7870.0], [89367.5, 21500.0], [89370.0, 20.0], [89372.5, 54540.0], [89375.0, 14980.0], [89377.5, 42900.0], [89380.0, 4630.0], [89385.0, 1000.0], [89412.5, 300.0], [89415.0, 1000.0], [89427.5, 4900.0], [89430.0, 17930.0], [89435.0, 5040.0], [89442.5, 300.0], [89445.0, 1000.0]]}}}
{"jsonrpc": "2.0", "method": "subscription", "params": {"channel": "book.BTC-6FEB26.none.20.100ms", "data": {"timestamp": 1769566316340, "change_id": 137149346025, "instrument_name": "BTC-6FEB26", "bids": [[89345.0, 900.0], [89342.5, 1500.0], [89340.0, 2410.0], [89337.5, 1500.0], [89335.0, 3460.0], [89332.5, 1500.0], [89330.0, 40.0], [89297.5, 13860.0], [89295.0, 46420.0], [89265.0, 4850.0], [89262.5, 16240.0], [89205.0, 330.0], [89202.5, 300.0], [89200.0, 1000.0], [89187.5, 640.0], [89185.0, 2160.0], [89175.0, 2580.0], [89172.5, 8640.0], [89167.5, 5020.0], [89165.0, 10.0]], "asks": [[89352.5, 1950.0], [89355.0, 2350.0], [89357.5, 3000.0], [89360.0, 450.0], [89362.5, 1500.0], [89365.0, 6370.0], [89367.5, 21500.0], [89370.0, 20.0], [89372.5, 54540.0], [89375.0, 14980.0], [89377.5, 42900.0], [89380.0, 4630.0], [89385.0, 1000.0], [89412.5, 300.0], [89415.0, 1000.0], [89427.5, 4900.0], [89430.0, 17930.0], [89435.0, 5040.0], [89442.5, 300.0], [89445.0, 1000.0]]}}}
{"jsonrpc": "2.0", "method": "subscription", "params": {"channel": "book.BTC-6FEB26.none.20.100ms", "data": {"timestamp": 1769566316747, "change_id": 137149347084, "instrument_name": "BTC-6FEB26", "bids": [[89345.0, 900.0], [89342.5, 1500.0], [89340.0, 2410.0], [89337.5, 1500.0], [89335.0, 3460.0], [89332.5, 1500.0], [89330.0, 40.0], [89297.5, 13860.0], [89295.0, 46420.0], [89265.0, 4850.0], [89262.5, 16240.0], [89205.0, 330.0], [89202.5, 300.0], [89200.0, 1000.0], [89170.0, 1500.0], [89167.5, 5020.0], [89165.0, 10.0], [89147.5, 40.0], [89127.5, 3750.0], [89115.0, 500.0]], "asks": [[89352.5, 1950.0], [89355.0, 2350.0], [89357.5, 3000.0], [89360.0, 450.0], [89362.5, 1500.0], [89365.0, 6370.0], [89367.5, 21500.0], [89370.0, 20.0], [89372.5, 54540.0], [89375.0, 10190.0], [89380.0, 4630.0], [89382.5, 300.0], [89385.0, 1000.0], [89412.5, 300.0], [89415.0, 1000.0], [89427.5, 4900.0], [89430.0, 17930.0], [89435.0, 5040.0], [89442.5, 300.0], [89445.0, 1000.0]]}}}
{"jsonrpc": "2.0", "method": "subscription", "params": {"channel": "book.BTC-6FEB26.none.20.100ms", "data": {"timestamp": 1769566317362, "change_id": 137149347615, "instrument_name": "BTC-6FEB26", "bids": [[89347.5, 1950.0], [89345.0, 1950.0], [89342.5, 1510.0], [89340.0, 900.0], [89337.5, 1500.0], [89335.0, 1960.0], [89332.5, 1500.0], [89330.0, 40.0], [89297.5, 13860.0], [89295.0, 46420.0], [89265.0, 4850.0], [89262.5, 16240.0], [89205.0, 330.0], [89202.5, 300.0], [89200.0, 1000.0], [89170.0, 1500.0], [89167.5, 5020.0], [89165.0, 10.0], [89147.5, 40.0], [89127.5, 3750.0]], "asks": [[89352.5, 1950.0], [89355.0, 1500.0], [89357.5, 3010.0], [89360.0, 450.0], [89362.5, 1500.0], [89365.0, 6370.0], [89367.5, 21500.0], [89370.0, 20.0], [89372.5, 4540.0], [89375.0, 8690.0], [89377.5, 50000.0], [89380.0, 4630.0], [89382.5, 300.0], [89385.0, 1000.0], [89412.5, 300.0], [89415.0, 1000.0], [89427.5, 4900.0], [89430.0, 17930.0], [89435.0, 5040.0], [89442.5, 300.0]]}}}
{"jsonrpc": "2.0", "method": "subscription", "params": {"channel": "book.BTC-6FEB26.none.20.100ms", "data": {"timestamp": 1769566317643, "change_id": 137149347910, "instrument_name": "BTC-6FEB26", "bids": [[89347.5, 450.0], [89345.0, 1950.0], [89342.5, 1510.0], [89340.0, 900.0], [89337.5, 1500.0], [89335.0, 1960.0], [89332.5, 1500.0], [89330.0, 40.0], [89297.5, 13860.0], [89295.0, 46420.0], [89265.0, 4850.0], [89262.5, 16240.0], [89205.0, 330.0], [89202.5, 300.0], [89200.0, 1000.0], [89170.0, 1500.0], [89167.5, 5020.0], [89165.0, 10.0], [89147.5, 40.0], [89127.5, 3750.0]], "asks": [[89352.5, 1950.0], [89355.0, 1510.0], [89357.5, 5000.0], [89360.0, 450.0], [89362.5, 1500.0], [89365.0, 6370.0], [89367.5, 21500.0], [89370.0, 42910.0], [89372.5, 54540.0], [89375.0, 8690.0], [89380.0, 4630.0], [89382.5, 300.0], [89385.0, 1000.0], [89412.5, 300.0], [89415.0, 1000.0], [89427.5, 4900.0], [89430.0, 17930.0], [89435.0, 5040.0], [89442.5, 300.0], [89445.0, 1000.0]]}}}
{"jsonrpc": "2.0", "method": "subscription", "params": {"channel": "book.BTC-6FEB26.none.20.100ms", "data": {"timestamp": 1769566318813, "change_id": 137149349155, "instrument_name": "BTC-6FEB26", "bids": [[89347.5, 450.0], [89345.0, 1950.0], [89342.5, 1510.0], [89340.0, 900.0], [89337.5, 1500.0], [89335.0, 1960.0], [89332.5, 1500.0], [89330.0, 40.0], [89297.5, 13860.0], [89295.0, 46420.0], [89265.0, 4850.0], [89262.5, 16240.0], [89205.0, 330.0], [89202.5, 300.0], [89200.0, 1000.0], [89170.0, 1500.0], [89167.5, 5020.0], [89165.0, 10.0], [89147.5, 40.0], [89127.5, 3750.0]], "asks": [[89352.5, 3950.0], [89355.0, 1510.0], [89357.5, 3000.0], [89360.0, 450.0], [89362.5, 1500.0], [89365.0, 6370.0], [89367.5, 21500.0], [89370.0, 42910.0], [89372.5, 54540.0], [89375.0, 8690.0], [89380.0, 4630.0], [89382.5, 300.0], [89385.0, 1000.0], [89412.5, 300.0], [89415.0, 1000.0], [89427.5, 4900.0], [89430.0, 17930.0], [89435.0, 5040.0], [89442.5, 300.0], [89445.0, 1000.0]]}}}
{"jsonrpc": "2.0", "method": "subscription", "params": {"channel": "book.BTC-6FEB26.none.20.100ms", "data": {"timestamp": 1769566318823, "change_id": 137149349167, "instrument_name": "BTC-6FEB26", "bids": [[89347.5, 450.0], [89345.0, 1950.0], [89342.5, 1500.0], [89340.0, 910.0], [89337.5, 1500.0], [89335.0, 1960.0], [89332.5, 1500.0], [89330.0, 40.0], [89297.5, 13860.0], [89295.0, 46420.0], [89265.0, 4850.0], [89262.5, 16240.0], [89205.0, 330.0], [89202.5, 300.0], [89200.0, 1000.0], [89170.0, 1500.0], [89167.5, 5020.0], [89165.0, 10.0], [89147.5, 40.0], [89127.5, 3750.0]], "asks": [[89352.5, 3950.0], [89355.0, 1510.0], [89357.5, 3000.0], [89360.0, 450.0], [89362.5, 1500.0], [89365.0, 6370.0], [89367.5, 21500.0], [89370.0, 42910.0], [89372.5, 54540.0], [89375.0, 8690.0], [89380.0, 4630.0], [89382.5, 300.0], [89385.0, 1000.0], [89412.5, 300.0], [89415.0, 1000.0], [89427.5, 4900.0], [89430.0, 17930.0], [89435.0, 5040.0], [89442.5, 300.0], [89445.0, 1000.0]]}}}
{"jsonrpc": "2.0", "method": "subscription", "params": {"channel": "book.BTC-6FEB26.none.20.100ms", "data": {"timestamp": 1769566319439, "change_id": 137149349708, "instrument_name": "BTC-6FEB26", "bids": [[89345.0, 450.0], [89342.5, 1500.0], [89340.0, 910.0], [89337.5, 1500.0], [89335.0, 1960.0], [89332.5, 1500.0], [89330.0, 40.0], [89297.5, 13860.0], [89295.0, 46420.0], [89265.0, 4850.0], [89262.5, 16240.0], [89205.0, 330.0], [89202.5, 300.0], [89200.0, 1000.0], [89170.0, 1500.0], [89167.5, 5020.0], [89165.0, 10.0], [89147.5, 40.0], [89127.5, 3750.0], [89115.0, 500.0]], "asks": [[89352.5, 3960.0], [89355.0, 2400.0], [89357.5, 3000.0], [89360.0, 450.0], [89362.5, 1500.0], [89365.0, 6370.0], [89367.5, 21500.0], [89370.0, 42910.0], [89372.5, 54540.0], [89375.0, 8690.0], [89380.0, 4630.0], [89382.5, 300.0], [89385.0, 1000.0], [89412.5, 300.0], [89415.0, 1000.0], [89427.5, 4900.0], [89430.0, 17930.0], [89435.0, 5040.0], [89442.5, 300.0], [89445.0, 1000.0]]}}}
{"jsonrpc": "2.0", "method": "subscription", "params": {"channel": "book.BTC-6FEB26.none.20.100ms", "data": {"timestamp": 1769566319751, "change_id": 137149350311, "instrument_name": "BTC-6FEB26", "bids": [[89340.0, 900.0], [89337.5, 1510.0], [89335.0, 1960.0], [89332.5, 1500.0], [89330.0, 40.0], [89297.5, 13860.0], [89295.0, 46420.0], [89255.0, 4780.0], [89252.5, 16030.0], [89205.0, 330.0], [89202.5, 300.0], [89200.0, 1000.0], [89175.0, 2580.0], [89172.5, 8640.0], [89170.0, 1500.0], [89167.5, 5020.0], [89165.0, 10.0], [89147.5, 40.0], [89127.5, 3750.0], [89115.0, 500.0]], "asks": [[89350.0, 3000.0], [89352.5, 3510.0], [89355.0, 2400.0], [89357.5, 3000.0], [89360.0, 450.0], [89362.5, 1500.0], [89365.0, 6370.0], [89367.5, 71500.0], [89370.0, 42910.0], [89372.5, 4540.0], [89375.0, 8690.0], [89380.0, 4630.0], [89382.5, 300.0], [89385.0, 1000.0], [89412.5, 300.0], [89415.0, 1000.0], [89427.5, 4900.0], [89430.0, 17930.0], [89435.0, 5040.0], [89442.5, 300.0]]}}}
{"jsonrpc": "2.0", "method": "subscription", "params": {"channel": "book.BTC-6FEB26.none.20.100ms", "data": {"timestamp": 1769566320045, "change_id": 137149350682, "instrument_name": "BTC-6FEB26", "bids": [[89340.0, 900.0], [89337.5, 1500.0], [89335.0, 1970.0], [89332.5, 1500.0], [89330.0, 40.0], [89297.5, 13860.0], [89295.0, 46420.0], [89255.0, 4780.0], [89252.5, 16030.0], [89207.5, 330.0], [89202.5, 300.0], [89200.0, 1000.0], [89175.0, 2580.0], [89172.5, 8640.0], [89165.0, 5030.0], [89147.5, 40.0], [89127.5, 3750.0], [89115.0, 500.0], [89095.0, 160.0], [89090.0, 34570.0]], "asks": [[89347.5, 2500.0], [89350.0, 4400.0], [89352.5, 3000.0], [89355.0, 1950.0], [89357.5, 1500.0], [89360.0, 450.0], [89362.5, 1500.0], [89365.0, 6370.0], [89367.5, 71500.0], [89370.0, 42910.0], [89372.5, 4540.0], [89375.0, 8690.0], [89377.5, 1380.0], [89380.0, 4630.0], [89382.5, 300.0], [89385.0, 1000.0], [89412.5, 300.0], [89415.0, 1000.0], [89427.5, 4900.0], [89430.0, 17930.0]]}}}
{"jsonrpc": "2.0", "method": "subscription", "params": {"channel": "book.BTC-6FEB26.none.20.100ms", "data": {"timestamp": 1769566320475, "change_id": 137149351274, "instrument_name": "BTC-6FEB26", "bids": [[89340.0, 900.0], [89337.5, 1500.0], [89335.0, 1970.0], [89332.5, 1500.0], [89330.0, 40.0], [89297.5, 13860.0], [89295.0, 46420.0], [89255.0, 4780.0], [89252.5, 16030.0], [89207.5, 330.0], [89202.5, 300.0], [89200.0, 1000.0], [89175.0, 2580.0], [89172.5, 8640.0], [89165.0, 5030.0], [89147.5, 40.0], [89127.5, 3750.0], [89115.0, 500.0], [89095.0, 160.0], [89090.0, 34570.0]], "asks": [[89347.5, 2500.0], [89350.0, 2400.0], [89352.5, 3000.0], [89355.0, 450.0], [89357.5, 1500.0], [89360.0, 450.0], [89362.5, 1500.0], [89365.0, 6370.0], [89367.5, 71500.0], [89370.0, 42910.0], [89377.5, 1380.0], [89380.0, 4630.0], [89382.5, 300.0], [89385.0, 1000.0], [89412.5, 300.0], [89415.0, 1000.0], [89427.5, 4900.0], [89430.0, 17930.0], [89435.0, 5040.0], [89442.5, 300.0]]}}}
{"jsonrpc": "2.0", "method": "subscription", "params": {"channel": "book.BTC-6FEB26.none.20.100ms", "data": {"timestamp": 1769566320797, "change_id": 137149351671, "instrument_name": "BTC-6FEB26", "bids": [[89340.0, 900.0], [89337.5, 1500.0], [89335.0, 1970.0], [89332.5, 1500.0], [89330.0, 40.0], [89297.5, 13860.0], [89295.0, 46420.0], [89255.0, 4780.0], [89252.5, 16030.0], [89207.5, 330.0], [89202.5, 300.0], [89200.0, 1000.0], [89187.5, 640.0], [89185.0, 2160.0], [89175.0, 2580.0], [89172.5, 8640.0], [89165.0, 5030.0], [89147.5, 40.0], [89127.5, 3750.0], [89115.0, 500.0]], "asks": [[89347.5, 1950.0], [89350.0, 2410.0], [89352.5, 3000.0], [89355.0, 450.0], [89357.5, 1500.0], [89360.0, 7610.0], [89362.5, 64390.0], [89365.0, 6370.0], [89367.5, 51500.0], [89370.0, 42910.0], [89377.5, 1380.0], [89380.0, 4630.0], [89382.5, 300.0], [89385.0, 1000.0], [89412.5, 300.0], [89415.0, 1000.0], [89427.5, 4900.0], [89430.0, 17930.0], [89435.0, 5040.0], [89442.5, 300.0]]}}}
{"jsonrpc": "2.0", "method": "subscription", "params": {"channel": "book.BTC-6FEB26.none.20.100ms", "data": {"timestamp": 1769566321362, "change_id": 137149354000, "instrument_name": "BTC-6FEB26", "bids": [[89335.0, 460.0], [89332.5, 1500.0], [89330.0, 10.0], [89317.5, 40.0], [89297.5, 13860.0], [89295.0, 46420.0], [89247.5, 15720.0], [89210.0, 330.0], [89202.5, 300.0], [89200.0, 1000.0], [89187.5, 640.0], [89185.0, 2160.0], [89175.0, 2580.0], [89172.5, 8640.0], [89165.0, 10.0], [89160.0, 5020.0], [89147.5, 40.0], [89127.5, 3750.0], [89115.0, 500.0], [89095.0, 160.0]], "asks": [[89342.5, 1960.0], [89345.0, 2400.0], [89347.5, 1500.0], [89350.0, 2400.0], [89352.5, 3000.0], [89355.0, 6030.0], [89357.5, 21500.0], [89360.0, 57630.0], [89362.5, 44390.0], [89365.0, 6370.0], [89367.5, 1500.0], [89370.0, 42890.0], [89377.5, 1380.0], [89380.0, 4630.0], [89382.5, 300.0], [89385.0, 1000.0], [89412.5, 300.0], [89415.0, 1000.0], [89427.5, 4900.0], [89430.0, 17930.0]]}}}
{"jsonrpc": "2.0", "method": "subscription", "params": {"channel": "book.BTC-6FEB26.none.20.100ms", "data": {"timestamp": 1769566321756, "change_id": 137149354793, "instrument_name": "BTC-6FEB26", "bids": [[89327.5, 450.0], [89325.0, 1500.0], [89322.5, 10.0], [89317.5, 40.0], [89297.5, 13860.0], [89295.0, 46420.0], [89245.0, 4650.0], [89242.5, 15570.0], [89212.5, 330.0], [89202.5, 300.0], [89200.0, 1000.0], [89187.5, 640.0], [89185.0, 2160.0], [89175.0, 2580.0], [89172.5, 8640.0], [89165.0, 10.0], [89147.5, 40.0], [89130.0, 1120.0], [89127.5, 3750.0], [89115.0, 500.0]], "asks": [[89337.5, 450.0], [89340.0, 1510.0], [89342.5, 2400.0], [89345.0, 3900.0], [89347.5, 1500.0], [89350.0, 1950.0], [89352.5, 1500.0], [89355.0, 6030.0], [89357.5, 21500.0], [89360.0, 57630.0], [89362.5, 44390.0], [89365.0, 450.0], [89367.5, 1500.0], [89377.5, 1380.0], [89380.0, 4630.0], [89382.5, 300.0], [89385.0, 1000.0], [89412.5, 300.0], [89415.0, 1000.0], [89427.5, 4900.0]]}}}
{"jsonrpc": "2.0", "method": "subscription", "params": {"channel": "book.BTC-6FEB26.none.20.100ms", "data": {"timestamp": 1769566322129, "change_id": 137149355914, "instrument_name": "BTC-6FEB26", "bids": [[89315.0, 1510.0], [89310.0, 2400.0], [89307.5, 1500.0], [89305.0, 1500.0], [89302.5, 40.0], [89297.5, 13860.0], [89295.0, 46420.0], [89240.0, 4830.0], [89207.5, 330.0], [89200.0, 1000.0], [89187.5, 640.0], [89185.0, 2160.0], [89172.5, 8640.0], [89165.0, 10.0], [89147.5, 40.0], [89127.5, 3750.0], [89115.0, 500.0], [89095.0, 160.0], [89090.0, 34570.0], [89087.5, 50000.0]], "asks": [[89337.5, 1500.0], [89340.0, 2410.0], [89342.5, 1500.0], [89345.0, 7360.0], [89347.5, 21500.0], [89350.0, 470.0], [89352.5, 1500.0], [89357.5, 1500.0], [89360.0, 6600.0], [89362.5, 50000.0], [89380.0, 4630.0], [89385.0, 1000.0], [89415.0, 1000.0], [89427.5, 4900.0], [89430.0, 16430.0], [89435.0, 5040.0], [89445.0, 1000.0], [89495.0, 10.0], [89497.5, 600.0], [89500.0, 2000.0]]}}}
{"jsonrpc": "2.0", "method": "subscription", "params": {"channel": "book.BTC-6FEB26.none.20.100ms", "data": {"timestamp": 1769566322212, "change_id": 137149356025, "instrument_name": "BTC-6FEB26", "bids": [[89315.0, 1510.0], [89310.0, 1500.0], [89307.5, 1500.0], [89305.0, 1500.0], [89302.5, 40.0], [89295.0, 46420.0], [89237.5, 15660.0], [89207.5, 330.0], [89200.0, 1000.0], [89185.0, 2160.0], [89172.5, 8640.0], [89165.0, 10.0], [89147.5, 40.0], [89127.5, 3750.0], [89115.0, 500.0], [89095.0, 160.0], [89090.0, 34570.0], [89087.5, 50000.0], [89075.0, 15080.0], [89065.0, 1790.0]], "asks": [[89335.0, 1510.0], [89337.5, 1500.0], [89340.0, 1500.0], [89342.5, 1500.0], [89347.5, 1500.0], [89350.0, 20.0], [89352.5, 1500.0], [89377.5, 20000.0], [89380.0, 4630.0], [89382.5, 50000.0], [89385.0, 1000.0], [89415.0, 1000.0], [89430.0, 16430.0], [89435.0, 5040.0], [89445.0, 1000.0], [89495.0, 10.0], [89500.0, 2000.0], [89502.5, 40.0], [89507.5, 46830.0], [89527.5, 14630.0]]}}}
{"jsonrpc": "2.0", "method": "subscription", "params": {"channel": "book.BTC-6FEB26.none.20.100ms", "data": {"timestamp": 1769566322717, "change_id": 137149357162, "instrument_name": "BTC-6FEB26", "bids": [[89320.0, 900.0], [89317.5, 1510.0], [89315.0, 1500.0], [89312.5, 450.0], [89310.0, 2400.0], [89307.5, 1500.0], [89305.0, 1500.0], [89302.5, 40.0], [89297.5, 13860.0], [89295.0, 46420.0], [89240.0, 4670.0], [89237.5, 15660.0], [89207.5, 330.0], [89202.5, 300.0], [89200.0, 1000.0], [89187.5, 640.0], [89185.0, 2160.0], [89175.0, 2580.0], [89172.5, 8640.0], [89165.0, 10.0]], "asks": [[89332.5, 1860.0], [89335.0, 2400.0], [89337.5, 1500.0], [89340.0, 5900.0], [89342.5, 1500.0], [89345.0, 20450.0], [89347.5, 1500.0], [89350.0, 470.0], [89352.5, 1500.0], [89370.0, 14600.0], [89372.5, 50000.0], [89380.0, 4630.0], [89385.0, 1000.0], [89412.5, 300.0], [89415.0, 1000.0], [89427.5, 4900.0], [89430.0, 16430.0], [89432.5, 1500.0], [89435.0, 5040.0], [89442.5, 300.0]]}}}
{"jsonrpc": "2.0", "method": "subscription", "params": {"channel": "book.BTC-6FEB26.none.20.100ms", "data": {"timestamp": 1769566323119, "change_id": 137149357536, "instrument_name": "BTC-6FEB26", "bids": [[89327.5, 1820.0], [89325.0, 1820.0], [89322.5, 1410.0], [89320.0, 900.0], [89317.5, 1500.0], [89315.0, 1920.0], [89312.5, 1400.0], [89310.0, 450.0], [89305.0, 1500.0], [89302.5, 40.0], [89297.5, 13860.0], [89295.0, 46420.0], [89240.0, 4670.0], [89237.5, 15660.0], [89210.0, 330.0], [89202.5, 300.0], [89200.0, 1000.0], [89187.5, 640.0], [89185.0, 2160.0], [89175.0, 2580.0]], "asks": [[89332.5, 1850.0], [89335.0, 1500.0], [89337.5, 1510.0], [89340.0, 4400.0], [89342.5, 1500.0], [89345.0, 70450.0], [89347.5, 38420.0], [89350.0, 43350.0], [89377.5, 1380.0], [89380.0, 4630.0], [89382.5, 300.0], [89385.0, 1000.0], [89412.5, 300.0], [89415.0, 1000.0], [89427.5, 4900.0], [89430.0, 16430.0], [89432.5, 1500.0], [89435.0, 5040.0], [89442.5, 300.0], [89445.0, 1000.0]]}}}
{"jsonrpc": "2.0", "method": "subscription", "params": {"channel": "book.BTC-6FEB26.none.20.100ms", "data": {"timestamp": 1769566323501, "change_id": 137149358121, "instrument_name": "BTC-6FEB26", "bids": [[89327.5, 1820.0], [89325.0, 1820.0], [89322.5, 1410.0], [89320.0, 900.0], [89317.5, 1500.0], [89315.0, 1920.0], [89312.5, 1400.0], [89310.0, 450.0], [89305.0, 1500.0], [89302.5, 40.0], [89297.5, 13860.0], [89295.0, 46420.0], [89240.0, 4670.0], [89237.5, 15660.0], [89210.0, 330.0], [89202.5, 300.0], [89200.0, 1000.0], [89187.5, 640.0], [89185.0, 2160.0], [89175.0, 2580.0]], "asks": [[89332.5, 1850.0], [89335.0, 3500.0], [89337.5, 1510.0], [89340.0, 4400.0], [89342.5, 1500.0], [89345.0, 70450.0], [89347.5, 38420.0], [89350.0, 43350.0], [89377.5, 1380.0], [89380.0, 4630.0], [89382.5, 300.0], [89385.0, 1000.0], [89412.5, 300.0], [89415.0, 1000.0], [89427.5, 4900.0], [89430.0, 16430.0], [89432.5, 1500.0], [89435.0, 5040.0], [89442.5, 300.0], [89445.0, 1000.0]]}}}
{"jsonrpc": "2.0", "method": "subscription", "params": {"channel": "book.BTC-6FEB26.none.20.100ms", "data": {"timestamp": 1769566324108, "change_id": 137149358717, "instrument_name": "BTC-6FEB26", "bids": [[89327.5, 1820.0], [89325.0, 1820.0], [89322.5, 1410.0], [89320.0, 900.0], [89317.5, 1500.0], [89315.0, 1920.0], [89312.5, 1400.0], [89310.0, 450.0], [89305.0, 1500.0], [89302.5, 40.0], [89297.5, 13860.0], [89295.0, 46420.0], [89240.0, 4670.0], [89237.5, 15660.0], [89210.0, 330.0], [89202.5, 300.0], [89200.0, 1000.0], [89187.5, 640.0], [89185.0, 2160.0], [89175.0, 2580.0]], "asks": [[89332.5, 1850.0], [89335.0, 3510.0], [89337.5, 1500.0], [89340.0, 4400.0], [89342.5, 1500.0], [89345.0, 70450.0], [89347.5, 38420.0], [89350.0, 43350.0], [89377.5, 1380.0], [89380.0, 4630.0], [89382.5, 300.0], [89385.0, 1000.0], [89412.5, 300.0], [89415.0, 1000.0], [89427.5, 4900.0], [89430.0, 16430.0], [89432.5, 1500.0], [89435.0, 5040.0], [89442.5, 300.0], [89445.0, 1000.0]]}}}
{"jsonrpc": "2.0", "method": "subscription", "params": {"channel": "book.BTC-6FEB26.none.20.100ms", "data": {"timestamp": 1769566324336, "change_id": 137149358982, "instrument_name": "BTC-6FEB26", "bids": [[89327.5, 1820.0], [89325.0, 1820.0], [89322.5, 1410.0], [89320.0, 900.0], [89317.5, 1500.0], [89315.0, 1920.0], [89312.5, 1400.0], [89310.0, 450.0], [89305.0, 1500.0], [89302.5, 40.0], [89297.5, 13860.0], [89295.0, 46420.0], [89240.0, 4670.0], [89237.5, 15660.0], [89210.0, 330.0], [89202.5, 300.0], [89200.0, 1000.0], [89187.5, 640.0], [89185.0, 2160.0], [89175.0, 2580.0]], "asks": [[89332.5, 1850.0], [89335.0, 3500.0], [89337.5, 1510.0], [89340.0, 4400.0], [89342.5, 1500.0], [89345.0, 70450.0], [89347.5, 38420.0], [89350.0, 43350.0], [89377.5, 1380.0], [89380.0, 4630.0], [89382.5, 300.0], [89385.0, 1000.0], [89412.5, 300.0], [89415.0, 1000.0], [89427.5, 4900.0], [89430.0, 16430.0], [89432.5, 1500.0], [89435.0, 5040.0], [89442.5, 300.0], [89445.0, 1000.0]]}}}
{"jsonrpc": "2.0", "method": "subscription", "params": {"channel": "book.BTC-6FEB26.none.20.100ms", "data": {"timestamp": 1769566325742, "change_id": 137149361507, "instrument_name": "BTC-6FEB26", "bids": [[89327.5, 1820.0], [89325.0, 1830.0], [89322.5, 1400.0], [89320.0, 900.0], [89317.5, 1500.0], [89315.0, 1920.0], [89312.5, 1400.0], [89310.0, 450.0], [89305.0, 1500.0], [89302.5, 40.0], [89297.5, 13860.0], [89295.0, 46420.0], [89240.0, 4670.0], [89237.5, 15660.0], [89210.0, 330.0], [89202.5, 300.0], [89200.0, 1000.0], [89187.5, 640.0], [89185.0, 2160.0], [89175.0, 2580.0]], "asks": [[89332.5, 450.0], [89335.0, 1500.0], [89337.5, 10.0], [89340.0, 4400.0], [89342.5, 3500.0], [89345.0, 70450.0], [89347.5, 38420.0], [89350.0, 43350.0], [89377.5, 1380.0], [89380.0, 4630.0], [89382.5, 300.0], [89385.0, 1000.0], [89412.5, 300.0], [89415.0, 1000.0], [89427.5, 4900.0], [89430.0, 16430.0], [89432.5, 1500.0], [89435.0, 5040.0], [89442.5, 300.0], [89445.0, 1000.0]]}}}
{"jsonrpc": "2.0", "method": "subscription", "params": {"channel": "book.BTC-6FEB26.none.20.100ms", "data": {"timestamp": 1769566326086, "change_id": 137149361890, "instrument_name": "BTC-6FEB26", "bids": [[89335.0, 840.0], [89332.5, 1400.0], [89330.0, 1820.0], [89327.5, 1410.0], [89325.0, 420.0], [89322.5, 1400.0], [89320.0, 900.0], [89317.5, 1500.0], [89315.0, 3320.0], [89312.5, 1440.0], [89297.5, 13860.0], [89295.0, 46420.0], [89240.0, 4670.0], [89237.5, 15660.0], [89210.0, 330.0], [89202.5, 300.0], [89200.0, 1000.0], [89187.5, 640.0], [89185.0, 2160.0], [89175.0, 2580.0]], "asks": [[89340.0, 5800.0], [89342.5, 3510.0], [89345.0, 70450.0], [89347.5, 38420.0], [89350.0, 43330.0], [89362.5, 10.0], [89377.5, 1380.0], [89380.0, 4630.0], [89382.5, 300.0], [89385.0, 1000.0], [89412.5, 300.0], [89415.0, 1000.0], [89427.5, 4900.0], [89430.0, 16430.0], [89432.5, 1500.0], [89435.0, 5040.0], [89442.5, 300.0], [89445.0, 1000.0], [89495.0, 10.0], [89497.5, 600.0]]}}}
{"jsonrpc": "2.0", "method": "subscription", "params": {"channel": "book.BTC-6FEB26.none.20.100ms", "data": {"timestamp": 1769566326140, "change_id": 137149361933, "instrument_name": "BTC-6FEB26", "bids": [[89335.0, 840.0], [89332.5, 1400.0], [89330.0, 2210.0], [89327.5, 2910.0], [89325.0, 420.0], [89322.5, 1400.0], [89320.0, 900.0], [89317.5, 1500.0], [89315.0, 1820.0], [89312.5, 1440.0], [89297.5, 13860.0], [89295.0, 46420.0], [89240.0, 4670.0], [89237.5, 15660.0], [89210.0, 330.0], [89202.5, 300.0], [89200.0, 1000.0], [89187.5, 640.0], [89185.0, 2160.0], [89175.0, 2580.0]], "asks": [[89340.0, 5800.0], [89342.5, 3510.0], [89345.0, 70450.0], [89347.5, 38420.0], [89350.0, 44830.0], [89362.5, 10.0], [89377.5, 1380.0], [89380.0, 4630.0], [89382.5, 300.0], [89385.0, 1000.0], [89412.5, 300.0], [89415.0, 1000.0], [89427.5, 4900.0], [89430.0, 16430.0], [89432.5, 1500.0], [89435.0, 5040.0], [89442.5, 300.0], [89445.0, 1000.0], [89495.0, 10.0], [89497.5, 600.0]]}}}
{"jsonrpc": "2.0", "method": "subscription", "params": {"channel": "book.BTC-6FEB26.none.20.100ms", "data": {"timestamp": 1769566327074, "change_id": 137149363079, "instrument_name": "BTC-6FEB26", "bids": [[89335.0, 840.0], [89332.5, 1400.0], [89330.0, 2210.0], [89327.5, 2910.0], [89325.0, 420.0], [89322.5, 1400.0], [89320.0, 900.0], [89317.5, 1500.0], [89315.0, 1400.0], [89312.5, 40.0], [89297.5, 13860.0], [89295.0, 46420.0], [89240.0, 4670.0], [89237.5, 15660.0], [89210.0, 330.0], [89202.5, 300.0], [89200.0, 1000.0], [89187.5, 640.0], [89185.0, 2160.0], [89175.0, 2580.0]], "asks": [[89340.0, 5800.0], [89342.5, 3510.0], [89345.0, 70450.0], [89347.5, 38420.0], [89350.0, 44830.0], [89362.5, 10.0], [89377.5, 1380.0], [89380.0, 4630.0], [89382.5, 300.0], [89385.0, 1000.0], [89412.5, 300.0], [89415.0, 1000.0], [89427.5, 4900.0], [89430.0, 16430.0], [89432.5, 1500.0], [89435.0, 5040.0], [89442.5, 300.0], [89445.0, 1000.0], [89495.0, 10.0], [89497.5, 600.0]]}}}
{"jsonrpc": "2.0", "method": "subscription", "params": {"channel": "book.BTC-6FEB26.none.20.100ms", "data": {"timestamp": 1769566327340, "change_id": 137149363324, "instrument_name": "BTC-6FEB26", "bids": [[89335.0, 840.0], [89332.5, 1400.0], [89330.0, 2210.0], [89327.5, 2910.0], [89325.0, 420.0], [89322.5, 1400.0], [89320.0, 900.0], [89317.5, 1500.0], [89315.0, 1400.0], [89312.5, 40.0], [89297.5, 13860.0], [89295.0, 46420.0], [89240.0, 4670.0], [89237.5, 15660.0], [89210.0, 330.0], [89202.5, 300.0], [89200.0, 1000.0], [89187.5, 640.0], [89185.0, 2160.0], [89175.0, 2580.0]], "asks": [[89340.0, 5800.0], [89342.5, 3510.0], [89345.0, 20450.0], [89347.5, 51500.0], [89350.0, 44830.0], [89362.5, 10.0], [89377.5, 1380.0], [89380.0, 4630.0], [89382.5, 300.0], [89385.0, 1000.0], [89412.5, 300.0], [89415.0, 1000.0], [89427.5, 4900.0], [89430.0, 16430.0], [89432.5, 1500.0], [89435.0, 5040.0], [89442.5, 300.0], [89445.0, 1000.0], [89495.0, 10.0], [89497.5, 600.0]]}}}
{"jsonrpc": "2.0", "method": "subscription", "params": {"channel": "book.BTC-6FEB26.none.20.100ms", "data": {"timestamp": 1769566327604, "change_id": 137149363782, "instrument_name": "BTC-6FEB26", "bids": [[89335.0, 840.0], [89332.5, 1400.0], [89330.0, 2210.0], [89327.5, 2910.0], [89325.0, 420.0], [89322.5, 1400.0], [89320.0, 900.0], [89317.5, 1500.0], [89315.0, 1400.0], [89312.5, 40.0], [89297.5, 13860.0], [89295.0, 46420.0], [89240.0, 4670.0], [89237.5, 15660.0], [89210.0, 330.0], [89202.5, 300.0], [89200.0, 1000.0], [89187.5, 640.0], [89185.0, 2160.0], [89175.0, 2580.0]], "asks": [[89340.0, 5800.0], [89342.5, 3510.0], [89345.0, 20450.0], [89347.5, 51500.0], [89350.0, 44830.0], [89352.5, 42880.0], [89362.5, 10.0], [89377.5, 1380.0], [89380.0, 4630.0], [89382.5, 300.0], [89385.0, 1000.0], [89412.5, 300.0], [89415.0, 1000.0], [89427.5, 4900.0], [89430.0, 16430.0], [89432.5, 1500.0], [89435.0, 5040.0], [89442.5, 300.0], [89445.0, 1000.0], [89495.0, 10.0]]}}}
{"jsonrpc": "2.0", "method": "subscription", "params": {"channel": "book.BTC-6FEB26.none.20.100ms", "data": {"timestamp": 1769566328063, "change_id": 137149364187, "instrument_name": "BTC-6FEB26", "bids": [[89332.5, 1820.0], [89330.0, 2210.0], [89327.5, 2910.0], [89325.0, 420.0], [89322.5, 1400.0], [89320.0, 420.0], [89315.0, 1400.0], [89312.5, 40.0], [89297.5, 13860.0], [89295.0, 46420.0], [89240.0, 4670.0], [89237.5, 15660.0], [89212.5, 330.0], [89202.5, 300.0], [89200.0, 1000.0], [89187.5, 640.0], [89185.0, 2160.0], [89175.0, 2580.0], [89172.5, 8640.0], [89165.0, 10.0]], "asks": [[89337.5, 1400.0], [89340.0, 5800.0], [89342.5, 3510.0], [89345.0, 20450.0], [89347.5, 51500.0], [89350.0, 48210.0], [89352.5, 42880.0], [89362.5, 10.0], [89377.5, 1380.0], [89380.0, 4630.0], [89382.5, 300.0], [89385.0, 1000.0], [89412.5, 300.0], [89415.0, 1000.0], [89427.5, 4900.0], [89430.0, 16430.0], [89432.5, 1500.0], [89435.0, 5040.0], [89442.5, 300.0], [89445.0, 1000.0]]}}}
{"jsonrpc": "2.0", "method": "subscription", "params": {"channel": "book.BTC-6FEB26.none.20.100ms", "data": {"timestamp": 1769566328665, "change_id": 137149364969, "instrument_name": "BTC-6FEB26", "bids": [[89332.5, 420.0], [89330.0, 2210.0], [89327.5, 2900.0], [89325.0, 430.0], [89322.5, 1400.0], [89320.0, 420.0], [89315.0, 1400.0], [89312.5, 40.0], [89297.5, 13860.0], [89295.0, 46420.0], [89240.0, 4670.0], [89237.5, 15660.0], [89212.5, 330.0], [89202.5, 300.0], [89200.0, 1000.0], [89187.5, 640.0], [89185.0, 2160.0], [89175.0, 2580.0], [89172.5, 8640.0], [89165.0, 10.0]], "asks": [[89337.5, 1400.0], [89340.0, 5810.0], [89342.5, 3500.0], [89345.0, 20450.0], [89347.5, 51500.0], [89350.0, 48210.0], [89352.5, 42880.0], [89362.5, 10.0], [89377.5, 1380.0], [89380.0, 4630.0], [89382.5, 300.0], [89385.0, 1000.0], [89412.5, 300.0], [89415.0, 1000.0], [89427.5, 4900.0], [89430.0, 16430.0], [89432.5, 1500.0], [89435.0, 5040.0], [89442.5, 300.0], [89445.0, 1000.0]]}}}
{"jsonrpc": "2.0", "method": "subscription", "params": {"channel": "book.BTC-6FEB26.none.20.100ms", "data": {"timestamp": 1769566329069, "change_id": 137149365333, "instrument_name": "BTC-6FEB26", "bids": [[89332.5, 1820.0], [89330.0, 2210.0], [89327.5, 2910.0], [89325.0, 420.0], [89322.5, 1400.0], [89320.0, 420.0], [89315.0, 1400.0], [89312.5, 40.0], [89297.5, 13860.0], [89295.0, 46420.0], [89240.0, 4670.0], [89237.5, 15660.0], [89212.5, 330.0], [89202.5, 300.0], [89200.0, 1000.0], [89187.5, 640.0], [89185.0, 2160.0], [89175.0, 2580.0], [89172.5, 8640.0], [89165.0, 10.0]], "asks": [[89337.5, 1400.0], [89340.0, 5800.0], [89342.5, 3510.0], [89345.0, 21850.0], [89347.5, 51500.0], [89350.0, 48210.0], [89352.5, 42880.0], [89362.5, 10.0], [89377.5, 1380.0], [89380.0, 4630.0], [89382.5, 300.0], [89385.0, 1000.0], [89412.5, 300.0], [89415.0, 1000.0], [89427.5, 4900.0], [89430.0, 16430.0], [89432.5, 1500.0], [89435.0, 5040.0], [89442.5, 300.0], [89445.0, 1000.0]]}}}
{"jsonrpc": "2.0", "method": "subscription", "params": {"channel": "book.BTC-6FEB26.none.20.100ms", "data": {"timestamp": 1769566329996, "change_id": 137149366371, "instrument_name": "BTC-6FEB26", "bids": [[89332.5, 420.0], [89330.0, 2210.0], [89327.5, 2900.0], [89325.0, 430.0], [89322.5, 1400.0], [89320.0, 420.0], [89315.0, 1400.0], [89312.5, 40.0], [89297.5, 13860.0], [89295.0, 46420.0], [89240.0, 4670.0], [89237.5, 15660.0], [89212.5, 330.0], [89202.5, 300.0], [89200.0, 1000.0], [89187.5, 640.0], [89185.0, 2160.0], [89175.0, 2580.0], [89172.5, 8640.0], [89165.0, 10.0]], "asks": [[89337.5, 1400.0], [89340.0, 5810.0], [89342.5, 3500.0], [89345.0, 23350.0], [89347.5, 51500.0], [89350.0, 46710.0], [89352.5, 42880.0], [89362.5, 10.0], [89377.5, 1380.0], [89380.0, 4630.0], [89382.5, 300.0], [89385.0, 1000.0], [89412.5, 300.0], [89415.0, 1000.0], [89427.5, 4900.0], [89430.0, 16430.0], [89432.5, 1500.0], [89435.0, 5040.0], [89442.5, 300.0], [89445.0, 1000.0]]}}}
{"jsonrpc": "2.0", "method": "subscription", "params": {"channel": "book.BTC-6FEB26.none.20.100ms", "data": {"timestamp": 1769566330870, "change_id": 137149367419, "instrument_name": "BTC-6FEB26", "bids": [[89332.5, 420.0], [89330.0, 2210.0], [89327.5, 2900.0], [89325.0, 430.0], [89322.5, 1400.0], [89320.0, 420.0], [89315.0, 1400.0], [89312.5, 40.0], [89297.5, 13860.0], [89295.0, 46420.0], [89240.0, 4670.0], [89237.5, 15660.0], [89215.0, 330.0], [89202.5, 300.0], [89200.0, 1000.0], [89187.5, 640.0], [89185.0, 2160.0], [89175.0, 2580.0], [89172.5, 8640.0], [89165.0, 10.0]], "asks": [[89337.5, 1400.0], [89340.0, 5810.0], [89342.5, 3500.0], [89345.0, 23350.0], [89347.5, 51500.0], [89350.0, 46710.0], [89352.5, 42880.0], [89362.5, 10.0], [89377.5, 1380.0], [89380.0, 4630.0], [89382.5, 300.0], [89385.0, 1000.0], [89412.5, 300.0], [89415.0, 1000.0], [89427.5, 4900.0], [89430.0, 16430.0], [89432.5, 1500.0], [89435.0, 5040.0], [89442.5, 300.0], [89445.0, 1000.0]]}}}
{"jsonrpc": "2.0", "method": "subscription", "params": {"channel": "book.BTC-6FEB26.none.20.100ms", "data": {"timestamp": 1769566331232, "change_id": 137149367547, "instrument_name": "BTC-6FEB26", "bids": [[89330.0, 420.0], [89327.5, 1400.0], [89325.0, 810.0], [89322.5, 1410.0], [89320.0, 1920.0], [89315.0, 1400.0], [89312.5, 40.0], [89297.5, 13860.0], [89295.0, 46420.0], [89240.0, 4670.0], [89237.5, 15660.0], [89215.0, 330.0], [89202.5, 300.0], [89200.0, 1000.0], [89187.5, 640.0], [89185.0, 2160.0], [89175.0, 2580.0], [89172.5, 8640.0], [89165.0, 10.0], [89147.5, 1540.0]], "asks": [[89335.0, 2240.0], [89337.5, 1410.0], [89340.0, 7800.0], [89342.5, 1500.0], [89345.0, 23350.0], [89347.5, 51500.0], [89350.0, 46710.0], [89352.5, 42880.0], [89362.5, 10.0], [89377.5, 1380.0], [89380.0, 4630.0], [89382.5, 300.0], [89385.0, 1000.0], [89412.5, 300.0], [89415.0, 1000.0], [89427.5, 4900.0], [89430.0, 16430.0], [89432.5, 1500.0], [89435.0, 5040.0], [89442.5, 300.0]]}}}
{"jsonrpc": "2.0", "method": "subscription", "params": {"channel": "book.BTC-6FEB26.none.20.100ms", "data": {"timestamp": 1769566331699, "change_id": 137149368358, "instrument_name": "BTC-6FEB26", "bids": [[89325.0, 810.0], [89322.5, 1400.0], [89320.0, 1930.0], [89315.0, 1400.0], [89312.5, 40.0], [89297.5, 13860.0], [89295.0, 46420.0], [89240.0, 4670.0], [89237.5, 15660.0], [89215.0, 330.0], [89202.5, 300.0], [89200.0, 1000.0], [89187.5, 640.0], [89185.0, 2160.0], [89175.0, 2580.0], [89172.5, 8640.0], [89165.0, 10.0], [89147.5, 1540.0], [89145.0, 5020.0], [89130.0, 1120.0]], "asks": [[89332.5, 1820.0], [89335.0, 2590.0], [89337.5, 1400.0], [89340.0, 7300.0], [89342.5, 1500.0], [89345.0, 21850.0], [89347.5, 51500.0], [89350.0, 46710.0], [89352.5, 42890.0], [89377.5, 1380.0], [89380.0, 4630.0], [89382.5, 300.0], [89385.0, 1000.0], [89412.5, 300.0], [89415.0, 1000.0], [89427.5, 4900.0], [89430.0, 16430.0], [89432.5, 1500.0], [89435.0, 5040.0], [89442.5, 300.0]]}}}
{"jsonrpc": "2.0", "method": "subscription", "params": {"channel": "book.BTC-6FEB26.none.20.100ms", "data": {"timestamp": 1769566332025, "change_id": 137149368744, "instrument_name": "BTC-6FEB26", "bids": [[89325.0, 420.0], [89320.0, 1930.0], [89315.0, 1400.0], [89312.5, 40.0], [89297.5, 13860.0], [89295.0, 46420.0], [89240.0, 4670.0], [89237.5, 15660.0], [89215.0, 330.0], [89202.5, 300.0], [89200.0, 1000.0], [89187.5, 640.0], [89185.0, 2160.0], [89175.0, 2580.0], [89172.5, 8640.0], [89165.0, 10.0], [89147.5, 1540.0], [89145.0, 5020.0], [89130.0, 1120.0], [89127.5, 3750.0]], "asks": [[89330.0, 1820.0], [89332.5, 1400.0], [89335.0, 880.0], [89337.5, 1400.0], [89340.0, 5900.0], [89342.5, 1500.0], [89345.0, 26270.0], [89347.5, 51500.0], [89350.0, 46710.0], [89352.5, 42890.0], [89377.5, 1380.0], [89380.0, 4630.0], [89382.5, 300.0], [89385.0, 1000.0], [89412.5, 300.0], [89415.0, 1000.0], [89427.5, 4900.0], [89430.0, 16430.0], [89432.5, 1500.0], [89435.0, 5040.0]]}}}
{"jsonrpc": "2.0", "method": "subscription", "params": {"channel": "book.BTC-6FEB26.none.20.100ms", "data": {"timestamp": 1769566332202, "change_id": 137149368814, "instrument_name": "BTC-6FEB26", "bids": [[89325.0, 420.0], [89320.0, 1920.0], [89317.5, 10.0], [89315.0, 1400.0], [89312.5, 40.0], [89297.5, 13860.0], [89295.0, 46420.0], [89240.0, 4670.0], [89237.5, 15660.0], [89215.0, 330.0], [89202.5, 300.0], [89200.0, 1000.0], [89187.5, 640.0], [89185.0, 2160.0], [89175.0, 2580.0], [89172.5, 8640.0], [89165.0, 10.0], [89147.5, 1540.0], [89145.0, 5020.0], [89130.0, 1120.0]], "asks": [[89330.0, 2210.0], [89332.5, 1410.0], [89335.0, 1920.0], [89337.5, 1400.0], [89340.0, 4400.0], [89342.5, 1500.0], [89345.0, 26270.0], [89347.5, 51500.0], [89350.0, 46710.0], [89352.5, 42890.0], [89377.5, 1380.0], [89380.0, 4630.0], [89382.5, 300.0], [89385.0, 1000.0], [89412.5, 300.0], [89415.0, 1000.0], [89427.5, 4900.0], [89430.0, 16430.0], [89432.5, 1500.0], [89435.0, 5040.0]]}}}
{"jsonrpc": "2.0", "method": "subscription", "params": {"channel": "book.BTC-6FEB26.none.20.100ms", "data": {"timestamp": 1769566332594, "change_id": 137149369417, "instrument_name": "BTC-6FEB26", "bids": [[89325.0, 420.0], [89320.0, 1920.0], [89317.5, 10.0], [89315.0, 1400.0], [89312.5, 40.0], [89297.5, 13860.0], [89295.0, 46420.0], [89240.0, 4670.0], [89237.5, 15660.0], [89215.0, 330.0], [89202.5, 300.0], [89200.0, 1000.0], [89187.5, 640.0], [89185.0, 2160.0], [89175.0, 2580.0], [89172.5, 8640.0], [89165.0, 10.0], [89147.5, 1540.0], [89145.0, 5020.0], [89130.0, 1120.0]], "asks": [[89330.0, 2210.0], [89332.5, 1410.0], [89335.0, 1920.0], [89337.5, 1400.0], [89340.0, 4400.0], [89342.5, 1500.0], [89345.0, 26270.0], [89347.5, 51500.0], [89350.0, 43330.0], [89352.5, 10.0], [89377.5, 1380.0], [89380.0, 4630.0], [89382.5, 300.0], [89385.0, 1000.0], [89412.5, 300.0], [89415.0, 1000.0], [89427.5, 4900.0], [89430.0, 16430.0], [89432.5, 1500.0], [89435.0, 5040.0]]}}}
{"jsonrpc": "2.0", "method": "subscription", "params": {"channel": "book.BTC-6FEB26.none.20.100ms", "data": {"timestamp": 1769566332962, "change_id": 137149369698, "instrument_name": "BTC-6FEB26", "bids": [[89325.0, 420.0], [89320.0, 1920.0], [89317.5, 10.0], [89315.0, 1400.0], [89312.5, 40.0], [89297.5, 13860.0], [89295.0, 46420.0], [89240.0, 4670.0], [89237.5, 15660.0], [89215.0, 330.0], [89202.5, 300.0], [89200.0, 1000.0], [89187.5, 640.0], [89185.0, 2160.0], [89175.0, 2580.0], [89172.5, 8640.0], [89165.0, 10.0], [89147.5, 1540.0], [89145.0, 5020.0], [89130.0, 1120.0]], "asks": [[89330.0, 2210.0], [89332.5, 1410.0], [89335.0, 1920.0], [89337.5, 1400.0], [89340.0, 4400.0], [89342.5, 1500.0], [89345.0, 69150.0], [89347.5, 51500.0], [89350.0, 43330.0], [89352.5, 10.0], [89377.5, 1380.0], [89380.0, 4630.0], [89382.5, 300.0], [89385.0, 1000.0], [89412.5, 300.0], [89415.0, 1000.0], [89427.5, 4900.0], [89430.0, 16430.0], [89432.5, 1500.0], [89435.0, 5040.0]]}}}
{"jsonrpc": "2.0", "method": "subscription", "params": {"channel": "book.BTC-6FEB26.none.20.100ms", "data": {"timestamp": 1769566333503, "change_id": 137149370212, "instrument_name": "BTC-6FEB26", "bids": [[89325.0, 420.0], [89320.0, 1920.0], [89317.5, 10.0], [89315.0, 1400.0], [89312.5, 40.0], [89297.5, 13860.0], [89295.0, 46420.0], [89235.0, 4720.0], [89232.5, 15820.0], [89215.0, 330.0], [89202.5, 300.0], [89200.0, 1000.0], [89187.5, 640.0], [89185.0, 2160.0], [89175.0, 2580.0], [89172.5, 8640.0], [89165.0, 10.0], [89147.5, 1540.0], [89145.0, 5020.0], [89130.0, 1120.0]], "asks": [[89330.0, 2760.0], [89332.5, 3410.0], [89335.0, 1920.0], [89337.5, 1400.0], [89340.0, 4400.0], [89342.5, 1500.0], [89345.0, 69150.0], [89347.5, 51500.0], [89350.0, 43330.0], [89352.5, 10.0], [89377.5, 1380.0], [89380.0, 4630.0], [89382.5, 300.0], [89385.0, 1000.0], [89412.5, 300.0], [89415.0, 1000.0], [89427.5, 4900.0], [89430.0, 16430.0], [89432.5, 1500.0], [89435.0, 5040.0]]}}}
{"jsonrpc": "2.0", "method": "subscription", "params": {"channel": "book.BTC-6FEB26.none.20.100ms", "data": {"timestamp": 1769566333939, "change_id": 137149370684, "instrument_name": "BTC-6FEB26", "bids": [[89325.0, 420.0], [89320.0, 1920.0], [89317.5, 10.0], [89315.0, 1400.0], [89312.5, 40.0], [89297.5, 13860.0], [89295.0, 46420.0], [89235.0, 4720.0], [89232.5, 15820.0], [89217.5, 330.0], [89202.5, 300.0], [89200.0, 1000.0], [89187.5, 640.0], [89185.0, 2160.0], [89175.0, 2580.0], [89172.5, 8640.0], [89165.0, 10.0], [89147.5, 40.0], [89145.0, 1500.0], [89142.5, 5020.0]], "asks": [[89330.0, 2270.0], [89332.5, 1410.0], [89335.0, 1920.0], [89337.5, 1400.0], [89340.0, 4400.0], [89342.5, 1500.0], [89345.0, 69150.0], [89347.5, 51500.0], [89350.0, 43330.0], [89352.5, 10.0], [89377.5, 1380.0], [89380.0, 4630.0], [89382.5, 300.0], [89385.0, 1000.0], [89412.5, 300.0], [89415.0, 1000.0], [89427.5, 4900.0], [89430.0, 16430.0], [89432.5, 1500.0], [89435.0, 5040.0]]}}}
{"jsonrpc": "2.0", "method": "subscription", "params": {"channel": "book.BTC-6FEB26.none.20.100ms", "data": {"timestamp": 1769566335501, "change_id": 137149372218, "instrument_name": "BTC-6FEB26", "bids": [[89325.0, 420.0], [89320.0, 1920.0], [89317.5, 10.0], [89315.0, 1400.0], [89312.5, 40.0], [89297.5, 13860.0], [89295.0, 46420.0], [89235.0, 4720.0], [89232.5, 15820.0], [89217.5, 330.0], [89202.5, 300.0], [89200.0, 1000.0], [89187.5, 640.0], [89185.0, 2160.0], [89175.0, 2580.0], [89172.5, 8640.0], [89165.0, 10.0], [89147.5, 40.0], [89145.0, 1500.0], [89142.5, 5020.0]], "asks": [[89330.0, 2270.0], [89332.5, 1410.0], [89335.0, 1920.0], [89337.5, 3400.0], [89340.0, 4400.0], [89342.5, 1500.0], [89345.0, 69150.0], [89347.5, 51500.0], [89350.0, 43330.0], [89352.5, 10.0], [89377.5, 1380.0], [89380.0, 4630.0], [89382.5, 300.0], [89385.0, 1000.0], [89412.5, 300.0], [89415.0, 1000.0], [89427.5, 4900.0], [89430.0, 16430.0], [89432.5, 1500.0], [89435.0, 5040.0]]}}}
{"jsonrpc": "2.0", "method": "subscription", "params": {"channel": "book.BTC-6FEB26.none.20.100ms", "data": {"timestamp": 1769566335652, "change_id": 137149372376, "instrument_name": "BTC-6FEB26", "bids": [[89325.0, 420.0], [89320.0, 1920.0], [89317.5, 10.0], [89315.0, 1400.0], [89312.5, 40.0], [89297.5, 13860.0], [89295.0, 46420.0], [89235.0, 4720.0], [89232.5, 15820.0], [89217.5, 330.0], [89202.5, 300.0], [89200.0, 1000.0], [89187.5, 640.0], [89185.0, 2160.0], [89175.0, 2580.0], [89172.5, 8640.0], [89165.0, 10.0], [89147.5, 40.0], [89145.0, 1500.0], [89142.5, 5020.0]], "asks": [[89330.0, 2270.0], [89332.5, 1410.0], [89335.0, 1920.0], [89337.5, 1400.0], [89340.0, 4400.0], [89342.5, 1500.0], [89345.0, 69150.0], [89347.5, 51500.0], [89350.0, 43330.0], [89352.5, 10.0], [89377.5, 1380.0], [89380.0, 4630.0], [89382.5, 300.0], [89385.0, 1000.0], [89412.5, 300.0], [89415.0, 1000.0], [89427.5, 4900.0], [89430.0, 16430.0], [89432.5, 1500.0], [89435.0, 5040.0]]}}}
{"jsonrpc": "2.0", "method": "subscription", "params": {"channel": "book.BTC-6FEB26.none.20.100ms", "data": {"timestamp": 1769566336873, "change_id": 137149373506, "instrument_name": "BTC-6FEB26", "bids": [[89325.0, 420.0], [89320.0, 1920.0], [89317.5, 10.0], [89315.0, 1400.0], [89312.5, 40.0], [89297.5, 13860.0], [89295.0, 46420.0], [89235.0, 4720.0], [89232.5, 15820.0], [89220.0, 330.0], [89202.5, 300.0], [89200.0, 1000.0], [89187.5, 640.0], [89185.0, 2160.0], [89175.0, 2580.0], [89172.5, 8640.0], [89165.0, 10.0], [89147.5, 40.0], [89145.0, 1500.0], [89142.5, 5020.0]], "asks": [[89330.0, 2270.0], [89332.5, 1410.0], [89335.0, 1920.0], [89337.5, 1400.0], [89340.0, 4400.0], [89342.5, 1500.0], [89345.0, 69150.0], [89347.5, 51500.0], [89350.0, 43330.0], [89352.5, 10.0], [89377.5, 1380.0], [89380.0, 4630.0], [89382.5, 300.0], [89385.0, 1000.0], [89412.5, 300.0], [89415.0, 1000.0], [89427.5, 4900.0], [89430.0, 16430.0], [89432.5, 1500.0], [89435.0, 5040.0]]}}}
{"jsonrpc": "2.0", "method": "subscription", "params": {"channel": "book.BTC-6FEB26.none.20.100ms", "data": {"timestamp": 1769566337501, "change_id": 137149374070, "instrument_name": "BTC-6FEB26", "bids": [[89325.0, 420.0], [89320.0, 1920.0], [89317.5, 10.0], [89315.0, 1400.0], [89312.5, 40.0], [89297.5, 13860.0], [89295.0, 46420.0], [89235.0, 4720.0], [89232.5, 15820.0], [89220.0, 330.0], [89202.5, 300.0], [89200.0, 1000.0], [89187.5, 640.0], [89185.0, 2160.0], [89175.0, 2580.0], [89172.5, 8640.0], [89165.0, 10.0], [89147.5, 40.0], [89145.0, 1500.0], [89142.5, 5020.0]], "asks": [[89330.0, 2270.0], [89332.5, 1410.0], [89335.0, 3920.0], [89337.5, 1400.0], [89340.0, 4400.0], [89342.5, 1500.0], [89345.0, 69150.0], [89347.5, 51500.0], [89350.0, 43330.0], [89352.5, 10.0], [89377.5, 1380.0], [89380.0, 4630.0], [89382.5, 300.0], [89385.0, 1000.0], [89412.5, 300.0], [89415.0, 1000.0], [89427.5, 4900.0], [89430.0, 16430.0], [89432.5, 1500.0], [89435.0, 5040.0]]}}}
{"jsonrpc": "2.0", "method": "subscription", "params": {"channel": "book.BTC-6FEB26.none.20.100ms", "data": {"timestamp": 1769566337602, "change_id": 137149374211, "instrument_name": "BTC-6FEB26", "bids": [[89325.0, 420.0], [89320.0, 1920.0], [89317.5, 10.0], [89315.0, 1400.0], [89312.5, 40.0], [89297.5, 13860.0], [89295.0, 46420.0], [89235.0, 4720.0], [89232.5, 15820.0], [89220.0, 330.0], [89202.5, 300.0], [89200.0, 1000.0], [89187.5, 640.0], [89185.0, 2160.0], [89175.0, 2580.0], [89172.5, 8640.0], [89165.0, 10.0], [89147.5, 40.0], [89145.0, 1500.0], [89142.5, 5020.0]], "asks": [[89330.0, 2270.0], [89332.5, 1410.0], [89335.0, 3920.0], [89337.5, 1400.0], [89340.0, 4400.0], [89342.5, 1500.0], [89345.0, 69150.0], [89347.5, 51500.0], [89350.0, 43330.0], [89352.5, 10.0], [89377.5, 1380.0], [89380.0, 4630.0], [89382.5, 5190.0], [89385.0, 17530.0], [89412.5, 300.0], [89415.0, 1000.0], [89432.5, 1500.0], [89435.0, 5040.0], [89442.5, 300.0], [89445.0, 1000.0]]}}}
{"jsonrpc": "2.0", "method": "subscription", "params": {"channel": "book.BTC-6FEB26.none.20.100ms", "data": {"timestamp": 1769566338132, "change_id": 137149374525, "instrument_name": "BTC-6FEB26", "bids": [[89325.0, 420.0], [89320.0, 1920.0], [89317.5, 10.0], [89315.0, 1400.0], [89312.5, 40.0], [89297.5, 13860.0], [89295.0, 46420.0], [89235.0, 4720.0], [89232.5, 15820.0], [89220.0, 330.0], [89202.5, 300.0], [89200.0, 1000.0], [89187.5, 640.0], [89185.0, 2160.0], [89175.0, 2580.0], [89172.5, 8640.0], [89165.0, 10.0], [89147.5, 40.0], [89145.0, 1500.0], [89142.5, 5020.0]], "asks": [[89330.0, 2750.0], [89332.5, 1410.0], [89335.0, 3920.0], [89337.5, 1400.0], [89340.0, 4400.0], [89342.5, 1500.0], [89345.0, 69150.0], [89347.5, 51500.0], [89350.0, 43330.0], [89352.5, 10.0], [89377.5, 1380.0], [89380.0, 4630.0], [89382.5, 5190.0], [89385.0, 17530.0], [89412.5, 300.0], [89415.0, 1000.0], [89432.5, 1500.0], [89435.0, 5040.0], [89442.5, 300.0], [89445.0, 1000.0]]}}}
{"jsonrpc": "2.0", "method": "subscription", "params": {"channel": "book.BTC-6FEB26.none.20.100ms", "data": {"timestamp": 1769566339874, "change_id": 137149376388, "instrument_name": "BTC-6FEB26", "bids": [[89325.0, 420.0], [89320.0, 1920.0], [89317.5, 10.0], [89315.0, 1400.0], [89312.5, 40.0], [89297.5, 13860.0], [89295.0, 46420.0], [89235.0, 4720.0], [89232.5, 15820.0], [89222.5, 330.0], [89202.5, 300.0], [89200.0, 1000.0], [89187.5, 640.0], [89185.0, 2160.0], [89175.0, 2580.0], [89172.5, 8640.0], [89165.0, 10.0], [89147.5, 40.0], [89145.0, 1500.0], [89142.5, 5020.0]], "asks": [[89330.0, 2750.0], [89332.5, 1410.0], [89335.0, 3920.0], [89337.5, 1400.0], [89340.0, 4400.0], [89342.5, 1500.0], [89345.0, 69150.0], [89347.5, 51500.0], [89350.0, 43330.0], [89352.5, 10.0], [89377.5, 1380.0], [89380.0, 4630.0], [89382.5, 5190.0], [89385.0, 17530.0], [89412.5, 300.0], [89415.0, 1000.0], [89432.5, 1500.0], [89435.0, 5040.0], [89442.5, 300.0], [89445.0, 1000.0]]}}}
{"jsonrpc": "2.0", "method": "subscription", "params": {"channel": "book.BTC-6FEB26.none.20.100ms", "data": {"timestamp": 1769566339940, "change_id": 137149376398, "instrument_name": "BTC-6FEB26", "bids": [[89325.0, 1820.0], [89320.0, 1930.0], [89315.0, 1400.0], [89312.5, 40.0], [89297.5, 13860.0], [89295.0, 46420.0], [89235.0, 4720.0], [89232.5, 15820.0], [89222.5, 330.0], [89202.5, 300.0], [89200.0, 1000.0], [89187.5, 640.0], [89185.0, 2160.0], [89175.0, 2580.0], [89172.5, 8640.0], [89165.0, 10.0], [89147.5, 40.0], [89145.0, 1500.0], [89142.5, 5020.0], [89130.0, 1120.0]], "asks": [[89330.0, 2750.0], [89332.5, 1410.0], [89335.0, 3920.0], [89337.5, 1400.0], [89340.0, 4400.0], [89342.5, 1500.0], [89345.0, 69150.0], [89347.5, 51500.0], [89350.0, 43330.0], [89352.5, 10.0], [89377.5, 1380.0], [89380.0, 4630.0], [89382.5, 5190.0], [89385.0, 17530.0], [89412.5, 300.0], [89415.0, 1000.0], [89432.5, 1500.0], [89435.0, 5040.0], [89442.5, 300.0], [89445.0, 1000.0]]}}}
{"jsonrpc": "2.0", "method": "subscription", "params": {"channel": "book.BTC-6FEB26.none.20.100ms", "data": {"timestamp": 1769566340893, "change_id": 137149377294, "instrument_name": "BTC-6FEB26", "bids": [[89325.0, 1820.0], [89322.5, 1400.0], [89320.0, 1930.0], [89315.0, 1400.0], [89312.5, 40.0], [89297.5, 13860.0], [89295.0, 46420.0], [89235.0, 4720.0], [89232.5, 15820.0], [89222.5, 330.0], [89202.5, 300.0], [89200.0, 1000.0], [89187.5, 640.0], [89185.0, 2160.0], [89175.0, 2580.0], [89172.5, 8640.0], [89165.0, 10.0], [89147.5, 40.0], [89145.0, 1500.0], [89142.5, 5020.0]], "asks": [[89330.0, 2750.0], [89332.5, 1410.0], [89335.0, 3920.0], [89337.5, 1400.0], [89340.0, 4400.0], [89342.5, 1500.0], [89345.0, 69150.0], [89347.5, 51500.0], [89350.0, 43330.0], [89352.5, 10.0], [89377.5, 1380.0], [89380.0, 4630.0], [89382.5, 5190.0], [89385.0, 17530.0], [89412.5, 300.0], [89415.0, 1000.0], [89432.5, 1500.0], [89435.0, 5040.0], [89442.5, 300.0], [89445.0, 1000.0]]}}}
{"jsonrpc": "2.0", "method": "subscription", "params": {"channel": "book.BTC-6FEB26.none.20.100ms", "data": {"timestamp": 1769566341173, "change_id": 137149377400, "instrument_name": "BTC-6FEB26", "bids": [[89325.0, 2210.0], [89322.5, 1400.0], [89320.0, 1930.0], [89315.0, 1400.0], [89312.5, 40.0], [89297.5, 13860.0], [89295.0, 46420.0], [89235.0, 4720.0], [89232.5, 15820.0], [89222.5, 330.0], [89202.5, 300.0], [89200.0, 1000.0], [89187.5, 640.0], [89185.0, 2160.0], [89175.0, 2580.0], [89172.5, 8640.0], [89165.0, 10.0], [89147.5, 40.0], [89145.0, 1500.0], [89142.5, 5020.0]], "asks": [[89330.0, 1350.0], [89332.5, 1400.0], [89335.0, 3930.0], [89337.5, 1400.0], [89340.0, 4400.0], [89342.5, 1500.0], [89345.0, 69150.0], [89347.5, 51500.0], [89352.5, 10.0], [89377.5, 1380.0], [89380.0, 4630.0], [89382.5, 5190.0], [89385.0, 17530.0], [89412.5, 300.0], [89415.0, 1000.0], [89432.5, 1500.0], [89435.0, 5040.0], [89442.5, 300.0], [89445.0, 1000.0], [89495.0, 10.0]]}}}
{"jsonrpc": "2.0", "method": "subscription", "params": {"channel": "book.BTC-6FEB26.none.20.100ms", "data": {"timestamp": 1769566341540, "change_id": 137149377863, "instrument_name": "BTC-6FEB26", "bids": [[89325.0, 2210.0], [89322.5, 1400.0], [89320.0, 1930.0], [89315.0, 1400.0], [89312.5, 40.0], [89297.5, 13860.0], [89295.0, 46420.0], [89235.0, 4720.0], [89232.5, 15820.0], [89222.5, 330.0], [89202.5, 300.0], [89200.0, 1000.0], [89187.5, 640.0], [89185.0, 2160.0], [89175.0, 2580.0], [89172.5, 8640.0], [89165.0, 10.0], [89147.5, 40.0], [89145.0, 1500.0], [89142.5, 5020.0]], "asks": [[89330.0, 1350.0], [89332.5, 1400.0], [89335.0, 3930.0], [89337.5, 1400.0], [89340.0, 4400.0], [89342.5, 1500.0], [89345.0, 112030.0], [89347.5, 51500.0], [89352.5, 10.0], [89377.5, 1380.0], [89380.0, 4630.0], [89382.5, 5190.0], [89385.0, 17530.0], [89412.5, 300.0], [89415.0, 1000.0], [89432.5, 1500.0], [89435.0, 5040.0], [89442.5, 300.0], [89445.0, 1000.0], [89495.0, 10.0]]}}}
{"jsonrpc": "2.0", "method": "subscription", "params": {"channel": "book.BTC-6FEB26.none.20.100ms", "data": {"timestamp": 1769566341779, "change_id": 137149378251, "instrument_name": "BTC-6FEB26", "bids": [[89320.0, 420.0], [89317.5, 10.0], [89315.0, 1860.0], [89312.5, 1540.0], [89297.5, 13860.0], [89295.0, 46420.0], [89235.0, 4720.0], [89232.5, 15820.0], [89222.5, 330.0], [89202.5, 300.0], [89200.0, 1000.0], [89187.5, 640.0], [89185.0, 2160.0], [89175.0, 2580.0], [89172.5, 8640.0], [89165.0, 10.0], [89147.5, 40.0], [89145.0, 1500.0], [89142.5, 5020.0], [89130.0, 1120.0]], "asks": [[89330.0, 1350.0], [89332.5, 1410.0], [89335.0, 7490.0], [89337.5, 1400.0], [89340.0, 24400.0], [89342.5, 51500.0], [89345.0, 87610.0], [89347.5, 1500.0], [89352.5, 10.0], [89377.5, 1380.0], [89380.0, 4630.0], [89382.5, 5190.0], [89385.0, 17530.0], [89412.5, 300.0], [89415.0, 1000.0], [89432.5, 1500.0], [89435.0, 5040.0], [89442.5, 300.0], [89445.0, 1000.0], [89495.0, 10.0]]}}}
{"jsonrpc": "2.0", "method": "subscription", "params": {"channel": "book.BTC-6FEB26.none.20.100ms", "data": {"timestamp": 1769566342020, "change_id": 137149378359, "instrument_name": "BTC-6FEB26", "bids": [[89322.5, 1820.0], [89320.0, 1820.0], [89317.5, 10.0], [89315.0, 1860.0], [89312.5, 1540.0], [89297.5, 13860.0], [89295.0, 46420.0], [89235.0, 4720.0], [89232.5, 15820.0], [89222.5, 330.0], [89202.5, 300.0], [89200.0, 1000.0], [89187.5, 640.0], [89185.0, 2160.0], [89175.0, 2580.0], [89172.5, 8640.0], [89165.0, 10.0], [89147.5, 40.0], [89145.0, 1500.0], [89142.5, 5020.0]], "asks": [[89327.5, 3230.0], [89330.0, 1410.0], [89332.5, 1400.0], [89335.0, 7490.0], [89337.5, 1400.0], [89340.0, 24400.0], [89342.5, 51500.0], [89345.0, 86210.0], [89352.5, 10.0], [89377.5, 1380.0], [89380.0, 4630.0], [89382.5, 5190.0], [89385.0, 17530.0], [89412.5, 300.0], [89415.0, 1000.0], [89432.5, 1500.0], [89435.0, 5040.0], [89442.5, 300.0], [89445.0, 1000.0], [89495.0, 10.0]]}}}
{"jsonrpc": "2.0", "method": "subscription", "params": {"channel": "book.BTC-6FEB26.none.20.100ms", "data": {"timestamp": 1769566342876, "change_id": 137149379319, "instrument_name": "BTC-6FEB26", "bids": [[89322.5, 1820.0], [89320.0, 1820.0], [89317.5, 10.0], [89315.0, 1860.0], [89312.5, 1540.0], [89297.5, 13860.0], [89295.0, 46420.0], [89235.0, 4720.0], [89232.5, 15820.0], [89225.0, 330.0], [89202.5, 300.0], [89200.0, 1000.0], [89187.5, 640.0], [89185.0, 2160.0], [89175.0, 2580.0], [89172.5, 8640.0], [89165.0, 10.0], [89147.5, 40.0], [89145.0, 1500.0], [89142.5, 5020.0]], "asks": [[89327.5, 3230.0], [89330.0, 1410.0], [89332.5, 1400.0], [89335.0, 7490.0], [89337.5, 1400.0], [89340.0, 24400.0], [89342.5, 51500.0], [89345.0, 43330.0], [89352.5, 10.0], [89377.5, 1380.0], [89380.0, 4630.0], [89382.5, 5190.0], [89385.0, 17530.0], [89412.5, 300.0], [89415.0, 1000.0], [89432.5, 1500.0], [89435.0, 5040.0], [89442.5, 300.0], [89445.0, 1000.0], [89495.0, 10.0]]}}}
{"jsonrpc": "2.0", "method": "subscription", "params": {"channel": "book.BTC-6FEB26.none.20.100ms", "data": {"timestamp": 1769566343060, "change_id": 137149379794, "instrument_name": "BTC-6FEB26", "bids": [[89315.0, 460.0], [89312.5, 1500.0], [89310.0, 10.0], [89300.0, 40.0], [89297.5, 13860.0], [89295.0, 46420.0], [89235.0, 4720.0], [89232.5, 15820.0], [89227.5, 330.0], [89202.5, 300.0], [89200.0, 1000.0], [89187.5, 640.0], [89185.0, 2160.0], [89175.0, 2580.0], [89172.5, 8640.0], [89165.0, 10.0], [89147.5, 40.0], [89142.5, 1500.0], [89140.0, 5020.0], [89130.0, 1120.0]], "asks": [[89322.5, 1830.0], [89325.0, 2210.0], [89327.5, 1400.0], [89330.0, 1920.0], [89332.5, 1400.0], [89335.0, 3990.0], [89337.5, 1400.0], [89340.0, 24400.0], [89342.5, 51510.0], [89345.0, 86210.0], [89377.5, 1380.0], [89380.0, 4630.0], [89382.5, 5190.0], [89385.0, 17530.0], [89412.5, 300.0], [89415.0, 1000.0], [89432.5, 1500.0], [89435.0, 5040.0], [89442.5, 300.0], [89445.0, 1000.0]]}}}
{"jsonrpc": "2.0", "method": "subscription", "params": {"channel": "book.BTC-6FEB26.none.20.100ms", "data": {"timestamp": 1769566343518, "change_id": 137149380406, "instrument_name": "BTC-6FEB26", "bids": [[89315.0, 460.0], [89312.5, 1500.0], [89310.0, 10.0], [89300.0, 40.0], [89297.5, 13860.0], [89295.0, 46420.0], [89235.0, 4720.0], [89232.5, 15820.0], [89227.5, 330.0], [89202.5, 300.0], [89200.0, 1000.0], [89187.5, 640.0], [89185.0, 2160.0], [89175.0, 2580.0], [89172.5, 8640.0], [89165.0, 10.0], [89147.5, 40.0], [89142.5, 1500.0], [89140.0, 5020.0], [89130.0, 1120.0]], "asks": [[89322.5, 1830.0], [89325.0, 2210.0], [89327.5, 1400.0], [89330.0, 1920.0], [89332.5, 1400.0], [89335.0, 3990.0], [89337.5, 1400.0], [89340.0, 24400.0], [89342.5, 51510.0], [89377.5, 1380.0], [89380.0, 4630.0], [89382.5, 5190.0], [89385.0, 17530.0], [89412.5, 300.0], [89415.0, 1000.0], [89432.5, 1500.0], [89435.0, 5040.0], [89442.5, 300.0], [89445.0, 1000.0], [89495.0, 10.0]]}}}
{"jsonrpc": "2.0", "method": "subscription", "params": {"channel": "book.BTC-6FEB26.none.20.100ms", "data": {"timestamp": 1769566343700, "change_id": 137149380627, "instrument_name": "BTC-6FEB26", "bids": [[89315.0, 460.0], [89312.5, 1500.0], [89310.0, 10.0], [89300.0, 40.0], [89297.5, 13860.0], [89295.0, 46420.0], [89235.0, 4720.0], [89232.5, 15820.0], [89205.0, 330.0], [89202.5, 300.0], [89200.0, 1000.0], [89187.5, 640.0], [89185.0, 2160.0], [89175.0, 2580.0], [89172.5, 8640.0], [89165.0, 10.0], [89147.5, 40.0], [89137.5, 5020.0], [89130.0, 1120.0], [89127.5, 3750.0]], "asks": [[89322.5, 1830.0], [89325.0, 2210.0], [89327.5, 1400.0], [89330.0, 1920.0], [89332.5, 1400.0], [89335.0, 3990.0], [89337.5, 1400.0], [89340.0, 20450.0], [89342.5, 1510.0], [89375.0, 50000.0], [89377.5, 1380.0], [89380.0, 4630.0], [89382.5, 5190.0], [89385.0, 17530.0], [89412.5, 300.0], [89415.0, 1000.0], [89432.5, 1500.0], [89435.0, 5040.0], [89442.5, 300.0], [89445.0, 1000.0]]}}}
{"jsonrpc": "2.0", "method": "subscription", "params": {"channel": "book.BTC-6FEB26.none.20.100ms", "data": {"timestamp": 1769566344102, "change_id": 137149381003, "instrument_name": "BTC-6FEB26", "bids": [[89317.5, 420.0], [89315.0, 1860.0], [89312.5, 1510.0], [89300.0, 40.0], [89297.5, 13860.0], [89295.0, 46420.0], [89235.0, 4720.0], [89232.5, 15820.0], [89205.0, 330.0], [89202.5, 300.0], [89200.0, 1000.0], [89187.5, 640.0], [89185.0, 2160.0], [89175.0, 2580.0], [89172.5, 8640.0], [89165.0, 10.0], [89147.5, 40.0], [89140.0, 1500.0], [89137.5, 5020.0], [89130.0, 1120.0]], "asks": [[89322.5, 1400.0], [89325.0, 820.0], [89327.5, 1400.0], [89330.0, 1920.0], [89332.5, 1400.0], [89335.0, 5880.0], [89337.5, 44280.0], [89340.0, 63330.0], [89377.5, 1380.0], [89380.0, 54630.0], [89382.5, 5190.0], [89385.0, 17530.0], [89412.5, 300.0], [89415.0, 1000.0], [89432.5, 1500.0], [89435.0, 5040.0], [89442.5, 300.0], [89445.0, 1000.0], [89495.0, 10.0], [89497.5, 600.0]]}}}
{"jsonrpc": "2.0", "method": "subscription", "params": {"channel": "book.BTC-6FEB26.none.20.100ms", "data": {"timestamp": 1769566344503, "change_id": 137149381529, "instrument_name": "BTC-6FEB26", "bids": [[89317.5, 420.0], [89315.0, 1860.0], [89312.5, 1510.0], [89300.0, 40.0], [89297.5, 13860.0], [89295.0, 46420.0], [89235.0, 4720.0], [89232.5, 15820.0], [89205.0, 330.0], [89202.5, 300.0], [89200.0, 1000.0], [89187.5, 640.0], [89185.0, 2160.0], [89175.0, 2580.0], [89172.5, 8640.0], [89165.0, 10.0], [89147.5, 40.0], [89140.0, 1500.0], [89137.5, 5020.0], [89130.0, 1120.0]], "asks": [[89322.5, 1400.0], [89325.0, 1370.0], [89327.5, 3400.0], [89330.0, 6920.0], [89332.5, 1400.0], [89335.0, 75880.0], [89337.5, 44280.0], [89340.0, 43330.0], [89377.5, 1380.0], [89380.0, 4630.0], [89382.5, 5190.0], [89385.0, 17530.0], [89412.5, 300.0], [89415.0, 1000.0], [89432.5, 1500.0], [89435.0, 5040.0], [89442.5, 300.0], [89445.0, 1000.0], [89495.0, 10.0], [89497.5, 600.0]]}}}
{"jsonrpc": "2.0", "method": "subscription", "params": {"channel": "book.BTC-6FEB26.none.20.100ms", "data": {"timestamp": 1769566344885, "change_id": 137149381894, "instrument_name": "BTC-6FEB26", "bids": [[89317.5, 1820.0], [89315.0, 1860.0], [89312.5, 1510.0], [89300.0, 40.0], [89297.5, 13860.0], [89295.0, 46420.0], [89235.0, 4720.0], [89232.5, 15820.0], [89205.0, 330.0], [89202.5, 300.0], [89200.0, 1000.0], [89187.5, 640.0], [89185.0, 2160.0], [89175.0, 2580.0], [89172.5, 8640.0], [89165.0, 10.0], [89147.5, 40.0], [89140.0, 1500.0], [89137.5, 5020.0], [89130.0, 1120.0]], "asks": [[89322.5, 1400.0], [89325.0, 1360.0], [89327.5, 3410.0], [89330.0, 6920.0], [89332.5, 1400.0], [89335.0, 75880.0], [89337.5, 44280.0], [89340.0, 43330.0], [89377.5, 1380.0], [89380.0, 4630.0], [89382.5, 5190.0], [89385.0, 17530.0], [89412.5, 300.0], [89415.0, 1000.0], [89432.5, 1500.0], [89435.0, 5040.0], [89442.5, 300.0], [89445.0, 1000.0], [89495.0, 10.0], [89497.5, 600.0]]}}}
{"jsonrpc": "2.0", "method": "subscription", "params": {"channel": "book.BTC-6FEB26.none.20.100ms", "data": {"timestamp": 1769566345261, "change_id": 137149381991, "instrument_name": "BTC-6FEB26", "bids": [[89320.0, 2240.0], [89317.5, 1400.0], [89315.0, 1870.0], [89312.5, 1500.0], [89300.0, 40.0], [89297.5, 13860.0], [89295.0, 46420.0], [89235.0, 4720.0], [89232.5, 15820.0], [89205.0, 330.0], [89202.5, 300.0], [89200.0, 1000.0], [89187.5, 640.0], [89185.0, 2160.0], [89175.0, 2580.0], [89172.5, 8640.0], [89165.0, 10.0], [89147.5, 40.0], [89140.0, 1500.0], [89137.5, 5020.0]], "asks": [[89325.0, 870.0], [89327.5, 1400.0], [89330.0, 6930.0], [89332.5, 1400.0], [89335.0, 75880.0], [89337.5, 44280.0], [89340.0, 43330.0], [89377.5, 1380.0], [89380.0, 4630.0], [89382.5, 5190.0], [89385.0, 17530.0], [89412.5, 300.0], [89415.0, 1000.0], [89432.5, 1500.0], [89435.0, 5040.0], [89442.5, 300.0], [89445.0, 1000.0], [89495.0, 10.0], [89497.5, 600.0], [89500.0, 2000.0]]}}}
