{"jsonrpc": "2.0", "method": "subscription", "params": {"channel": "book.BTC-14NOV25.none.20.100ms", "data": {"timestamp": 1763084050025, "change_id": 126852291388, "instrument_name": "BTC-14NOV25", "bids": [[99272.5, 1890.0], [99270.0, 6330.0], [99262.5, 1890.0], [99260.0, 6330.0], [99215.0, 1330.0], [99212.5, 4460.0], [99200.0, 13430.0], [99197.5, 44990.0], [99182.5, 4790.0], [99180.0, 16050.0], [98990.0, 500.0], [98947.5, 10420.0], [98940.0, 38420.0], [98935.0, 12000.0], [98932.5, 50000.0], [98835.0, 24570.0], [98745.0, 50000.0], [98690.0, 153700.0], [98687.5, 624460.0], [98662.5, 49000.0]], "asks": [[99282.5, 1870.0], [99285.0, 6250.0], [99290.0, 10.0], [99302.5, 2060.0], [99305.0, 27690.0], [99307.5, 71570.0], [99312.5, 3000.0], [99315.0, 26380.0], [99317.5, 71500.0], [99320.0, 19330.0], [99325.0, 1120.0], [99340.0, 920.0], [99342.5, 3000.0], [99367.5, 4750.0], [99370.0, 16820.0], [99372.5, 3000.0], [99510.0, 41570.0], [99547.5, 1300.0], [99550.0, 4350.0], [99610.0, 500.0]]}}}
{"jsonrpc": "2.0", "method": "subscription", "params": {"channel": "book.BTC-21NOV25.none.20.100ms", "data": {"timestamp": 1763084050095, "change_id": 126852291579, "instrument_name": "BTC-21NOV25", "bids": [[99260.0, 1890.0], [99257.5, 6340.0], [99255.0, 1890.0], [99252.5, 6330.0], [99212.5, 13430.0], [99210.0, 46320.0], [99207.5, 4460.0], [99200.0, 4680.0], [99197.5, 15670.0], [99192.5, 300.0], [99187.5, 300.0], [99110.0, 10.0], [99070.0, 2400.0], [99005.0, 500.0], [98967.5, 9600.0], [98927.5, 38420.0], [98925.0, 50000.0], [98872.5, 6370.0], [98775.0, 50000.0], [98732.5, 300.0]], "asks": [[99275.0, 1870.0], [99277.5, 6260.0], [99280.0, 390.0], [99282.5, 1300.0], [99285.0, 390.0], [99287.5, 1300.0], [99290.0, 1870.0], [99295.0, 6330.0], [99302.5, 80.0], [99382.5, 14930.0], [99385.0, 54960.0], [99387.5, 16600.0], [99490.0, 12420.0], [99492.5, 41600.0], [99525.0, 10.0], [99555.0, 4390.0], [99605.0, 500.0], [99625.0, 50000.0], [99685.0, 38420.0], [99690.0, 6270.0]]}}}
{"jsonrpc": "2.0", "method": "subscription", "params": {"channel": "book.BTC-14NOV25.none.20.100ms", "data": {"timestamp": 1763084050138, "change_id": 126852291743, "instrument_name": "BTC-14NOV25", "bids": [[99270.0, 6330.0], [99262.5, 1890.0], [99260.0, 6330.0], [99215.0, 1330.0], [99212.5, 4460.0], [99200.0, 13430.0], [99197.5, 44990.0], [99182.5, 4790.0], [99180.0, 16050.0], [98990.0, 500.0], [98947.5, 10420.0], [98940.0, 38420.0], [98935.0, 12000.0], [98932.5, 50000.0], [98835.0, 24570.0], [98745.0, 50000.0], [98690.0, 153700.0], [98687.5, 624460.0], [98662.5, 49000.0], [98635.0, 50000.0]], "asks": [[99282.5, 1870.0], [99285.0, 6250.0], [99292.5, 10.0], [99302.5, 2060.0], [99305.0, 27690.0], [99307.5, 71570.0], [99312.5, 3000.0], [99315.0, 26380.0], [99317.5, 71500.0], [99320.0, 19330.0], [99325.0, 1120.0], [99340.0, 920.0], [99342.5, 3000.0], [99367.5, 4750.0], [99370.0, 16820.0], [99372.5, 3000.0], [99510.0, 41570.0], [99547.5, 1300.0], [99550.0, 4350.0], [99610.0, 500.0]]}}}
{"jsonrpc": "2.0", "method": "subscription", "params": {"channel": "book.BTC-21NOV25.none.20.100ms", "data": {"timestamp": 1763084050131, "change_id": 126852291726, "instrument_name": "BTC-21NOV25", "bids": [[99257.5, 6340.0], [99255.0, 1890.0], [99252.5, 6330.0], [99212.5, 13430.0], [99210.0, 46320.0], [99207.5, 4460.0], [99200.0, 4680.0], [99197.5, 15670.0], [99192.5, 300.0], [99187.5, 300.0], [99110.0, 10.0], [99070.0, 2400.0], [99005.0, 500.0], [98967.5, 9600.0], [98927.5, 38420.0], [98925.0, 50000.0], [98872.5, 6370.0], [98775.0, 50000.0], [98732.5, 300.0], [98717.5, 153700.0]], "asks": [[99275.0, 1880.0], [99277.5, 6250.0], [99280.0, 390.0], [99282.5, 1300.0], [99285.0, 390.0], [99287.5, 1300.0], [99290.0, 1870.0], [99295.0, 6330.0], [99302.5, 80.0], [99382.5, 14930.0], [99385.0, 54960.0], [99387.5, 16600.0], [99490.0, 12420.0], [99492.5, 41600.0], [99525.0, 10.0], [99555.0, 4390.0], [99605.0, 500.0], [99625.0, 50000.0], [99685.0, 38420.0], [99690.0, 6270.0]]}}}
{"jsonrpc": "2.0", "method": "subscription", "params": {"channel": "book.BTC-14NOV25.none.20.100ms", "data": {"timestamp": 1763084051051, "change_id": 126852293610, "instrument_name": "BTC-14NOV25", "bids": [[99282.5, 1890.0], [99280.0, 6330.0], [99270.0, 1950.0], [99267.5, 6250.0], [99215.0, 1330.0], [99212.5, 4460.0], [99200.0, 13430.0], [99197.5, 44990.0], [99182.5, 4790.0], [99180.0, 16050.0], [98990.0, 500.0], [98950.0, 10420.0], [98940.0, 38420.0], [98935.0, 12000.0], [98932.5, 50000.0], [98840.0, 24570.0], [98745.0, 50000.0], [98690.0, 153700.0], [98687.5, 624460.0], [98662.5, 49000.0]], "asks": [[99300.0, 1920.0], [99302.5, 6420.0], [99305.0, 21360.0], [99307.5, 71490.0], [99310.0, 1780.0], [99312.5, 6340.0], [99315.0, 26380.0], [99317.5, 71500.0], [99320.0, 20190.0], [99322.5, 3000.0], [99325.0, 1120.0], [99332.5, 80.0], [99350.0, 900.0], [99352.5, 3000.0], [99367.5, 4750.0], [99370.0, 15920.0], [99382.5, 3000.0], [99510.0, 41570.0], [99547.5, 1300.0], [99550.0, 4350.0]]}}}
{"jsonrpc": "2.0", "method": "subscription", "params": {"channel": "book.BTC-21NOV25.none.20.100ms", "data": {"timestamp": 1763084051086, "change_id": 126852293612, "instrument_name": "BTC-21NOV25", "bids": [[99262.5, 1960.0], [99260.0, 8140.0], [99257.5, 6330.0], [99235.0, 2330.0], [99232.5, 7800.0], [99212.5, 13430.0], [99210.0, 46320.0], [99207.5, 4460.0], [99200.0, 4680.0], [99197.5, 15670.0], [99192.5, 300.0], [99187.5, 300.0], [99110.0, 10.0], [99070.0, 2400.0], [99005.0, 500.0], [98967.5, 9600.0], [98927.5, 38420.0], [98925.0, 50000.0], [98875.0, 6370.0], [98775.0, 50000.0]], "asks": [[99285.0, 390.0], [99287.5, 1300.0], [99290.0, 10.0], [99300.0, 1890.0], [99302.5, 6330.0], [99317.5, 80.0], [99385.0, 4960.0], [99387.5, 16600.0], [99485.0, 14930.0], [99487.5, 50000.0], [99490.0, 12420.0], [99492.5, 41600.0], [99525.0, 10.0], [99555.0, 4390.0], [99605.0, 500.0], [99625.0, 50000.0], [99685.0, 38420.0], [99690.0, 6270.0], [99732.5, 40.0], [99757.5, 2400.0]]}}}
{"jsonrpc": "2.0", "method": "subscription", "params": {"channel": "book.BTC-14NOV25.none.20.100ms", "data": {"timestamp": 1763084051390, "change_id": 126852294154, "instrument_name": "BTC-14NOV25", "bids": [[99282.5, 1890.0], [99280.0, 6330.0], [99270.0, 1950.0], [99267.5, 6250.0], [99215.0, 1330.0], [99212.5, 4460.0], [99200.0, 13430.0], [99197.5, 44990.0], [99182.5, 4790.0], [99180.0, 16050.0], [98990.0, 500.0], [98950.0, 10420.0], [98940.0, 38420.0], [98935.0, 12000.0], [98932.5, 50000.0], [98840.0, 24570.0], [98745.0, 50000.0], [98690.0, 153700.0], [98687.5, 624460.0], [98662.5, 49000.0]], "asks": [[99300.0, 1920.0], [99302.5, 6420.0], [99305.0, 10.0], [99310.0, 1780.0], [99312.5, 6330.0], [99315.0, 26380.0], [99317.5, 71500.0], [99320.0, 20190.0], [99322.5, 3000.0], [99325.0, 1120.0], [99332.5, 80.0], [99350.0, 900.0], [99352.5, 3000.0], [99367.5, 4750.0], [99370.0, 15920.0], [99382.5, 3000.0], [99510.0, 41570.0], [99547.5, 1300.0], [99550.0, 4350.0], [99610.0, 500.0]]}}}
{"jsonrpc": "2.0", "method": "subscription", "params": {"channel": "book.BTC-21NOV25.none.20.100ms", "data": {"timestamp": 1763084051163, "change_id": 126852293890, "instrument_name": "BTC-21NOV25", "bids": [[99262.5, 1960.0], [99260.0, 8140.0], [99257.5, 6330.0], [99235.0, 2330.0], [99232.5, 7800.0], [99212.5, 13430.0], [99210.0, 46320.0], [99207.5, 4460.0], [99200.0, 4680.0], [99197.5, 15670.0], [99192.5, 300.0], [99187.5, 300.0], [99110.0, 10.0], [99070.0, 2400.0], [99005.0, 500.0], [98967.5, 9600.0], [98927.5, 38420.0], [98925.0, 50000.0], [98875.0, 6370.0], [98775.0, 50000.0]], "asks": [[99285.0, 390.0], [99287.5, 1310.0], [99292.5, 1870.0], [99295.0, 6250.0], [99300.0, 1890.0], [99302.5, 6330.0], [99317.5, 80.0], [99385.0, 4960.0], [99387.5, 16600.0], [99482.5, 50000.0], [99490.0, 12420.0], [99492.5, 41600.0], [99525.0, 10.0], [99555.0, 4390.0], [99605.0, 500.0], [99625.0, 50000.0], [99685.0, 38420.0], [99690.0, 6270.0], [99732.5, 40.0], [99757.5, 2400.0]]}}}
{"jsonrpc": "2.0", "method": "subscription", "params": {"channel": "book.BTC-14NOV25.none.20.100ms", "data": {"timestamp": 1763084051682, "change_id": 126852294658, "instrument_name": "BTC-14NOV25", "bids": [[99280.0, 6330.0], [99277.5, 1870.0], [99275.0, 6250.0], [99270.0, 80.0], [99215.0, 1330.0], [99212.5, 4460.0], [99200.0, 13430.0], [99197.5, 44990.0], [99182.5, 4790.0], [99180.0, 16050.0], [98990.0, 500.0], [98950.0, 10420.0], [98940.0, 38420.0], [98935.0, 12000.0], [98932.5, 50000.0], [98840.0, 24570.0], [98745.0, 50000.0], [98690.0, 153700.0], [98687.5, 624460.0], [98662.5, 49000.0]], "asks": [[99285.0, 170.0], [99297.5, 4900.0], [99300.0, 1920.0], [99302.5, 6250.0], [99305.0, 10.0], [99315.0, 5170.0], [99320.0, 20190.0], [99322.5, 3000.0], [99325.0, 1120.0], [99332.5, 80.0], [99350.0, 900.0], [99352.5, 3000.0], [99367.5, 4750.0], [99370.0, 15920.0], [99382.5, 3000.0], [99510.0, 41570.0], [99547.5, 1300.0], [99550.0, 4350.0], [99610.0, 500.0], [99632.5, 50000.0]]}}}
{"jsonrpc": "2.0", "method": "subscription", "params": {"channel": "book.BTC-21NOV25.none.20.100ms", "data": {"timestamp": 1763084051738, "change_id": 126852294686, "instrument_name": "BTC-21NOV25", "bids": [[99272.5, 80.0], [99270.0, 1870.0], [99267.5, 6250.0], [99262.5, 10.0], [99260.0, 1890.0], [99257.5, 6330.0], [99235.0, 2330.0], [99232.5, 7800.0], [99212.5, 13430.0], [99210.0, 46320.0], [99207.5, 4460.0], [99200.0, 4680.0], [99197.5, 15670.0], [99192.5, 300.0], [99187.5, 300.0], [99110.0, 10.0], [99070.0, 2400.0], [99005.0, 500.0], [98967.5, 9600.0], [98927.5, 38420.0]], "asks": [[99287.5, 1310.0], [99292.5, 1870.0], [99295.0, 6250.0], [99317.5, 80.0], [99385.0, 4960.0], [99387.5, 16600.0], [99490.0, 62420.0], [99492.5, 41600.0], [99525.0, 10.0], [99555.0, 4390.0], [99605.0, 500.0], [99625.0, 50000.0], [99685.0, 38420.0], [99690.0, 6270.0], [99732.5, 40.0], [99757.5, 2400.0], [99825.0, 18300.0], [99862.5, 37330.0], [99900.0, 36620.0], [99910.0, 9600.0]]}}}
{"jsonrpc": "2.0", "method": "subscription", "params": {"channel": "book.BTC-14NOV25.none.20.100ms", "data": {"timestamp": 1763084052049, "change_id": 126852295360, "instrument_name": "BTC-14NOV25", "bids": [[99280.0, 6330.0], [99277.5, 1870.0], [99275.0, 6250.0], [99270.0, 80.0], [99215.0, 1330.0], [99212.5, 4460.0], [99200.0, 13430.0], [99197.5, 44990.0], [99182.5, 4790.0], [99180.0, 16050.0], [98990.0, 500.0], [98950.0, 10420.0], [98940.0, 38420.0], [98935.0, 12000.0], [98932.5, 50000.0], [98840.0, 24570.0], [98745.0, 50000.0], [98690.0, 153700.0], [98687.5, 624460.0], [98662.5, 49000.0]], "asks": [[99285.0, 170.0], [99300.0, 1930.0], [99302.5, 6250.0], [99315.0, 26350.0], [99317.5, 6330.0], [99320.0, 80690.0], [99322.5, 74590.0], [99325.0, 1120.0], [99350.0, 900.0], [99352.5, 3000.0], [99367.5, 4750.0], [99370.0, 15920.0], [99382.5, 3000.0], [99510.0, 41570.0], [99547.5, 1300.0], [99550.0, 4350.0], [99610.0, 500.0], [99632.5, 50000.0], [99700.0, 40.0], [99702.5, 10.0]]}}}
{"jsonrpc": "2.0", "method": "subscription", "params": {"channel": "book.BTC-21NOV25.none.20.100ms", "data": {"timestamp": 1763084052034, "change_id": 126852295245, "instrument_name": "BTC-21NOV25", "bids": [[99272.5, 80.0], [99270.0, 3520.0], [99267.5, 12580.0], [99265.0, 10.0], [99235.0, 2330.0], [99232.5, 7800.0], [99212.5, 13430.0], [99210.0, 46320.0], [99207.5, 4460.0], [99200.0, 4680.0], [99197.5, 15670.0], [99192.5, 300.0], [99187.5, 300.0], [99110.0, 10.0], [99070.0, 2400.0], [99005.0, 500.0], [98967.5, 9600.0], [98927.5, 38420.0], [98925.0, 50000.0], [98875.0, 6370.0]], "asks": [[99285.0, 10.0], [99292.5, 1870.0], [99295.0, 6250.0], [99305.0, 1890.0], [99307.5, 6330.0], [99317.5, 80.0], [99385.0, 4960.0], [99387.5, 16600.0], [99490.0, 62420.0], [99492.5, 41600.0], [99525.0, 10.0], [99555.0, 4390.0], [99605.0, 500.0], [99625.0, 50000.0], [99685.0, 38420.0], [99690.0, 6270.0], [99732.5, 40.0], [99757.5, 2400.0], [99825.0, 18300.0], [99862.5, 37330.0]]}}}
{"jsonrpc": "2.0", "method": "subscription", "params": {"channel": "book.BTC-14NOV25.none.20.100ms", "data": {"timestamp": 1763084052281, "change_id": 126852296152, "instrument_name": "BTC-14NOV25", "bids": [[99270.0, 1970.0], [99267.5, 6330.0], [99215.0, 1330.0], [99212.5, 4460.0], [99200.0, 13430.0], [99197.5, 44990.0], [99182.5, 4790.0], [99180.0, 16050.0], [98990.0, 500.0], [98950.0, 10420.0], [98940.0, 38420.0], [98935.0, 12000.0], [98932.5, 50000.0], [98840.0, 24570.0], [98745.0, 50000.0], [98690.0, 153700.0], [98687.5, 624460.0], [98662.5, 49000.0], [98635.0, 50000.0], [98582.5, 49830.0]], "asks": [[99285.0, 170.0], [99292.5, 1870.0], [99295.0, 6250.0], [99302.5, 10.0], [99305.0, 1890.0], [99307.5, 6330.0], [99312.5, 80.0], [99315.0, 26350.0], [99320.0, 80690.0], [99322.5, 74510.0], [99325.0, 1120.0], [99350.0, 900.0], [99352.5, 3000.0], [99367.5, 4750.0], [99370.0, 15920.0], [99382.5, 3000.0], [99510.0, 41570.0], [99547.5, 1300.0], [99550.0, 4350.0], [99610.0, 500.0]]}}}
{"jsonrpc": "2.0", "method": "subscription", "params": {"channel": "book.BTC-21NOV25.none.20.100ms", "data": {"timestamp": 1763084052260, "change_id": 126852296110, "instrument_name": "BTC-21NOV25", "bids": [[99272.5, 10.0], [99260.0, 1970.0], [99257.5, 6330.0], [99235.0, 2330.0], [99232.5, 7800.0], [99212.5, 13430.0], [99210.0, 46320.0], [99207.5, 4460.0], [99200.0, 4680.0], [99197.5, 15670.0], [99192.5, 300.0], [99187.5, 300.0], [99110.0, 10.0], [99070.0, 2400.0], [99005.0, 500.0], [98967.5, 9600.0], [98927.5, 38420.0], [98925.0, 50000.0], [98875.0, 6370.0], [98775.0, 50000.0]], "asks": [[99285.0, 1880.0], [99287.5, 6250.0], [99295.0, 1890.0], [99297.5, 6330.0], [99307.5, 80.0], [99385.0, 4960.0], [99387.5, 16600.0], [99490.0, 62420.0], [99492.5, 41600.0], [99525.0, 10.0], [99555.0, 4390.0], [99605.0, 500.0], [99625.0, 50000.0], [99685.0, 38420.0], [99690.0, 6270.0], [99732.5, 40.0], [99757.5, 2400.0], [99825.0, 18300.0], [99862.5, 37330.0], [99900.0, 36620.0]]}}}
{"jsonrpc": "2.0", "method": "subscription", "params": {"channel": "book.BTC-14NOV25.none.20.100ms", "data": {"timestamp": 1763084052683, "change_id": 126852296761, "instrument_name": "BTC-14NOV25", "bids": [[99270.0, 1890.0], [99267.5, 6330.0], [99262.5, 1870.0], [99260.0, 6250.0], [99257.5, 80.0], [99215.0, 1330.0], [99212.5, 4460.0], [99200.0, 13430.0], [99197.5, 44990.0], [99182.5, 4790.0], [99180.0, 16050.0], [98990.0, 500.0], [98950.0, 10420.0], [98940.0, 38420.0], [98935.0, 12000.0], [98932.5, 50000.0], [98840.0, 24570.0], [98745.0, 50000.0], [98690.0, 153700.0], [98687.5, 624460.0]], "asks": [[99285.0, 2040.0], [99287.5, 6250.0], [99302.5, 10.0], [99305.0, 1890.0], [99307.5, 6330.0], [99312.5, 80.0], [99315.0, 26350.0], [99320.0, 80690.0], [99322.5, 3000.0], [99325.0, 1120.0], [99350.0, 900.0], [99352.5, 3000.0], [99367.5, 4750.0], [99370.0, 15920.0], [99382.5, 3000.0], [99510.0, 41570.0], [99547.5, 1300.0], [99550.0, 4350.0], [99610.0, 500.0], [99632.5, 50000.0]]}}}
{"jsonrpc": "2.0", "method": "subscription", "params": {"channel": "book.BTC-21NOV25.none.20.100ms", "data": {"timestamp": 1763084052616, "change_id": 126852296669, "instrument_name": "BTC-21NOV25", "bids": [[99272.5, 10.0], [99260.0, 80.0], [99257.5, 6330.0], [99255.0, 1870.0], [99252.5, 6250.0], [99235.0, 2330.0], [99232.5, 7800.0], [99212.5, 13430.0], [99210.0, 46320.0], [99207.5, 4460.0], [99200.0, 4680.0], [99197.5, 15670.0], [99192.5, 300.0], [99187.5, 300.0], [99110.0, 10.0], [99070.0, 2400.0], [99005.0, 500.0], [98967.5, 9600.0], [98927.5, 38420.0], [98925.0, 50000.0]], "asks": [[99277.5, 1870.0], [99280.0, 6250.0], [99285.0, 10.0], [99295.0, 1890.0], [99297.5, 6330.0], [99307.5, 15010.0], [99310.0, 69030.0], [99312.5, 63740.0], [99385.0, 4960.0], [99387.5, 16600.0], [99490.0, 12420.0], [99492.5, 41600.0], [99525.0, 10.0], [99555.0, 4390.0], [99605.0, 500.0], [99625.0, 50000.0], [99685.0, 38420.0], [99690.0, 6270.0], [99732.5, 40.0], [99757.5, 2400.0]]}}}
{"jsonrpc": "2.0", "method": "subscription", "params": {"channel": "book.BTC-14NOV25.none.20.100ms", "data": {"timestamp": 1763084053034, "change_id": 126852297379, "instrument_name": "BTC-14NOV25", "bids": [[99270.0, 1890.0], [99267.5, 6330.0], [99257.5, 80.0], [99252.5, 1870.0], [99250.0, 6250.0], [99215.0, 1330.0], [99212.5, 4460.0], [99200.0, 13430.0], [99197.5, 44990.0], [99182.5, 4790.0], [99180.0, 16050.0], [98990.0, 10920.0], [98940.0, 38420.0], [98935.0, 12000.0], [98932.5, 50000.0], [98842.5, 24570.0], [98745.0, 50000.0], [98690.0, 153700.0], [98687.5, 624460.0], [98662.5, 49000.0]], "asks": [[99280.0, 6250.0], [99285.0, 170.0], [99287.5, 10.0], [99305.0, 22990.0], [99307.5, 77830.0], [99312.5, 80.0], [99315.0, 26350.0], [99320.0, 80690.0], [99322.5, 3000.0], [99325.0, 1120.0], [99350.0, 900.0], [99352.5, 3000.0], [99367.5, 4750.0], [99370.0, 15920.0], [99382.5, 3000.0], [99510.0, 41570.0], [99547.5, 1300.0], [99550.0, 4350.0], [99610.0, 500.0], [99632.5, 50000.0]]}}}
{"jsonrpc": "2.0", "method": "subscription", "params": {"channel": "book.BTC-21NOV25.none.20.100ms", "data": {"timestamp": 1763084053052, "change_id": 126852297534, "instrument_name": "BTC-21NOV25", "bids": [[99260.0, 1970.0], [99257.5, 6340.0], [99245.0, 1870.0], [99242.5, 6250.0], [99235.0, 2330.0], [99232.5, 7800.0], [99212.5, 13430.0], [99210.0, 46320.0], [99207.5, 4460.0], [99200.0, 4680.0], [99197.5, 15670.0], [99192.5, 300.0], [99187.5, 300.0], [99110.0, 10.0], [99070.0, 2400.0], [99005.0, 500.0], [98967.5, 9600.0], [98927.5, 38420.0], [98925.0, 50000.0], [98875.0, 6370.0]], "asks": [[99277.5, 1880.0], [99280.0, 6250.0], [99295.0, 1890.0], [99297.5, 6410.0], [99307.5, 14930.0], [99310.0, 69030.0], [99312.5, 63740.0], [99385.0, 4960.0], [99387.5, 16600.0], [99490.0, 12420.0], [99492.5, 41600.0], [99525.0, 10.0], [99555.0, 4390.0], [99605.0, 500.0], [99625.0, 50000.0], [99685.0, 38420.0], [99690.0, 6270.0], [99732.5, 40.0], [99757.5, 2400.0], [99825.0, 18300.0]]}}}
{"jsonrpc": "2.0", "method": "subscription", "params": {"channel": "book.BTC-14NOV25.none.20.100ms", "data": {"timestamp": 1763084053125, "change_id": 126852298087, "instrument_name": "BTC-14NOV25", "bids": [[99270.0, 1890.0], [99267.5, 6330.0], [99260.0, 1890.0], [99257.5, 6330.0], [99215.0, 1330.0], [99212.5, 4460.0], [99200.0, 13430.0], [99197.5, 44990.0], [99182.5, 4790.0], [99180.0, 16050.0], [98990.0, 10920.0], [98940.0, 38420.0], [98935.0, 12000.0], [98932.5, 50000.0], [98842.5, 24570.0], [98745.0, 50000.0], [98690.0, 153700.0], [98687.5, 624460.0], [98662.5, 49000.0], [98635.0, 50000.0]], "asks": [[99285.0, 170.0], [99287.5, 1870.0], [99290.0, 6250.0], [99295.0, 910.0], [99297.5, 3050.0], [99302.5, 10.0], [99305.0, 22990.0], [99307.5, 77830.0], [99312.5, 80.0], [99315.0, 2390.0], [99320.0, 9190.0], [99322.5, 3000.0], [99325.0, 1120.0], [99350.0, 900.0], [99352.5, 3000.0], [99367.5, 4750.0], [99370.0, 15920.0], [99382.5, 3000.0], [99510.0, 41570.0], [99547.5, 1300.0]]}}}
{"jsonrpc": "2.0", "method": "subscription", "params": {"channel": "book.BTC-21NOV25.none.20.100ms", "data": {"timestamp": 1763084053287, "change_id": 126852298077, "instrument_name": "BTC-21NOV25", "bids": [[99260.0, 90.0], [99257.5, 6330.0], [99255.0, 1870.0], [99252.5, 6250.0], [99235.0, 2330.0], [99232.5, 7800.0], [99212.5, 13430.0], [99210.0, 46320.0], [99207.5, 4460.0], [99200.0, 4680.0], [99197.5, 15670.0], [99192.5, 300.0], [99187.5, 300.0], [99110.0, 10.0], [99070.0, 2400.0], [99005.0, 500.0], [98967.5, 9600.0], [98927.5, 38420.0], [98925.0, 50000.0], [98875.0, 6370.0]], "asks": [[99277.5, 1880.0], [99280.0, 6250.0], [99295.0, 1890.0], [99297.5, 6410.0], [99307.5, 14930.0], [99310.0, 69030.0], [99312.5, 63740.0], [99385.0, 4960.0], [99387.5, 16600.0], [99490.0, 12420.0], [99492.5, 41600.0], [99525.0, 10.0], [99555.0, 4390.0], [99605.0, 500.0], [99625.0, 50000.0], [99685.0, 38420.0], [99690.0, 6270.0], [99732.5, 40.0], [99757.5, 2400.0], [99825.0, 18300.0]]}}}
{"jsonrpc": "2.0", "method": "subscription", "params": {"channel": "book.BTC-14NOV25.none.20.100ms", "data": {"timestamp": 1763084053544, "change_id": 126852298573, "instrument_name": "BTC-14NOV25", "bids": [[99270.0, 1890.0], [99267.5, 6330.0], [99260.0, 1890.0], [99257.5, 6330.0], [99215.0, 1330.0], [99212.5, 4460.0], [99200.0, 13430.0], [99197.5, 44990.0], [99182.5, 4790.0], [99180.0, 16050.0], [98990.0, 10920.0], [98940.0, 38420.0], [98935.0, 12000.0], [98932.5, 50000.0], [98842.5, 24570.0], [98745.0, 50000.0], [98690.0, 153700.0], [98687.5, 624460.0], [98662.5, 49000.0], [98635.0, 50000.0]], "asks": [[99285.0, 170.0], [99287.5, 1870.0], [99290.0, 6250.0], [99295.0, 910.0], [99297.5, 3050.0], [99302.5, 10.0], [99305.0, 22990.0], [99307.5, 77830.0], [99310.0, 21370.0], [99312.5, 71580.0], [99315.0, 2390.0], [99320.0, 9190.0], [99322.5, 3000.0], [99325.0, 1120.0], [99350.0, 900.0], [99352.5, 3000.0], [99367.5, 4750.0], [99370.0, 15920.0], [99382.5, 3000.0], [99510.0, 41570.0]]}}}
{"jsonrpc": "2.0", "method": "subscription", "params": {"channel": "book.BTC-21NOV25.none.20.100ms", "data": {"timestamp": 1763084053453, "change_id": 126852298409, "instrument_name": "BTC-21NOV25", "bids": [[99260.0, 1980.0], [99257.5, 6330.0], [99255.0, 1870.0], [99252.5, 6250.0], [99235.0, 2330.0], [99232.5, 7800.0], [99212.5, 13430.0], [99210.0, 46320.0], [99207.5, 4460.0], [99200.0, 4680.0], [99197.5, 15670.0], [99192.5, 300.0], [99187.5, 300.0], [99110.0, 10.0], [99070.0, 2400.0], [99005.0, 500.0], [98967.5, 9600.0], [98927.5, 38420.0], [98925.0, 50000.0], [98875.0, 6370.0]], "asks": [[99277.5, 1880.0], [99280.0, 6250.0], [99295.0, 1890.0], [99297.5, 6410.0], [99307.5, 14930.0], [99310.0, 69030.0], [99312.5, 63740.0], [99385.0, 4960.0], [99387.5, 16600.0], [99490.0, 12420.0], [99492.5, 41600.0], [99525.0, 10.0], [99555.0, 4390.0], [99605.0, 500.0], [99625.0, 50000.0], [99685.0, 38420.0], [99690.0, 6270.0], [99732.5, 40.0], [99757.5, 2400.0], [99825.0, 18300.0]]}}}
{"jsonrpc": "2.0", "method": "subscription", "params": {"channel": "book.BTC-14NOV25.none.20.100ms", "data": {"timestamp": 1763084054037, "change_id": 126852299264, "instrument_name": "BTC-14NOV25", "bids": [[99270.0, 3510.0], [99267.5, 6330.0], [99265.0, 6250.0], [99257.5, 80.0], [99215.0, 1330.0], [99212.5, 4460.0], [99200.0, 13430.0], [99197.5, 44990.0], [99182.5, 4790.0], [99180.0, 16050.0], [98990.0, 10920.0], [98940.0, 38420.0], [98935.0, 12000.0], [98932.5, 50000.0], [98842.5, 24570.0], [98745.0, 50000.0], [98690.0, 153700.0], [98687.5, 624460.0], [98662.5, 49000.0], [98635.0, 50000.0]], "asks": [[99285.0, 170.0], [99287.5, 1870.0], [99290.0, 6250.0], [99295.0, 910.0], [99297.5, 3060.0], [99305.0, 22990.0], [99307.5, 77830.0], [99310.0, 21370.0], [99312.5, 71580.0], [99315.0, 2390.0], [99320.0, 9190.0], [99322.5, 3000.0], [99325.0, 1120.0], [99350.0, 900.0], [99352.5, 3000.0], [99367.5, 4750.0], [99370.0, 15920.0], [99382.5, 3000.0], [99510.0, 41570.0], [99547.5, 1300.0]]}}}
{"jsonrpc": "2.0", "method": "subscription", "params": {"channel": "book.BTC-21NOV25.none.20.100ms", "data": {"timestamp": 1763084053925, "change_id": 126852299173, "instrument_name": "BTC-21NOV25", "bids": [[99260.0, 1980.0], [99257.5, 6330.0], [99255.0, 1870.0], [99252.5, 6250.0], [99235.0, 2330.0], [99232.5, 7800.0], [99212.5, 13430.0], [99210.0, 46320.0], [99207.5, 4460.0], [99200.0, 4680.0], [99197.5, 15670.0], [99192.5, 300.0], [99187.5, 300.0], [99110.0, 10.0], [99070.0, 2400.0], [99005.0, 500.0], [98967.5, 9600.0], [98927.5, 38420.0], [98925.0, 50000.0], [98875.0, 6370.0]], "asks": [[99277.5, 1880.0], [99280.0, 6250.0], [99295.0, 1890.0], [99297.5, 6330.0], [99307.5, 14930.0], [99310.0, 69110.0], [99312.5, 63740.0], [99385.0, 4960.0], [99387.5, 16600.0], [99490.0, 12420.0], [99492.5, 41600.0], [99525.0, 10.0], [99555.0, 4390.0], [99605.0, 500.0], [99625.0, 50000.0], [99685.0, 38420.0], [99690.0, 6270.0], [99732.5, 40.0], [99757.5, 2400.0], [99825.0, 18300.0]]}}}
{"jsonrpc": "2.0", "method": "subscription", "params": {"channel": "book.BTC-21NOV25.none.20.100ms", "data": {"timestamp": 1763084054276, "change_id": 126852299830, "instrument_name": "BTC-21NOV25", "bids": [[99262.5, 1900.0], [99260.0, 8230.0], [99257.5, 6330.0], [99235.0, 2330.0], [99232.5, 7800.0], [99212.5, 13430.0], [99210.0, 46320.0], [99207.5, 4460.0], [99200.0, 4680.0], [99197.5, 15670.0], [99192.5, 300.0], [99187.5, 300.0], [99110.0, 10.0], [99070.0, 2400.0], [99005.0, 500.0], [98967.5, 9600.0], [98927.5, 38420.0], [98925.0, 50000.0], [98912.5, 6370.0], [98775.0, 50000.0]], "asks": [[99277.5, 1880.0], [99280.0, 6250.0], [99295.0, 1890.0], [99297.5, 6330.0], [99307.5, 14930.0], [99310.0, 69110.0], [99312.5, 63740.0], [99385.0, 4960.0], [99387.5, 16600.0], [99490.0, 12420.0], [99492.5, 41600.0], [99525.0, 10.0], [99555.0, 4390.0], [99605.0, 500.0], [99625.0, 50000.0], [99685.0, 38420.0], [99690.0, 6270.0], [99732.5, 40.0], [99757.5, 2400.0], [99825.0, 18300.0]]}}}
{"jsonrpc": "2.0", "method": "subscription", "params": {"channel": "book.BTC-14NOV25.none.20.100ms", "data": {"timestamp": 1763084054500, "change_id": 126852300169, "instrument_name": "BTC-14NOV25", "bids": [[99270.0, 3510.0], [99267.5, 6410.0], [99265.0, 6250.0], [99215.0, 1330.0], [99212.5, 4460.0], [99200.0, 13430.0], [99197.5, 44990.0], [99182.5, 4790.0], [99180.0, 16050.0], [98990.0, 10920.0], [98940.0, 38420.0], [98935.0, 12000.0], [98932.5, 50000.0], [98842.5, 24570.0], [98745.0, 50000.0], [98690.0, 153700.0], [98687.5, 624460.0], [98662.5, 49000.0], [98635.0, 50000.0], [98582.5, 49830.0]], "asks": [[99285.0, 170.0], [99295.0, 2660.0], [99297.5, 3050.0], [99300.0, 6250.0], [99305.0, 22990.0], [99307.5, 77840.0], [99310.0, 21370.0], [99312.5, 71580.0], [99315.0, 2390.0], [99320.0, 9190.0], [99322.5, 3000.0], [99325.0, 1120.0], [99350.0, 900.0], [99352.5, 3000.0], [99367.5, 4750.0], [99370.0, 15920.0], [99382.5, 3000.0], [99510.0, 41570.0], [99547.5, 1300.0], [99550.0, 4350.0]]}}}
{"jsonrpc": "2.0", "method": "subscription", "params": {"channel": "book.BTC-21NOV25.none.20.100ms", "data": {"timestamp": 1763084054493, "change_id": 126852300157, "instrument_name": "BTC-21NOV25", "bids": [[99262.5, 1900.0], [99260.0, 8230.0], [99257.5, 6330.0], [99235.0, 2330.0], [99232.5, 7800.0], [99212.5, 13430.0], [99210.0, 46320.0], [99207.5, 4460.0], [99200.0, 4680.0], [99197.5, 15670.0], [99192.5, 300.0], [99187.5, 300.0], [99110.0, 10.0], [99070.0, 2400.0], [99005.0, 500.0], [98967.5, 9600.0], [98927.5, 38420.0], [98925.0, 50000.0], [98912.5, 6370.0], [98775.0, 50000.0]], "asks": [[99280.0, 10.0], [99290.0, 1870.0], [99292.5, 6250.0], [99295.0, 1890.0], [99297.5, 6330.0], [99307.5, 14930.0], [99310.0, 69110.0], [99312.5, 63740.0], [99385.0, 4960.0], [99387.5, 16600.0], [99490.0, 12420.0], [99492.5, 41600.0], [99525.0, 10.0], [99555.0, 4390.0], [99605.0, 500.0], [99625.0, 50000.0], [99685.0, 38420.0], [99690.0, 6270.0], [99732.5, 40.0], [99757.5, 2400.0]]}}}
{"jsonrpc": "2.0", "method": "subscription", "params": {"channel": "book.BTC-14NOV25.none.20.100ms", "data": {"timestamp": 1763084055042, "change_id": 126852300986, "instrument_name": "BTC-14NOV25", "bids": [[99275.0, 1870.0], [99272.5, 6250.0], [99270.0, 1890.0], [99267.5, 6410.0], [99215.0, 1330.0], [99212.5, 4460.0], [99200.0, 13430.0], [99197.5, 44990.0], [99182.5, 4790.0], [99180.0, 16050.0], [98990.0, 10920.0], [98940.0, 38420.0], [98935.0, 12000.0], [98932.5, 50000.0], [98842.5, 24570.0], [98745.0, 50000.0], [98690.0, 153700.0], [98687.5, 624460.0], [98662.5, 49000.0], [98635.0, 50000.0]], "asks": [[99285.0, 170.0], [99290.0, 1870.0], [99292.5, 6250.0], [99295.0, 910.0], [99297.5, 3050.0], [99300.0, 10.0], [99305.0, 22990.0], [99307.5, 77830.0], [99310.0, 21370.0], [99312.5, 71580.0], [99315.0, 2390.0], [99320.0, 9190.0], [99322.5, 3000.0], [99325.0, 1120.0], [99350.0, 900.0], [99352.5, 3000.0], [99367.5, 4750.0], [99370.0, 15920.0], [99382.5, 3000.0], [99510.0, 41570.0]]}}}
{"jsonrpc": "2.0", "method": "subscription", "params": {"channel": "book.BTC-21NOV25.none.20.100ms", "data": {"timestamp": 1763084055049, "change_id": 126852301002, "instrument_name": "BTC-21NOV25", "bids": [[99262.5, 1910.0], [99260.0, 8220.0], [99257.5, 6330.0], [99235.0, 2330.0], [99232.5, 7800.0], [99212.5, 13430.0], [99210.0, 46320.0], [99207.5, 4460.0], [99200.0, 4680.0], [99197.5, 15670.0], [99192.5, 300.0], [99187.5, 300.0], [99110.0, 10.0], [99070.0, 2400.0], [99005.0, 500.0], [98967.5, 9600.0], [98927.5, 38420.0], [98925.0, 50000.0], [98912.5, 6370.0], [98775.0, 50000.0]], "asks": [[99280.0, 10.0], [99282.5, 1870.0], [99285.0, 6250.0], [99295.0, 1890.0], [99297.5, 6330.0], [99307.5, 14930.0], [99310.0, 69110.0], [99312.5, 63740.0], [99385.0, 4960.0], [99387.5, 16600.0], [99490.0, 12420.0], [99492.5, 41600.0], [99525.0, 10.0], [99555.0, 4390.0], [99605.0, 500.0], [99625.0, 50000.0], [99685.0, 38420.0], [99690.0, 6270.0], [99732.5, 40.0], [99757.5, 2400.0]]}}}
{"jsonrpc": "2.0", "method": "subscription", "params": {"channel": "book.BTC-14NOV25.none.20.100ms", "data": {"timestamp": 1763084055169, "change_id": 126852301311, "instrument_name": "BTC-14NOV25", "bids": [[99275.0, 1870.0], [99272.5, 6250.0], [99270.0, 1890.0], [99267.5, 6410.0], [99215.0, 1330.0], [99212.5, 4460.0], [99200.0, 13430.0], [99197.5, 44990.0], [99182.5, 4790.0], [99180.0, 16050.0], [98990.0, 10920.0], [98940.0, 38420.0], [98935.0, 12000.0], [98932.5, 50000.0], [98842.5, 24570.0], [98745.0, 50000.0], [98690.0, 153700.0], [98687.5, 624460.0], [98662.5, 49000.0], [98635.0, 50000.0]], "asks": [[99285.0, 170.0], [99290.0, 1870.0], [99292.5, 6250.0], [99295.0, 910.0], [99297.5, 3060.0], [99305.0, 1890.0], [99307.5, 6330.0], [99310.0, 21370.0], [99312.5, 71580.0], [99315.0, 2390.0], [99320.0, 9190.0], [99322.5, 3000.0], [99325.0, 1120.0], [99350.0, 900.0], [99352.5, 3000.0], [99367.5, 4750.0], [99370.0, 15920.0], [99382.5, 3000.0], [99510.0, 41570.0], [99547.5, 1300.0]]}}}
{"jsonrpc": "2.0", "method": "subscription", "params": {"channel": "book.BTC-21NOV25.none.20.100ms", "data": {"timestamp": 1763084055158, "change_id": 126852301247, "instrument_name": "BTC-21NOV25", "bids": [[99262.5, 1910.0], [99260.0, 8220.0], [99257.5, 6330.0], [99235.0, 2330.0], [99232.5, 7800.0], [99212.5, 13430.0], [99210.0, 46320.0], [99207.5, 4460.0], [99200.0, 4680.0], [99197.5, 15670.0], [99192.5, 300.0], [99187.5, 300.0], [99110.0, 10.0], [99070.0, 2400.0], [99005.0, 500.0], [98967.5, 9600.0], [98927.5, 38420.0], [98925.0, 50000.0], [98912.5, 6370.0], [98775.0, 50000.0]], "asks": [[99282.5, 1880.0], [99285.0, 6250.0], [99295.0, 1890.0], [99297.5, 6330.0], [99307.5, 14930.0], [99310.0, 69110.0], [99312.5, 63740.0], [99385.0, 4960.0], [99387.5, 16600.0], [99490.0, 12420.0], [99492.5, 41600.0], [99525.0, 10.0], [99555.0, 4390.0], [99605.0, 500.0], [99625.0, 50000.0], [99685.0, 38420.0], [99690.0, 6270.0], [99732.5, 40.0], [99757.5, 2400.0], [99825.0, 18300.0]]}}}
{"jsonrpc": "2.0", "method": "subscription", "params": {"channel": "book.BTC-14NOV25.none.20.100ms", "data": {"timestamp": 1763084055552, "change_id": 126852301674, "instrument_name": "BTC-14NOV25", "bids": [[99275.0, 1870.0], [99272.5, 6250.0], [99270.0, 1890.0], [99267.5, 6410.0], [99215.0, 1330.0], [99212.5, 4460.0], [99200.0, 13430.0], [99197.5, 44990.0], [99182.5, 4790.0], [99180.0, 16050.0], [98990.0, 10920.0], [98940.0, 38420.0], [98935.0, 12000.0], [98932.5, 50000.0], [98842.5, 24570.0], [98745.0, 50000.0], [98690.0, 153700.0], [98687.5, 624460.0], [98662.5, 49000.0], [98635.0, 50000.0]], "asks": [[99285.0, 170.0], [99290.0, 1870.0], [99292.5, 6250.0], [99297.5, 10.0], [99305.0, 1890.0], [99307.5, 6330.0], [99310.0, 21370.0], [99312.5, 71580.0], [99315.0, 2390.0], [99320.0, 9190.0], [99322.5, 3000.0], [99325.0, 1120.0], [99350.0, 900.0], [99352.5, 3000.0], [99367.5, 4750.0], [99370.0, 15920.0], [99382.5, 3000.0], [99510.0, 41570.0], [99547.5, 1300.0], [99550.0, 4350.0]]}}}
{"jsonrpc": "2.0", "method": "subscription", "params": {"channel": "book.BTC-14NOV25.none.20.100ms", "data": {"timestamp": 1763084055930, "change_id": 126852302207, "instrument_name": "BTC-14NOV25", "bids": [[99275.0, 1870.0], [99272.5, 6250.0], [99270.0, 1890.0], [99267.5, 6410.0], [99215.0, 1330.0], [99212.5, 4460.0], [99182.5, 4790.0], [99180.0, 16050.0], [99085.0, 45250.0], [98990.0, 10920.0], [98940.0, 38420.0], [98935.0, 12000.0], [98932.5, 50000.0], [98842.5, 24570.0], [98745.0, 50000.0], [98690.0, 153700.0], [98687.5, 624460.0], [98662.5, 49000.0], [98635.0, 50000.0], [98582.5, 49830.0]], "asks": [[99285.0, 170.0], [99290.0, 1870.0], [99292.5, 6250.0], [99297.5, 10.0], [99305.0, 1890.0], [99307.5, 6330.0], [99310.0, 21370.0], [99312.5, 71580.0], [99315.0, 2390.0], [99320.0, 9190.0], [99322.5, 3000.0], [99325.0, 1120.0], [99350.0, 900.0], [99352.5, 3000.0], [99367.5, 4750.0], [99370.0, 15920.0], [99382.5, 3000.0], [99510.0, 41570.0], [99547.5, 1300.0], [99550.0, 4350.0]]}}}
{"jsonrpc": "2.0", "method": "subscription", "params": {"channel": "book.BTC-21NOV25.none.20.100ms", "data": {"timestamp": 1763084055931, "change_id": 126852302208, "instrument_name": "BTC-21NOV25", "bids": [[99262.5, 1910.0], [99260.0, 8220.0], [99257.5, 6330.0], [99235.0, 2330.0], [99232.5, 7800.0], [99210.0, 1330.0], [99207.5, 4460.0], [99200.0, 4680.0], [99197.5, 15670.0], [99192.5, 300.0], [99187.5, 300.0], [99115.0, 13550.0], [99112.5, 45380.0], [99110.0, 10.0], [99070.0, 2400.0], [99005.0, 500.0], [98967.5, 9600.0], [98927.5, 38420.0], [98925.0, 50000.0], [98912.5, 6370.0]], "asks": [[99282.5, 1880.0], [99285.0, 6250.0], [99295.0, 1890.0], [99297.5, 6330.0], [99307.5, 14930.0], [99310.0, 69110.0], [99312.5, 63740.0], [99385.0, 4960.0], [99387.5, 16600.0], [99490.0, 12420.0], [99492.5, 41600.0], [99525.0, 10.0], [99555.0, 4390.0], [99605.0, 500.0], [99625.0, 50000.0], [99685.0, 38420.0], [99690.0, 6270.0], [99732.5, 40.0], [99757.5, 2400.0], [99825.0, 18300.0]]}}}
{"jsonrpc": "2.0", "method": "subscription", "params": {"channel": "book.BTC-14NOV25.none.20.100ms", "data": {"timestamp": 1763084056344, "change_id": 126852302889, "instrument_name": "BTC-14NOV25", "bids": [[99275.0, 1870.0], [99272.5, 6250.0], [99270.0, 1890.0], [99267.5, 6410.0], [99215.0, 1330.0], [99212.5, 4460.0], [99182.5, 4790.0], [99180.0, 16050.0], [99085.0, 45250.0], [98990.0, 10920.0], [98940.0, 38420.0], [98935.0, 12000.0], [98932.5, 50000.0], [98842.5, 24570.0], [98745.0, 50000.0], [98690.0, 153700.0], [98687.5, 624460.0], [98662.5, 49000.0], [98635.0, 50000.0], [98582.5, 49830.0]], "asks": [[99282.5, 1920.0], [99285.0, 6420.0], [99297.5, 10.0], [99305.0, 1890.0], [99307.5, 6330.0], [99310.0, 21370.0], [99312.5, 71580.0], [99315.0, 2390.0], [99320.0, 9190.0], [99322.5, 3000.0], [99325.0, 1120.0], [99350.0, 900.0], [99352.5, 3000.0], [99367.5, 4750.0], [99370.0, 15920.0], [99382.5, 3000.0], [99510.0, 41570.0], [99547.5, 1300.0], [99550.0, 4350.0], [99610.0, 500.0]]}}}
{"jsonrpc": "2.0", "method": "subscription", "params": {"channel": "book.BTC-21NOV25.none.20.100ms", "data": {"timestamp": 1763084056355, "change_id": 126852302901, "instrument_name": "BTC-21NOV25", "bids": [[99262.5, 1900.0], [99260.0, 8220.0], [99257.5, 6330.0], [99255.0, 10.0], [99235.0, 2330.0], [99232.5, 7800.0], [99210.0, 1330.0], [99207.5, 4460.0], [99200.0, 4680.0], [99197.5, 15670.0], [99192.5, 300.0], [99187.5, 300.0], [99115.0, 13550.0], [99112.5, 45380.0], [99110.0, 10.0], [99070.0, 2400.0], [99005.0, 500.0], [98967.5, 9600.0], [98927.5, 38420.0], [98925.0, 50000.0]], "asks": [[99275.0, 1870.0], [99277.5, 6260.0], [99295.0, 1890.0], [99297.5, 6330.0], [99307.5, 14930.0], [99310.0, 69110.0], [99312.5, 63740.0], [99385.0, 4960.0], [99387.5, 16600.0], [99490.0, 12420.0], [99492.5, 41600.0], [99525.0, 10.0], [99555.0, 4390.0], [99605.0, 500.0], [99625.0, 50000.0], [99685.0, 38420.0], [99690.0, 6270.0], [99732.5, 40.0], [99757.5, 2400.0], [99825.0, 18300.0]]}}}
{"jsonrpc": "2.0", "method": "subscription", "params": {"channel": "book.BTC-14NOV25.none.20.100ms", "data": {"timestamp": 1763084056566, "change_id": 126852303147, "instrument_name": "BTC-14NOV25", "bids": [[99270.0, 1890.0], [99267.5, 6410.0], [99262.5, 1870.0], [99260.0, 6250.0], [99215.0, 1330.0], [99212.5, 4460.0], [99182.5, 4790.0], [99180.0, 16050.0], [99085.0, 45250.0], [98990.0, 10920.0], [98940.0, 38420.0], [98935.0, 12000.0], [98932.5, 50000.0], [98842.5, 24570.0], [98745.0, 50000.0], [98690.0, 153700.0], [98687.5, 624460.0], [98662.5, 49000.0], [98635.0, 50000.0], [98582.5, 49830.0]], "asks": [[99282.5, 1920.0], [99285.0, 6420.0], [99297.5, 10.0], [99305.0, 1890.0], [99307.5, 6330.0], [99310.0, 21370.0], [99312.5, 71580.0], [99315.0, 2390.0], [99320.0, 9190.0], [99322.5, 3000.0], [99325.0, 1120.0], [99350.0, 900.0], [99352.5, 3000.0], [99367.5, 4750.0], [99370.0, 15920.0], [99382.5, 3000.0], [99510.0, 41570.0], [99547.5, 1300.0], [99550.0, 4350.0], [99610.0, 500.0]]}}}
{"jsonrpc": "2.0", "method": "subscription", "params": {"channel": "book.BTC-21NOV25.none.20.100ms", "data": {"timestamp": 1763084056567, "change_id": 126852303149, "instrument_name": "BTC-21NOV25", "bids": [[99260.0, 1970.0], [99257.5, 6330.0], [99255.0, 10.0], [99252.5, 1870.0], [99250.0, 6250.0], [99235.0, 2330.0], [99232.5, 7800.0], [99210.0, 1330.0], [99207.5, 4460.0], [99200.0, 4680.0], [99197.5, 15670.0], [99192.5, 300.0], [99187.5, 300.0], [99115.0, 13550.0], [99112.5, 45380.0], [99110.0, 10.0], [99070.0, 2400.0], [99005.0, 500.0], [98967.5, 9600.0], [98927.5, 38420.0]], "asks": [[99275.0, 1870.0], [99277.5, 6260.0], [99295.0, 1890.0], [99297.5, 6330.0], [99307.5, 14930.0], [99310.0, 69110.0], [99312.5, 63740.0], [99385.0, 4960.0], [99387.5, 16600.0], [99490.0, 12420.0], [99492.5, 41600.0], [99525.0, 10.0], [99555.0, 4390.0], [99605.0, 500.0], [99625.0, 50000.0], [99685.0, 38420.0], [99690.0, 6270.0], [99732.5, 40.0], [99757.5, 2400.0], [99825.0, 18300.0]]}}}
{"jsonrpc": "2.0", "method": "subscription", "params": {"channel": "book.BTC-14NOV25.none.20.100ms", "data": {"timestamp": 1763084056968, "change_id": 126852303643, "instrument_name": "BTC-14NOV25", "bids": [[99270.0, 1890.0], [99267.5, 6410.0], [99262.5, 1870.0], [99260.0, 6250.0], [99215.0, 1330.0], [99212.5, 4460.0], [99182.5, 4790.0], [99180.0, 16050.0], [99085.0, 45250.0], [98990.0, 10920.0], [98940.0, 38420.0], [98935.0, 12000.0], [98932.5, 50000.0], [98842.5, 24570.0], [98745.0, 50000.0], [98690.0, 153700.0], [98687.5, 624460.0], [98662.5, 49000.0], [98635.0, 50000.0], [98582.5, 49830.0]], "asks": [[99282.5, 1920.0], [99285.0, 6420.0], [99290.0, 10.0], [99305.0, 1890.0], [99307.5, 6330.0], [99310.0, 21370.0], [99312.5, 71580.0], [99315.0, 2390.0], [99320.0, 9190.0], [99322.5, 3000.0], [99325.0, 1120.0], [99350.0, 900.0], [99352.5, 3000.0], [99367.5, 4750.0], [99370.0, 15920.0], [99382.5, 3000.0], [99510.0, 41570.0], [99547.5, 1300.0], [99550.0, 4350.0], [99610.0, 500.0]]}}}
{"jsonrpc": "2.0", "method": "subscription", "params": {"channel": "book.BTC-21NOV25.none.20.100ms", "data": {"timestamp": 1763084056973, "change_id": 126852303647, "instrument_name": "BTC-21NOV25", "bids": [[99260.0, 1970.0], [99257.5, 6330.0], [99255.0, 10.0], [99252.5, 1870.0], [99250.0, 6250.0], [99235.0, 2330.0], [99232.5, 7800.0], [99210.0, 1330.0], [99207.5, 4460.0], [99200.0, 4680.0], [99197.5, 15670.0], [99192.5, 300.0], [99187.5, 300.0], [99115.0, 13550.0], [99112.5, 45380.0], [99110.0, 10.0], [99070.0, 2400.0], [99005.0, 500.0], [98967.5, 9600.0], [98927.5, 38420.0]], "asks": [[99275.0, 1880.0], [99277.5, 6250.0], [99295.0, 1890.0], [99297.5, 6330.0], [99307.5, 14930.0], [99310.0, 69110.0], [99312.5, 63740.0], [99385.0, 4960.0], [99387.5, 16600.0], [99490.0, 12420.0], [99492.5, 41600.0], [99525.0, 10.0], [99555.0, 4390.0], [99605.0, 500.0], [99625.0, 50000.0], [99685.0, 38420.0], [99690.0, 6270.0], [99732.5, 40.0], [99757.5, 2400.0], [99825.0, 18300.0]]}}}
{"jsonrpc": "2.0", "method": "subscription", "params": {"channel": "book.BTC-14NOV25.none.20.100ms", "data": {"timestamp": 1763084057183, "change_id": 126852304522, "instrument_name": "BTC-14NOV25", "bids": [[99280.0, 6330.0], [99270.0, 1890.0], [99267.5, 6330.0], [99215.0, 1330.0], [99212.5, 4460.0], [99182.5, 4790.0], [99180.0, 16050.0], [99087.5, 13510.0], [99085.0, 45250.0], [98992.5, 10420.0], [98990.0, 500.0], [98940.0, 38420.0], [98935.0, 12000.0], [98932.5, 50000.0], [98845.0, 24570.0], [98745.0, 50000.0], [98690.0, 153700.0], [98687.5, 624460.0], [98662.5, 49000.0], [98635.0, 50000.0]], "asks": [[99285.0, 170.0], [99295.0, 1870.0], [99297.5, 6250.0], [99300.0, 10.0], [99310.0, 21370.0], [99312.5, 71500.0], [99315.0, 2390.0], [99320.0, 9190.0], [99322.5, 3000.0], [99325.0, 1200.0], [99350.0, 900.0], [99352.5, 3000.0], [99367.5, 4750.0], [99370.0, 15920.0], [99382.5, 3000.0], [99510.0, 41570.0], [99547.5, 1300.0], [99550.0, 4350.0], [99610.0, 500.0], [99632.5, 50000.0]]}}}
{"jsonrpc": "2.0", "method": "subscription", "params": {"channel": "book.BTC-21NOV25.none.20.100ms", "data": {"timestamp": 1763084057284, "change_id": 126852304487, "instrument_name": "BTC-21NOV25", "bids": [[99270.0, 1890.0], [99267.5, 6330.0], [99260.0, 1980.0], [99257.5, 6250.0], [99235.0, 2330.0], [99232.5, 7800.0], [99210.0, 1330.0], [99207.5, 4460.0], [99200.0, 4680.0], [99197.5, 15670.0], [99192.5, 300.0], [99187.5, 300.0], [99115.0, 13550.0], [99112.5, 45380.0], [99110.0, 10.0], [99070.0, 2400.0], [99005.0, 500.0], [98967.5, 9600.0], [98927.5, 38420.0], [98925.0, 50000.0]], "asks": [[99280.0, 10.0], [99290.0, 1870.0], [99292.5, 6250.0], [99307.5, 14930.0], [99310.0, 69030.0], [99312.5, 63740.0], [99322.5, 80.0], [99385.0, 4960.0], [99387.5, 16600.0], [99490.0, 12420.0], [99492.5, 41600.0], [99525.0, 10.0], [99555.0, 4390.0], [99605.0, 500.0], [99625.0, 50000.0], [99685.0, 38420.0], [99690.0, 6270.0], [99732.5, 40.0], [99757.5, 2400.0], [99825.0, 18300.0]]}}}
{"jsonrpc": "2.0", "method": "subscription", "params": {"channel": "book.BTC-14NOV25.none.20.100ms", "data": {"timestamp": 1763084057478, "change_id": 126852304872, "instrument_name": "BTC-14NOV25", "bids": [[99280.0, 6330.0], [99277.5, 1870.0], [99275.0, 6250.0], [99267.5, 80.0], [99215.0, 1330.0], [99212.5, 4460.0], [99182.5, 4790.0], [99180.0, 16050.0], [99087.5, 13510.0], [99085.0, 45250.0], [98992.5, 10420.0], [98990.0, 500.0], [98940.0, 38420.0], [98935.0, 12000.0], [98932.5, 50000.0], [98845.0, 24570.0], [98745.0, 50000.0], [98690.0, 153700.0], [98687.5, 624460.0], [98662.5, 49000.0]], "asks": [[99285.0, 170.0], [99295.0, 1870.0], [99297.5, 6250.0], [99300.0, 10.0], [99310.0, 21370.0], [99312.5, 71500.0], [99315.0, 8720.0], [99320.0, 9190.0], [99322.5, 3000.0], [99325.0, 1200.0], [99350.0, 900.0], [99352.5, 3000.0], [99367.5, 4750.0], [99370.0, 15920.0], [99382.5, 3000.0], [99510.0, 41570.0], [99547.5, 1300.0], [99550.0, 4350.0], [99610.0, 500.0], [99632.5, 50000.0]]}}}
{"jsonrpc": "2.0", "method": "subscription", "params": {"channel": "book.BTC-21NOV25.none.20.100ms", "data": {"timestamp": 1763084057570, "change_id": 126852304879, "instrument_name": "BTC-21NOV25", "bids": [[99270.0, 3590.0], [99267.5, 6330.0], [99265.0, 6250.0], [99260.0, 10.0], [99235.0, 2330.0], [99232.5, 7800.0], [99210.0, 1330.0], [99207.5, 4460.0], [99200.0, 4680.0], [99197.5, 15670.0], [99192.5, 300.0], [99187.5, 300.0], [99115.0, 13550.0], [99112.5, 45380.0], [99110.0, 10.0], [99070.0, 2400.0], [99005.0, 500.0], [98967.5, 9600.0], [98927.5, 38420.0], [98925.0, 50000.0]], "asks": [[99280.0, 10.0], [99290.0, 1870.0], [99292.5, 6250.0], [99302.5, 1890.0], [99305.0, 6330.0], [99307.5, 14930.0], [99310.0, 69030.0], [99312.5, 63740.0], [99322.5, 80.0], [99385.0, 4960.0], [99387.5, 16600.0], [99490.0, 12420.0], [99492.5, 41600.0], [99525.0, 10.0], [99555.0, 4390.0], [99605.0, 500.0], [99625.0, 50000.0], [99685.0, 38420.0], [99690.0, 6270.0], [99732.5, 40.0]]}}}
{"jsonrpc": "2.0", "method": "subscription", "params": {"channel": "book.BTC-14NOV25.none.20.100ms", "data": {"timestamp": 1763084057890, "change_id": 126852305685, "instrument_name": "BTC-14NOV25", "bids": [[99277.5, 1890.0], [99275.0, 6330.0], [99267.5, 1950.0], [99265.0, 6250.0], [99215.0, 1330.0], [99212.5, 4460.0], [99182.5, 4790.0], [99180.0, 16050.0], [99087.5, 13510.0], [99085.0, 45250.0], [98992.5, 10420.0], [98990.0, 500.0], [98940.0, 38420.0], [98935.0, 12000.0], [98932.5, 50000.0], [98845.0, 24570.0], [98745.0, 50000.0], [98690.0, 153700.0], [98687.5, 624460.0], [98662.5, 49000.0]], "asks": [[99285.0, 170.0], [99295.0, 1870.0], [99297.5, 6260.0], [99310.0, 21370.0], [99312.5, 71500.0], [99315.0, 8800.0], [99320.0, 9190.0], [99322.5, 3000.0], [99325.0, 1120.0], [99350.0, 900.0], [99352.5, 3000.0], [99367.5, 4750.0], [99370.0, 15920.0], [99382.5, 3000.0], [99510.0, 41570.0], [99547.5, 1300.0], [99550.0, 4350.0], [99610.0, 500.0], [99632.5, 50000.0], [99700.0, 40.0]]}}}
{"jsonrpc": "2.0", "method": "subscription", "params": {"channel": "book.BTC-21NOV25.none.20.100ms", "data": {"timestamp": 1763084058015, "change_id": 126852305714, "instrument_name": "BTC-21NOV25", "bids": [[99270.0, 80.0], [99267.5, 1880.0], [99265.0, 6250.0], [99262.5, 1890.0], [99260.0, 6330.0], [99235.0, 2330.0], [99232.5, 7800.0], [99210.0, 1330.0], [99207.5, 4460.0], [99200.0, 4680.0], [99197.5, 15670.0], [99192.5, 300.0], [99187.5, 300.0], [99115.0, 13550.0], [99112.5, 45380.0], [99110.0, 10.0], [99070.0, 2400.0], [99005.0, 500.0], [98967.5, 9600.0], [98927.5, 38420.0]], "asks": [[99282.5, 1870.0], [99285.0, 6260.0], [99302.5, 1890.0], [99305.0, 6330.0], [99312.5, 80.0], [99382.5, 14930.0], [99385.0, 54960.0], [99387.5, 16600.0], [99490.0, 12420.0], [99492.5, 41600.0], [99525.0, 10.0], [99555.0, 4390.0], [99605.0, 500.0], [99625.0, 50000.0], [99685.0, 38420.0], [99690.0, 6270.0], [99732.5, 40.0], [99757.5, 2400.0], [99825.0, 18300.0], [99862.5, 37330.0]]}}}
{"jsonrpc": "2.0", "method": "subscription", "params": {"channel": "book.BTC-14NOV25.none.20.100ms", "data": {"timestamp": 1763084058150, "change_id": 126852306143, "instrument_name": "BTC-14NOV25", "bids": [[99277.5, 1890.0], [99275.0, 6330.0], [99267.5, 1950.0], [99265.0, 6250.0], [99215.0, 1330.0], [99212.5, 4460.0], [99182.5, 4790.0], [99180.0, 16050.0], [99087.5, 13510.0], [99085.0, 45250.0], [98992.5, 10420.0], [98990.0, 500.0], [98940.0, 38420.0], [98935.0, 12000.0], [98932.5, 50000.0], [98845.0, 24570.0], [98745.0, 50000.0], [98690.0, 153700.0], [98687.5, 624460.0], [98662.5, 49000.0]], "asks": [[99285.0, 170.0], [99287.5, 1870.0], [99290.0, 6250.0], [99297.5, 10.0], [99310.0, 21370.0], [99312.5, 71500.0], [99315.0, 8800.0], [99320.0, 9190.0], [99322.5, 3000.0], [99325.0, 1120.0], [99350.0, 900.0], [99352.5, 3000.0], [99367.5, 4750.0], [99370.0, 15920.0], [99382.5, 3000.0], [99510.0, 41570.0], [99547.5, 1300.0], [99550.0, 4350.0], [99610.0, 500.0], [99632.5, 50000.0]]}}}
{"jsonrpc": "2.0", "method": "subscription", "params": {"channel": "book.BTC-21NOV25.none.20.100ms", "data": {"timestamp": 1763084058347, "change_id": 126852306413, "instrument_name": "BTC-21NOV25", "bids": [[99265.0, 6250.0], [99262.5, 1890.0], [99260.0, 6340.0], [99257.5, 80.0], [99235.0, 2330.0], [99232.5, 7800.0], [99210.0, 1330.0], [99207.5, 4460.0], [99200.0, 4680.0], [99197.5, 15670.0], [99192.5, 300.0], [99187.5, 300.0], [99120.0, 720.0], [99117.5, 2400.0], [99115.0, 13550.0], [99112.5, 45380.0], [99110.0, 10.0], [99005.0, 500.0], [98967.5, 9600.0], [98927.5, 38420.0]], "asks": [[99282.5, 1880.0], [99285.0, 6250.0], [99302.5, 1890.0], [99305.0, 6330.0], [99312.5, 80.0], [99382.5, 14930.0], [99385.0, 54960.0], [99387.5, 16600.0], [99490.0, 12420.0], [99492.5, 41600.0], [99525.0, 10.0], [99555.0, 4390.0], [99605.0, 500.0], [99625.0, 50000.0], [99685.0, 38420.0], [99690.0, 6270.0], [99732.5, 40.0], [99757.5, 2400.0], [99825.0, 18300.0], [99862.5, 37330.0]]}}}
{"jsonrpc": "2.0", "method": "subscription", "params": {"channel": "book.BTC-14NOV25.none.20.100ms", "data": {"timestamp": 1763084058485, "change_id": 126852306747, "instrument_name": "BTC-14NOV25", "bids": [[99277.5, 1890.0], [99275.0, 6330.0], [99267.5, 80.0], [99215.0, 1330.0], [99212.5, 4460.0], [99182.5, 4790.0], [99180.0, 16050.0], [99087.5, 13510.0], [99085.0, 45250.0], [98992.5, 10420.0], [98990.0, 500.0], [98940.0, 38420.0], [98935.0, 12000.0], [98932.5, 50000.0], [98845.0, 24570.0], [98745.0, 50000.0], [98690.0, 153700.0], [98687.5, 624460.0], [98662.5, 49000.0], [98635.0, 50000.0]], "asks": [[99285.0, 170.0], [99287.5, 1870.0], [99290.0, 6250.0], [99297.5, 10.0], [99310.0, 21370.0], [99312.5, 71500.0], [99315.0, 8800.0], [99320.0, 9190.0], [99322.5, 3000.0], [99325.0, 1120.0], [99350.0, 900.0], [99352.5, 3000.0], [99367.5, 4750.0], [99370.0, 15920.0], [99382.5, 3000.0], [99510.0, 41570.0], [99547.5, 1300.0], [99550.0, 4350.0], [99610.0, 500.0], [99632.5, 50000.0]]}}}
{"jsonrpc": "2.0", "method": "subscription", "params": {"channel": "book.BTC-21NOV25.none.20.100ms", "data": {"timestamp": 1763084058677, "change_id": 126852306762, "instrument_name": "BTC-21NOV25", "bids": [[99262.5, 1890.0], [99260.0, 6340.0], [99257.5, 80.0], [99235.0, 2330.0], [99232.5, 7800.0], [99210.0, 1330.0], [99207.5, 4460.0], [99200.0, 4680.0], [99197.5, 15670.0], [99192.5, 300.0], [99187.5, 300.0], [99120.0, 720.0], [99117.5, 2400.0], [99115.0, 13550.0], [99112.5, 45380.0], [99110.0, 10.0], [99005.0, 500.0], [98967.5, 9600.0], [98927.5, 38420.0], [98925.0, 50000.0]], "asks": [[99282.5, 1880.0], [99285.0, 6250.0], [99302.5, 1970.0], [99305.0, 6330.0], [99382.5, 14930.0], [99385.0, 54960.0], [99387.5, 16600.0], [99490.0, 12420.0], [99492.5, 41600.0], [99525.0, 10.0], [99555.0, 4390.0], [99605.0, 500.0], [99625.0, 50000.0], [99685.0, 38420.0], [99690.0, 6270.0], [99732.5, 40.0], [99757.5, 2400.0], [99825.0, 18300.0], [99862.5, 37330.0], [99900.0, 36620.0]]}}}
{"jsonrpc": "2.0", "method": "subscription", "params": {"channel": "book.BTC-14NOV25.none.20.100ms", "data": {"timestamp": 1763084058999, "change_id": 126852308189, "instrument_name": "BTC-14NOV25", "bids": [[99257.5, 1920.0], [99255.0, 6410.0], [99252.5, 1870.0], [99250.0, 6250.0], [99215.0, 1330.0], [99212.5, 4460.0], [99142.5, 4810.0], [99140.0, 16120.0], [99087.5, 13510.0], [99085.0, 45250.0], [98990.0, 500.0], [98940.0, 38420.0], [98935.0, 12000.0], [98932.5, 50000.0], [98747.5, 10420.0], [98745.0, 50000.0], [98690.0, 153700.0], [98687.5, 324460.0], [98662.5, 49000.0], [98635.0, 50000.0]], "asks": [[99280.0, 2790.0], [99282.5, 9790.0], [99285.0, 170.0], [99287.5, 1870.0], [99290.0, 6250.0], [99292.5, 3570.0], [99295.0, 6450.0], [99305.0, 80.0], [99310.0, 21370.0], [99312.5, 71500.0], [99320.0, 1190.0], [99322.5, 3000.0], [99325.0, 1120.0], [99350.0, 900.0], [99352.5, 3000.0], [99367.5, 4750.0], [99370.0, 15920.0], [99382.5, 3000.0], [99510.0, 41570.0], [99547.5, 1300.0]]}}}
{"jsonrpc": "2.0", "method": "subscription", "params": {"channel": "book.BTC-21NOV25.none.20.100ms", "data": {"timestamp": 1763084059008, "change_id": 126852308137, "instrument_name": "BTC-21NOV25", "bids": [[99245.0, 1950.0], [99242.5, 6250.0], [99240.0, 10.0], [99210.0, 1330.0], [99207.5, 4460.0], [99192.5, 300.0], [99187.5, 300.0], [99160.0, 4830.0], [99157.5, 16180.0], [99120.0, 720.0], [99117.5, 12000.0], [99115.0, 13550.0], [99112.5, 45380.0], [99110.0, 10.0], [99005.0, 500.0], [98927.5, 38420.0], [98925.0, 50000.0], [98815.0, 6370.0], [98775.0, 50000.0], [98732.5, 300.0]], "asks": [[99275.0, 1870.0], [99277.5, 6250.0], [99282.5, 1900.0], [99285.0, 6330.0], [99302.5, 80.0], [99382.5, 14930.0], [99385.0, 54960.0], [99387.5, 16600.0], [99490.0, 12420.0], [99492.5, 41600.0], [99525.0, 10.0], [99555.0, 4390.0], [99605.0, 500.0], [99625.0, 50000.0], [99685.0, 38420.0], [99690.0, 6270.0], [99732.5, 40.0], [99757.5, 2400.0], [99825.0, 18300.0], [99862.5, 37330.0]]}}}
{"jsonrpc": "2.0", "method": "subscription", "params": {"channel": "book.BTC-14NOV25.none.20.100ms", "data": {"timestamp": 1763084059156, "change_id": 126852309856, "instrument_name": "BTC-14NOV25", "bids": [[99255.0, 3840.0], [99252.5, 6330.0], [99250.0, 6250.0], [99215.0, 1330.0], [99212.5, 4460.0], [99142.5, 4810.0], [99140.0, 16120.0], [99087.5, 13510.0], [99085.0, 45250.0], [98990.0, 500.0], [98940.0, 38420.0], [98935.0, 12000.0], [98932.5, 50000.0], [98747.5, 34990.0], [98745.0, 50000.0], [98690.0, 153700.0], [98687.5, 24460.0], [98662.5, 49000.0], [98635.0, 50000.0], [98622.5, 600000.0]], "asks": [[99272.5, 1870.0], [99275.0, 6250.0], [99280.0, 1940.0], [99282.5, 10.0], [99285.0, 6500.0], [99292.5, 1930.0], [99295.0, 6450.0], [99302.5, 21360.0], [99305.0, 71570.0], [99310.0, 21370.0], [99312.5, 71500.0], [99320.0, 860.0], [99322.5, 3000.0], [99325.0, 1120.0], [99350.0, 900.0], [99352.5, 3000.0], [99367.5, 4750.0], [99370.0, 15920.0], [99382.5, 3000.0], [99510.0, 41570.0]]}}}
{"jsonrpc": "2.0", "method": "subscription", "params": {"channel": "book.BTC-21NOV25.none.20.100ms", "data": {"timestamp": 1763084059170, "change_id": 126852309472, "instrument_name": "BTC-21NOV25", "bids": [[99245.0, 3600.0], [99242.5, 6260.0], [99240.0, 6330.0], [99210.0, 1330.0], [99207.5, 4460.0], [99192.5, 300.0], [99187.5, 300.0], [99160.0, 4830.0], [99157.5, 16180.0], [99120.0, 3490.0], [99117.5, 12000.0], [99115.0, 13550.0], [99112.5, 45380.0], [99110.0, 10.0], [99005.0, 500.0], [98927.5, 38420.0], [98925.0, 50000.0], [98815.0, 6370.0], [98775.0, 50000.0], [98732.5, 300.0]], "asks": [[99265.0, 1870.0], [99267.5, 6250.0], [99275.0, 1880.0], [99277.5, 6330.0], [99292.5, 80.0], [99382.5, 14930.0], [99385.0, 54960.0], [99387.5, 16600.0], [99490.0, 12420.0], [99492.5, 41600.0], [99525.0, 10.0], [99555.0, 4390.0], [99605.0, 500.0], [99625.0, 50000.0], [99685.0, 38420.0], [99690.0, 6270.0], [99732.5, 40.0], [99757.5, 2400.0], [99825.0, 18300.0], [99862.5, 37330.0]]}}}
{"jsonrpc": "2.0", "method": "subscription", "params": {"channel": "book.BTC-14NOV25.none.20.100ms", "data": {"timestamp": 1763084059503, "change_id": 126852310204, "instrument_name": "BTC-14NOV25", "bids": [[99255.0, 3840.0], [99252.5, 6330.0], [99250.0, 6250.0], [99215.0, 1330.0], [99212.5, 4460.0], [99142.5, 4810.0], [99140.0, 16120.0], [99087.5, 13510.0], [99085.0, 45250.0], [98990.0, 500.0], [98940.0, 38420.0], [98935.0, 12000.0], [98932.5, 50000.0], [98747.5, 34990.0], [98745.0, 50000.0], [98690.0, 153700.0], [98687.5, 24460.0], [98662.5, 49000.0], [98635.0, 50000.0], [98622.5, 600000.0]], "asks": [[99272.5, 1870.0], [99275.0, 6250.0], [99280.0, 1940.0], [99282.5, 10.0], [99285.0, 6500.0], [99292.5, 1930.0], [99295.0, 6530.0], [99320.0, 860.0], [99322.5, 3000.0], [99325.0, 1120.0], [99350.0, 900.0], [99352.5, 3000.0], [99367.5, 4750.0], [99370.0, 15920.0], [99382.5, 3000.0], [99510.0, 41570.0], [99547.5, 1300.0], [99550.0, 4350.0], [99610.0, 500.0], [99632.5, 50000.0]]}}}
{"jsonrpc": "2.0", "method": "subscription", "params": {"channel": "book.BTC-14NOV25.none.20.100ms", "data": {"timestamp": 1763084060005, "change_id": 126852310925, "instrument_name": "BTC-14NOV25", "bids": [[99255.0, 3840.0], [99252.5, 6330.0], [99250.0, 6250.0], [99215.0, 1330.0], [99212.5, 4460.0], [99142.5, 4810.0], [99140.0, 16120.0], [98990.0, 500.0], [98940.0, 38420.0], [98935.0, 12000.0], [98932.5, 50000.0], [98750.0, 34990.0], [98745.0, 50000.0], [98690.0, 153700.0], [98687.5, 24460.0], [98662.5, 49000.0], [98635.0, 50000.0], [98622.5, 600000.0], [98582.5, 49830.0], [98567.5, 76790.0]], "asks": [[99272.5, 1870.0], [99275.0, 6250.0], [99280.0, 1940.0], [99282.5, 10.0], [99285.0, 6500.0], [99292.5, 23040.0], [99295.0, 78020.0], [99320.0, 860.0], [99322.5, 3000.0], [99325.0, 1120.0], [99350.0, 900.0], [99352.5, 3000.0], [99367.5, 4750.0], [99370.0, 15920.0], [99382.5, 3000.0], [99547.5, 1300.0], [99550.0, 4350.0], [99610.0, 500.0], [99632.5, 50000.0], [99700.0, 40.0]]}}}
{"jsonrpc": "2.0", "method": "subscription", "params": {"channel": "book.BTC-21NOV25.none.20.100ms", "data": {"timestamp": 1763084059923, "change_id": 126852310812, "instrument_name": "BTC-21NOV25", "bids": [[99245.0, 3600.0], [99242.5, 6260.0], [99240.0, 6330.0], [99210.0, 1330.0], [99207.5, 4460.0], [99192.5, 300.0], [99187.5, 300.0], [99160.0, 4830.0], [99157.5, 16180.0], [99120.0, 3490.0], [99117.5, 12000.0], [99115.0, 13550.0], [99112.5, 45380.0], [99110.0, 10.0], [99005.0, 500.0], [98927.5, 38420.0], [98925.0, 50000.0], [98815.0, 6370.0], [98775.0, 50000.0], [98732.5, 300.0]], "asks": [[99265.0, 1870.0], [99267.5, 6250.0], [99275.0, 1880.0], [99277.5, 6330.0], [99292.5, 80.0], [99382.5, 14930.0], [99385.0, 54960.0], [99387.5, 16600.0], [99490.0, 12420.0], [99492.5, 41600.0], [99525.0, 10.0], [99555.0, 4390.0], [99605.0, 500.0], [99625.0, 50000.0], [99685.0, 38420.0], [99690.0, 6270.0], [99732.5, 40.0], [99757.5, 2400.0], [99802.5, 50000.0], [99825.0, 18300.0]]}}}
{"jsonrpc": "2.0", "method": "subscription", "params": {"channel": "book.BTC-14NOV25.none.20.100ms", "data": {"timestamp": 1763084060332, "change_id": 126852312552, "instrument_name": "BTC-14NOV25", "bids": [[99245.0, 1920.0], [99242.5, 6330.0], [99240.0, 80.0], [99230.0, 1870.0], [99227.5, 6250.0], [99215.0, 1330.0], [99212.5, 4460.0], [99142.5, 4810.0], [99140.0, 16120.0], [98990.0, 500.0], [98940.0, 38420.0], [98935.0, 12000.0], [98932.5, 50000.0], [98747.5, 10420.0], [98745.0, 50000.0], [98690.0, 153700.0], [98687.5, 24460.0], [98662.5, 49000.0], [98622.5, 600000.0], [98582.5, 49830.0]], "asks": [[99260.0, 2740.0], [99262.5, 9790.0], [99265.0, 1870.0], [99267.5, 6250.0], [99275.0, 1900.0], [99277.5, 6330.0], [99285.0, 250.0], [99292.5, 23040.0], [99295.0, 99280.0], [99297.5, 71490.0], [99320.0, 860.0], [99322.5, 3000.0], [99325.0, 1120.0], [99350.0, 900.0], [99352.5, 3000.0], [99382.5, 3000.0], [99547.5, 1300.0], [99550.0, 4850.0], [99632.5, 50000.0], [99700.0, 40.0]]}}}
{"jsonrpc": "2.0", "method": "subscription", "params": {"channel": "book.BTC-21NOV25.none.20.100ms", "data": {"timestamp": 1763084060332, "change_id": 126852312543, "instrument_name": "BTC-21NOV25", "bids": [[99240.0, 10.0], [99230.0, 1970.0], [99227.5, 6330.0], [99222.5, 1870.0], [99220.0, 6250.0], [99210.0, 1330.0], [99207.5, 4460.0], [99192.5, 300.0], [99187.5, 300.0], [99160.0, 4830.0], [99157.5, 16180.0], [99120.0, 3490.0], [99117.5, 12000.0], [99110.0, 10.0], [99005.0, 500.0], [98927.5, 38420.0], [98925.0, 50000.0], [98775.0, 50000.0], [98757.5, 6370.0], [98732.5, 300.0]], "asks": [[99257.5, 1870.0], [99260.0, 6250.0], [99262.5, 1890.0], [99265.0, 6340.0], [99282.5, 80.0], [99525.0, 10.0], [99545.0, 500.0], [99555.0, 4390.0], [99607.5, 50000.0], [99625.0, 50000.0], [99685.0, 38420.0], [99690.0, 6270.0], [99732.5, 40.0], [99757.5, 2400.0], [99802.5, 50000.0], [99825.0, 18300.0], [99862.5, 37330.0], [99900.0, 36620.0], [99910.0, 9600.0], [99912.5, 50000.0]]}}}
{"jsonrpc": "2.0", "method": "subscription", "params": {"channel": "book.BTC-14NOV25.none.20.100ms", "data": {"timestamp": 1763084060659, "change_id": 126852313498, "instrument_name": "BTC-14NOV25", "bids": [[99255.0, 1890.0], [99252.5, 6330.0], [99240.0, 80.0], [99230.0, 1870.0], [99227.5, 6250.0], [99215.0, 1330.0], [99212.5, 4460.0], [99142.5, 4810.0], [99140.0, 16120.0], [99072.5, 45510.0], [98990.0, 500.0], [98940.0, 38420.0], [98935.0, 12000.0], [98932.5, 50000.0], [98750.0, 10420.0], [98745.0, 50000.0], [98722.5, 24570.0], [98690.0, 153700.0], [98687.5, 24460.0], [98662.5, 49000.0]], "asks": [[99270.0, 2740.0], [99272.5, 9790.0], [99275.0, 10.0], [99285.0, 2060.0], [99287.5, 6330.0], [99292.5, 1930.0], [99295.0, 6450.0], [99297.5, 80.0], [99300.0, 900.0], [99302.5, 3000.0], [99320.0, 5090.0], [99322.5, 16300.0], [99325.0, 1120.0], [99332.5, 3000.0], [99362.5, 3000.0], [99420.0, 44280.0], [99547.5, 1300.0], [99550.0, 4850.0], [99632.5, 50000.0], [99700.0, 40.0]]}}}
{"jsonrpc": "2.0", "method": "subscription", "params": {"channel": "book.BTC-21NOV25.none.20.100ms", "data": {"timestamp": 1763084060665, "change_id": 126852313496, "instrument_name": "BTC-21NOV25", "bids": [[99240.0, 1980.0], [99237.5, 6330.0], [99222.5, 1870.0], [99220.0, 6250.0], [99210.0, 1330.0], [99207.5, 4460.0], [99192.5, 300.0], [99187.5, 300.0], [99160.0, 4830.0], [99157.5, 16180.0], [99120.0, 3490.0], [99117.5, 12000.0], [99110.0, 10.0], [99080.0, 45510.0], [99005.0, 500.0], [98927.5, 38420.0], [98925.0, 50000.0], [98775.0, 50000.0], [98757.5, 6370.0], [98732.5, 300.0]], "asks": [[99265.0, 10.0], [99272.5, 1890.0], [99275.0, 6330.0], [99295.0, 80.0], [99337.5, 4780.0], [99340.0, 16020.0], [99420.0, 14930.0], [99422.5, 50000.0], [99425.0, 13220.0], [99427.5, 44280.0], [99525.0, 10.0], [99545.0, 500.0], [99555.0, 4390.0], [99625.0, 50000.0], [99685.0, 38420.0], [99690.0, 6270.0], [99732.5, 40.0], [99757.5, 2400.0], [99802.5, 50000.0], [99825.0, 18300.0]]}}}
{"jsonrpc": "2.0", "method": "subscription", "params": {"channel": "book.BTC-14NOV25.none.20.100ms", "data": {"timestamp": 1763084060989, "change_id": 126852314406, "instrument_name": "BTC-14NOV25", "bids": [[99265.0, 1890.0], [99262.5, 6330.0], [99250.0, 80.0], [99245.0, 1870.0], [99242.5, 6250.0], [99215.0, 1330.0], [99212.5, 4460.0], [99142.5, 4810.0], [99140.0, 16120.0], [99072.5, 45510.0], [98990.0, 500.0], [98940.0, 38420.0], [98935.0, 12000.0], [98932.5, 50000.0], [98755.0, 10420.0], [98745.0, 50000.0], [98727.5, 24570.0], [98690.0, 153700.0], [98687.5, 24460.0], [98662.5, 49000.0]], "asks": [[99285.0, 170.0], [99292.5, 1930.0], [99295.0, 8340.0], [99297.5, 6340.0], [99300.0, 900.0], [99302.5, 3000.0], [99310.0, 80.0], [99320.0, 5090.0], [99322.5, 16300.0], [99325.0, 1120.0], [99330.0, 900.0], [99332.5, 3000.0], [99362.5, 3000.0], [99420.0, 44280.0], [99547.5, 1300.0], [99550.0, 4850.0], [99632.5, 50000.0], [99700.0, 40.0], [99702.5, 10.0], [99712.5, 24820.0]]}}}
{"jsonrpc": "2.0", "method": "subscription", "params": {"channel": "book.BTC-21NOV25.none.20.100ms", "data": {"timestamp": 1763084060995, "change_id": 126852314405, "instrument_name": "BTC-21NOV25", "bids": [[99250.0, 1980.0], [99247.5, 6330.0], [99240.0, 1890.0], [99237.5, 6250.0], [99210.0, 1330.0], [99207.5, 4460.0], [99192.5, 300.0], [99187.5, 300.0], [99160.0, 4830.0], [99157.5, 16180.0], [99120.0, 3490.0], [99117.5, 12000.0], [99110.0, 10.0], [99080.0, 45510.0], [99005.0, 500.0], [98927.5, 38420.0], [98925.0, 50000.0], [98775.0, 50000.0], [98757.5, 6370.0], [98732.5, 300.0]], "asks": [[99277.5, 1890.0], [99280.0, 6330.0], [99282.5, 10.0], [99295.0, 80.0], [99337.5, 4780.0], [99340.0, 16020.0], [99420.0, 14930.0], [99422.5, 50000.0], [99425.0, 13220.0], [99427.5, 44280.0], [99525.0, 10.0], [99545.0, 500.0], [99555.0, 4390.0], [99625.0, 50000.0], [99685.0, 38420.0], [99690.0, 6270.0], [99732.5, 40.0], [99757.5, 2400.0], [99802.5, 50000.0], [99825.0, 18300.0]]}}}
{"jsonrpc": "2.0", "method": "subscription", "params": {"channel": "book.BTC-14NOV25.none.20.100ms", "data": {"timestamp": 1763084061285, "change_id": 126852315081, "instrument_name": "BTC-14NOV25", "bids": [[99265.0, 1890.0], [99262.5, 6330.0], [99260.0, 80.0], [99245.0, 1870.0], [99242.5, 6250.0], [99215.0, 1330.0], [99212.5, 4460.0], [99142.5, 4810.0], [99140.0, 16120.0], [99072.5, 45510.0], [98990.0, 500.0], [98940.0, 38420.0], [98935.0, 12000.0], [98932.5, 50000.0], [98755.0, 10420.0], [98745.0, 50000.0], [98727.5, 24570.0], [98690.0, 153700.0], [98687.5, 24460.0], [98662.5, 49000.0]], "asks": [[99285.0, 170.0], [99292.5, 1930.0], [99295.0, 29440.0], [99297.5, 77820.0], [99300.0, 900.0], [99302.5, 3000.0], [99307.5, 10.0], [99310.0, 80.0], [99320.0, 5090.0], [99322.5, 16300.0], [99325.0, 1120.0], [99330.0, 900.0], [99332.5, 3000.0], [99362.5, 3000.0], [99420.0, 44280.0], [99547.5, 1300.0], [99550.0, 4850.0], [99632.5, 50000.0], [99700.0, 40.0], [99702.5, 10.0]]}}}
{"jsonrpc": "2.0", "method": "subscription", "params": {"channel": "book.BTC-21NOV25.none.20.100ms", "data": {"timestamp": 1763084061102, "change_id": 126852314722, "instrument_name": "BTC-21NOV25", "bids": [[99250.0, 1980.0], [99247.5, 6330.0], [99240.0, 1890.0], [99237.5, 6250.0], [99210.0, 1330.0], [99207.5, 4460.0], [99192.5, 300.0], [99187.5, 300.0], [99160.0, 4830.0], [99157.5, 16180.0], [99120.0, 3490.0], [99117.5, 12000.0], [99110.0, 10.0], [99080.0, 45510.0], [99005.0, 500.0], [98927.5, 38420.0], [98925.0, 50000.0], [98775.0, 50000.0], [98765.0, 6370.0], [98732.5, 300.0]], "asks": [[99277.5, 1890.0], [99280.0, 6330.0], [99285.0, 10.0], [99295.0, 80.0], [99337.5, 4780.0], [99340.0, 16020.0], [99420.0, 14930.0], [99422.5, 50000.0], [99425.0, 13220.0], [99427.5, 44280.0], [99525.0, 10.0], [99545.0, 500.0], [99555.0, 4390.0], [99625.0, 50000.0], [99685.0, 38420.0], [99690.0, 6270.0], [99732.5, 40.0], [99757.5, 2400.0], [99802.5, 50000.0], [99825.0, 18300.0]]}}}
{"jsonrpc": "2.0", "method": "subscription", "params": {"channel": "book.BTC-14NOV25.none.20.100ms", "data": {"timestamp": 1763084061552, "change_id": 126852315527, "instrument_name": "BTC-14NOV25", "bids": [[99265.0, 1890.0], [99262.5, 6330.0], [99260.0, 1950.0], [99257.5, 6250.0], [99215.0, 1330.0], [99212.5, 4460.0], [99142.5, 4810.0], [99140.0, 16120.0], [99072.5, 45510.0], [98990.0, 500.0], [98940.0, 38420.0], [98935.0, 12000.0], [98932.5, 50000.0], [98755.0, 10420.0], [98745.0, 50000.0], [98727.5, 24570.0], [98690.0, 153700.0], [98687.5, 24460.0], [98662.5, 49000.0], [98622.5, 600000.0]], "asks": [[99280.0, 1920.0], [99282.5, 6250.0], [99285.0, 170.0], [99292.5, 1930.0], [99295.0, 48080.0], [99297.5, 77820.0], [99300.0, 72390.0], [99302.5, 3000.0], [99307.5, 10.0], [99310.0, 80.0], [99320.0, 5090.0], [99322.5, 16300.0], [99325.0, 1120.0], [99330.0, 900.0], [99332.5, 3000.0], [99362.5, 3000.0], [99420.0, 44280.0], [99547.5, 1300.0], [99550.0, 4850.0], [99632.5, 50000.0]]}}}
{"jsonrpc": "2.0", "method": "subscription", "params": {"channel": "book.BTC-21NOV25.none.20.100ms", "data": {"timestamp": 1763084061511, "change_id": 126852315450, "instrument_name": "BTC-21NOV25", "bids": [[99252.5, 1900.0], [99250.0, 8230.0], [99247.5, 6330.0], [99210.0, 1330.0], [99207.5, 4460.0], [99192.5, 300.0], [99187.5, 300.0], [99160.0, 4830.0], [99157.5, 16180.0], [99120.0, 3490.0], [99117.5, 12000.0], [99110.0, 10.0], [99080.0, 45510.0], [99005.0, 500.0], [98927.5, 38420.0], [98925.0, 50000.0], [98775.0, 50000.0], [98765.0, 6370.0], [98732.5, 300.0], [98717.5, 153700.0]], "asks": [[99272.5, 1870.0], [99275.0, 6250.0], [99277.5, 1890.0], [99280.0, 6330.0], [99285.0, 10.0], [99295.0, 80.0], [99297.5, 71340.0], [99300.0, 92320.0], [99302.5, 71490.0], [99337.5, 4780.0], [99340.0, 16020.0], [99425.0, 13220.0], [99427.5, 44280.0], [99525.0, 10.0], [99545.0, 500.0], [99555.0, 4390.0], [99625.0, 50000.0], [99685.0, 38420.0], [99690.0, 6270.0], [99732.5, 40.0]]}}}
{"jsonrpc": "2.0", "method": "subscription", "params": {"channel": "book.BTC-14NOV25.none.20.100ms", "data": {"timestamp": 1763084061949, "change_id": 126852316447, "instrument_name": "BTC-14NOV25", "bids": [[99275.0, 1890.0], [99272.5, 6330.0], [99260.0, 1950.0], [99257.5, 6250.0], [99215.0, 1330.0], [99212.5, 4460.0], [99142.5, 4810.0], [99140.0, 16120.0], [99072.5, 45510.0], [98990.0, 500.0], [98940.0, 38420.0], [98935.0, 12000.0], [98932.5, 50000.0], [98757.5, 10420.0], [98745.0, 50000.0], [98732.5, 24570.0], [98690.0, 153700.0], [98687.5, 24460.0], [98662.5, 49000.0], [98622.5, 600000.0]], "asks": [[99285.0, 170.0], [99292.5, 3540.0], [99295.0, 54330.0], [99297.5, 71490.0], [99300.0, 72390.0], [99305.0, 1920.0], [99307.5, 6340.0], [99310.0, 80.0], [99312.5, 900.0], [99315.0, 3000.0], [99320.0, 5090.0], [99322.5, 16300.0], [99325.0, 1120.0], [99345.0, 3000.0], [99375.0, 3000.0], [99420.0, 44280.0], [99547.5, 1300.0], [99550.0, 4850.0], [99632.5, 50000.0], [99700.0, 40.0]]}}}
{"jsonrpc": "2.0", "method": "subscription", "params": {"channel": "book.BTC-21NOV25.none.20.100ms", "data": {"timestamp": 1763084061933, "change_id": 126852316639, "instrument_name": "BTC-21NOV25", "bids": [[99262.5, 1890.0], [99260.0, 6410.0], [99252.5, 1900.0], [99250.0, 6260.0], [99210.0, 1330.0], [99207.5, 4460.0], [99192.5, 300.0], [99187.5, 300.0], [99160.0, 4830.0], [99157.5, 16180.0], [99120.0, 3490.0], [99117.5, 12000.0], [99110.0, 10.0], [99080.0, 45510.0], [99005.0, 500.0], [98927.5, 38420.0], [98925.0, 50000.0], [98775.0, 50000.0], [98770.0, 6370.0], [98732.5, 300.0]], "asks": [[99285.0, 1880.0], [99287.5, 6250.0], [99297.5, 71340.0], [99300.0, 98650.0], [99302.5, 71490.0], [99312.5, 80.0], [99337.5, 4780.0], [99340.0, 16020.0], [99425.0, 13220.0], [99427.5, 44280.0], [99525.0, 10.0], [99545.0, 500.0], [99555.0, 4390.0], [99625.0, 50000.0], [99685.0, 38420.0], [99690.0, 6270.0], [99732.5, 40.0], [99757.5, 2400.0], [99802.5, 50000.0], [99825.0, 18300.0]]}}}
{"jsonrpc": "2.0", "method": "subscription", "params": {"channel": "book.BTC-14NOV25.none.20.100ms", "data": {"timestamp": 1763084062084, "change_id": 126852317561, "instrument_name": "BTC-14NOV25", "bids": [[99280.0, 1890.0], [99277.5, 6330.0], [99270.0, 80.0], [99267.5, 1870.0], [99265.0, 6250.0], [99215.0, 1330.0], [99212.5, 4460.0], [99142.5, 4810.0], [99140.0, 16120.0], [99072.5, 45510.0], [98990.0, 500.0], [98940.0, 38420.0], [98935.0, 12000.0], [98932.5, 50000.0], [98757.5, 10420.0], [98745.0, 50000.0], [98732.5, 24570.0], [98690.0, 153700.0], [98687.5, 24460.0], [98662.5, 49000.0]], "asks": [[99285.0, 170.0], [99292.5, 3540.0], [99295.0, 12700.0], [99297.5, 10.0], [99305.0, 1920.0], [99307.5, 6330.0], [99310.0, 80.0], [99312.5, 900.0], [99315.0, 3000.0], [99320.0, 5090.0], [99322.5, 16300.0], [99325.0, 1120.0], [99345.0, 3000.0], [99375.0, 3000.0], [99420.0, 44280.0], [99547.5, 1300.0], [99550.0, 4850.0], [99632.5, 50000.0], [99700.0, 40.0], [99702.5, 10.0]]}}}
{"jsonrpc": "2.0", "method": "subscription", "params": {"channel": "book.BTC-21NOV25.none.20.100ms", "data": {"timestamp": 1763084062250, "change_id": 126852317600, "instrument_name": "BTC-21NOV25", "bids": [[99265.0, 1920.0], [99262.5, 6340.0], [99260.0, 1950.0], [99257.5, 6250.0], [99210.0, 1330.0], [99207.5, 4460.0], [99192.5, 300.0], [99187.5, 300.0], [99160.0, 4830.0], [99157.5, 16180.0], [99120.0, 3490.0], [99117.5, 12000.0], [99110.0, 10.0], [99080.0, 45510.0], [99005.0, 500.0], [98927.5, 38420.0], [98925.0, 50000.0], [98775.0, 50000.0], [98770.0, 6370.0], [98732.5, 300.0]], "asks": [[99285.0, 1880.0], [99287.5, 6250.0], [99295.0, 1890.0], [99300.0, 6330.0], [99312.5, 80.0], [99335.0, 19710.0], [99337.5, 50000.0], [99340.0, 16020.0], [99425.0, 13220.0], [99427.5, 44280.0], [99525.0, 10.0], [99545.0, 500.0], [99555.0, 4390.0], [99625.0, 50000.0], [99685.0, 38420.0], [99690.0, 6270.0], [99732.5, 40.0], [99757.5, 2400.0], [99802.5, 50000.0], [99825.0, 18300.0]]}}}
{"jsonrpc": "2.0", "method": "subscription", "params": {"channel": "book.BTC-14NOV25.none.20.100ms", "data": {"timestamp": 1763084062549, "change_id": 126852318423, "instrument_name": "BTC-14NOV25", "bids": [[99277.5, 6330.0], [99275.0, 1890.0], [99272.5, 6250.0], [99270.0, 80.0], [99215.0, 1330.0], [99212.5, 4460.0], [99190.0, 4650.0], [99187.5, 15590.0], [99072.5, 45510.0], [98990.0, 500.0], [98940.0, 38420.0], [98935.0, 12000.0], [98932.5, 50000.0], [98757.5, 10420.0], [98745.0, 50000.0], [98732.5, 24570.0], [98690.0, 153700.0], [98687.5, 624460.0], [98662.5, 49000.0], [98582.5, 49830.0]], "asks": [[99282.5, 170.0], [99292.5, 3540.0], [99295.0, 13690.0], [99297.5, 3290.0], [99300.0, 10.0], [99305.0, 1920.0], [99307.5, 6330.0], [99310.0, 22240.0], [99312.5, 71500.0], [99315.0, 3000.0], [99320.0, 5090.0], [99322.5, 16380.0], [99325.0, 1120.0], [99342.5, 900.0], [99345.0, 3000.0], [99375.0, 3000.0], [99420.0, 44280.0], [99547.5, 1300.0], [99550.0, 4850.0], [99632.5, 50000.0]]}}}
{"jsonrpc": "2.0", "method": "subscription", "params": {"channel": "book.BTC-21NOV25.none.20.100ms", "data": {"timestamp": 1763084062594, "change_id": 126852318434, "instrument_name": "BTC-21NOV25", "bids": [[99275.0, 1300.0], [99272.5, 1300.0], [99270.0, 1380.0], [99267.5, 1870.0], [99265.0, 8180.0], [99262.5, 6330.0], [99210.0, 5900.0], [99207.5, 20350.0], [99192.5, 300.0], [99187.5, 300.0], [99120.0, 3490.0], [99117.5, 12000.0], [99110.0, 10.0], [99080.0, 45510.0], [99005.0, 500.0], [98927.5, 38420.0], [98925.0, 50000.0], [98780.0, 6370.0], [98775.0, 50000.0], [98732.5, 300.0]], "asks": [[99285.0, 1880.0], [99287.5, 6250.0], [99295.0, 1890.0], [99300.0, 6330.0], [99312.5, 80.0], [99335.0, 19710.0], [99337.5, 50000.0], [99340.0, 16020.0], [99425.0, 13220.0], [99427.5, 44280.0], [99525.0, 10.0], [99545.0, 500.0], [99555.0, 4390.0], [99625.0, 50000.0], [99685.0, 38420.0], [99690.0, 6270.0], [99732.5, 40.0], [99757.5, 2400.0], [99802.5, 50000.0], [99825.0, 18300.0]]}}}
{"jsonrpc": "2.0", "method": "subscription", "params": {"channel": "book.BTC-14NOV25.none.20.100ms", "data": {"timestamp": 1763084062965, "change_id": 126852319355, "instrument_name": "BTC-14NOV25", "bids": [[99280.0, 80.0], [99277.5, 6330.0], [99275.0, 1890.0], [99272.5, 6250.0], [99215.0, 1330.0], [99212.5, 4460.0], [99190.0, 4650.0], [99187.5, 15590.0], [99072.5, 45510.0], [98990.0, 500.0], [98940.0, 38420.0], [98935.0, 12000.0], [98932.5, 50000.0], [98757.5, 10420.0], [98745.0, 50000.0], [98732.5, 24570.0], [98690.0, 153700.0], [98687.5, 624460.0], [98662.5, 49000.0], [98582.5, 49830.0]], "asks": [[99282.5, 170.0], [99292.5, 3540.0], [99295.0, 13690.0], [99297.5, 3300.0], [99305.0, 1920.0], [99307.5, 6330.0], [99310.0, 22240.0], [99312.5, 71500.0], [99315.0, 3000.0], [99320.0, 5090.0], [99322.5, 16380.0], [99325.0, 1120.0], [99342.5, 900.0], [99345.0, 3000.0], [99375.0, 3000.0], [99420.0, 44280.0], [99547.5, 1300.0], [99550.0, 4850.0], [99632.5, 50000.0], [99700.0, 40.0]]}}}
{"jsonrpc": "2.0", "method": "subscription", "params": {"channel": "book.BTC-21NOV25.none.20.100ms", "data": {"timestamp": 1763084062971, "change_id": 126852319359, "instrument_name": "BTC-21NOV25", "bids": [[99275.0, 1300.0], [99272.5, 1300.0], [99270.0, 1380.0], [99267.5, 1880.0], [99265.0, 8170.0], [99262.5, 6330.0], [99210.0, 5900.0], [99207.5, 20350.0], [99192.5, 300.0], [99187.5, 300.0], [99120.0, 3490.0], [99117.5, 12000.0], [99110.0, 10.0], [99080.0, 45510.0], [99005.0, 500.0], [98927.5, 38420.0], [98925.0, 50000.0], [98780.0, 6370.0], [98775.0, 50000.0], [98732.5, 300.0]], "asks": [[99285.0, 1880.0], [99287.5, 6250.0], [99295.0, 1890.0], [99300.0, 6330.0], [99312.5, 80.0], [99335.0, 19710.0], [99337.5, 50000.0], [99340.0, 16020.0], [99425.0, 13220.0], [99427.5, 44280.0], [99525.0, 10.0], [99545.0, 500.0], [99555.0, 4390.0], [99625.0, 50000.0], [99685.0, 38420.0], [99690.0, 6270.0], [99732.5, 40.0], [99757.5, 2400.0], [99802.5, 50000.0], [99825.0, 18300.0]]}}}
{"jsonrpc": "2.0", "method": "subscription", "params": {"channel": "book.BTC-21NOV25.none.20.100ms", "data": {"timestamp": 1763084063220, "change_id": 126852319985, "instrument_name": "BTC-21NOV25", "bids": [[99275.0, 1300.0], [99272.5, 1300.0], [99270.0, 1380.0], [99267.5, 1880.0], [99265.0, 8170.0], [99262.5, 6330.0], [99210.0, 5900.0], [99207.5, 20350.0], [99192.5, 300.0], [99187.5, 300.0], [99120.0, 3490.0], [99117.5, 12000.0], [99110.0, 10.0], [99080.0, 45510.0], [99005.0, 500.0], [98927.5, 38420.0], [98925.0, 50000.0], [98780.0, 6370.0], [98775.0, 50000.0], [98732.5, 300.0]], "asks": [[99285.0, 1870.0], [99287.5, 6260.0], [99295.0, 1890.0], [99300.0, 6330.0], [99312.5, 80.0], [99335.0, 19710.0], [99337.5, 50000.0], [99340.0, 16020.0], [99425.0, 13220.0], [99427.5, 44280.0], [99525.0, 10.0], [99545.0, 500.0], [99555.0, 4390.0], [99625.0, 50000.0], [99685.0, 38420.0], [99690.0, 6270.0], [99732.5, 40.0], [99757.5, 2400.0], [99802.5, 50000.0], [99825.0, 18300.0]]}}}
{"jsonrpc": "2.0", "method": "subscription", "params": {"channel": "book.BTC-14NOV25.none.20.100ms", "data": {"timestamp": 1763084063538, "change_id": 126852320312, "instrument_name": "BTC-14NOV25", "bids": [[99280.0, 80.0], [99277.5, 6330.0], [99275.0, 1890.0], [99272.5, 6250.0], [99215.0, 1330.0], [99212.5, 4460.0], [99190.0, 4650.0], [99187.5, 15590.0], [99072.5, 45510.0], [98990.0, 500.0], [98940.0, 38420.0], [98935.0, 12000.0], [98932.5, 50000.0], [98757.5, 10420.0], [98745.0, 50000.0], [98732.5, 24570.0], [98690.0, 153700.0], [98687.5, 624460.0], [98662.5, 49000.0], [98582.5, 49830.0]], "asks": [[99282.5, 170.0], [99292.5, 3540.0], [99295.0, 13690.0], [99297.5, 3300.0], [99305.0, 1920.0], [99307.5, 6330.0], [99310.0, 22240.0], [99312.5, 71500.0], [99315.0, 3000.0], [99320.0, 360.0], [99322.5, 80.0], [99325.0, 1120.0], [99342.5, 900.0], [99345.0, 3000.0], [99352.5, 16050.0], [99375.0, 3000.0], [99420.0, 44280.0], [99547.5, 1300.0], [99550.0, 4850.0], [99632.5, 50000.0]]}}}
{"jsonrpc": "2.0", "method": "subscription", "params": {"channel": "book.BTC-21NOV25.none.20.100ms", "data": {"timestamp": 1763084063544, "change_id": 126852320317, "instrument_name": "BTC-21NOV25", "bids": [[99275.0, 1300.0], [99272.5, 1300.0], [99270.0, 1380.0], [99267.5, 1880.0], [99265.0, 8170.0], [99262.5, 6330.0], [99210.0, 5900.0], [99207.5, 20350.0], [99192.5, 300.0], [99187.5, 300.0], [99120.0, 3490.0], [99117.5, 12000.0], [99110.0, 10.0], [99080.0, 45510.0], [99005.0, 500.0], [98927.5, 38420.0], [98925.0, 50000.0], [98780.0, 6370.0], [98775.0, 50000.0], [98732.5, 300.0]], "asks": [[99285.0, 1870.0], [99287.5, 6260.0], [99295.0, 1890.0], [99300.0, 6330.0], [99312.5, 80.0], [99367.5, 4880.0], [99370.0, 16360.0], [99422.5, 14930.0], [99425.0, 63220.0], [99427.5, 44280.0], [99525.0, 10.0], [99545.0, 500.0], [99555.0, 4390.0], [99625.0, 50000.0], [99685.0, 38420.0], [99690.0, 6270.0], [99732.5, 40.0], [99757.5, 2400.0], [99802.5, 50000.0], [99825.0, 18300.0]]}}}
{"jsonrpc": "2.0", "method": "subscription", "params": {"channel": "book.BTC-21NOV25.none.20.100ms", "data": {"timestamp": 1763084063908, "change_id": 126852321041, "instrument_name": "BTC-21NOV25", "bids": [[99275.0, 2100.0], [99272.5, 1300.0], [99270.0, 1380.0], [99267.5, 1880.0], [99265.0, 8170.0], [99262.5, 6330.0], [99210.0, 5900.0], [99207.5, 20350.0], [99192.5, 300.0], [99187.5, 300.0], [99120.0, 3490.0], [99117.5, 12000.0], [99110.0, 10.0], [99080.0, 45510.0], [99005.0, 500.0], [98927.5, 38420.0], [98925.0, 50000.0], [98780.0, 6370.0], [98775.0, 50000.0], [98732.5, 300.0]], "asks": [[99285.0, 1880.0], [99287.5, 6250.0], [99295.0, 1890.0], [99300.0, 6330.0], [99312.5, 80.0], [99367.5, 4880.0], [99370.0, 16360.0], [99422.5, 14930.0], [99425.0, 63220.0], [99427.5, 44280.0], [99525.0, 10.0], [99545.0, 500.0], [99555.0, 4390.0], [99625.0, 50000.0], [99685.0, 38420.0], [99690.0, 6270.0], [99732.5, 40.0], [99757.5, 2400.0], [99802.5, 50000.0], [99825.0, 18300.0]]}}}
{"jsonrpc": "2.0", "method": "subscription", "params": {"channel": "book.BTC-14NOV25.none.20.100ms", "data": {"timestamp": 1763084064213, "change_id": 126852321653, "instrument_name": "BTC-14NOV25", "bids": [[99280.0, 80.0], [99277.5, 6330.0], [99275.0, 1890.0], [99272.5, 6250.0], [99215.0, 1330.0], [99212.5, 4460.0], [99190.0, 4650.0], [99187.5, 15590.0], [99072.5, 45510.0], [98990.0, 500.0], [98940.0, 38420.0], [98935.0, 12000.0], [98932.5, 50000.0], [98757.5, 10420.0], [98745.0, 50000.0], [98732.5, 24570.0], [98690.0, 153700.0], [98687.5, 624460.0], [98662.5, 49000.0], [98582.5, 49830.0]], "asks": [[99282.5, 170.0], [99292.5, 1930.0], [99295.0, 7440.0], [99297.5, 3290.0], [99305.0, 1930.0], [99307.5, 6250.0], [99310.0, 22240.0], [99312.5, 71500.0], [99315.0, 4890.0], [99317.5, 6330.0], [99320.0, 360.0], [99322.5, 80.0], [99325.0, 1120.0], [99342.5, 900.0], [99345.0, 3000.0], [99352.5, 16050.0], [99375.0, 3000.0], [99420.0, 44280.0], [99547.5, 1300.0], [99550.0, 4850.0]]}}}
{"jsonrpc": "2.0", "method": "subscription", "params": {"channel": "book.BTC-21NOV25.none.20.100ms", "data": {"timestamp": 1763084064257, "change_id": 126852321784, "instrument_name": "BTC-21NOV25", "bids": [[99280.0, 2080.0], [99277.5, 1300.0], [99275.0, 2110.0], [99272.5, 1300.0], [99270.0, 1380.0], [99267.5, 1870.0], [99265.0, 8170.0], [99262.5, 6330.0], [99210.0, 5900.0], [99207.5, 20350.0], [99192.5, 300.0], [99187.5, 300.0], [99120.0, 3490.0], [99117.5, 12000.0], [99110.0, 10.0], [99080.0, 45510.0], [99005.0, 500.0], [98927.5, 38420.0], [98925.0, 50000.0], [98780.0, 6370.0]], "asks": [[99295.0, 1900.0], [99300.0, 6250.0], [99305.0, 1890.0], [99307.5, 6330.0], [99325.0, 80.0], [99367.5, 4880.0], [99370.0, 16360.0], [99420.0, 14930.0], [99422.5, 50000.0], [99425.0, 13220.0], [99427.5, 44280.0], [99525.0, 10.0], [99545.0, 500.0], [99555.0, 4390.0], [99625.0, 50000.0], [99685.0, 38420.0], [99690.0, 6270.0], [99732.5, 40.0], [99757.5, 2400.0], [99802.5, 50000.0]]}}}
{"jsonrpc": "2.0", "method": "subscription", "params": {"channel": "book.BTC-14NOV25.none.20.100ms", "data": {"timestamp": 1763084064527, "change_id": 126852322209, "instrument_name": "BTC-14NOV25", "bids": [[99280.0, 80.0], [99277.5, 6330.0], [99275.0, 1890.0], [99272.5, 6250.0], [99215.0, 1330.0], [99212.5, 4460.0], [99190.0, 4650.0], [99187.5, 15590.0], [99072.5, 45510.0], [98990.0, 500.0], [98940.0, 38420.0], [98935.0, 12000.0], [98932.5, 50000.0], [98757.5, 10420.0], [98745.0, 50000.0], [98732.5, 24570.0], [98690.0, 153700.0], [98687.5, 624460.0], [98662.5, 49000.0], [98582.5, 49830.0]], "asks": [[99282.5, 170.0], [99292.5, 1930.0], [99295.0, 9170.0], [99297.5, 3290.0], [99300.0, 6250.0], [99305.0, 10.0], [99310.0, 22240.0], [99312.5, 71500.0], [99315.0, 4890.0], [99317.5, 6330.0], [99320.0, 360.0], [99322.5, 80.0], [99325.0, 1120.0], [99342.5, 900.0], [99345.0, 3000.0], [99352.5, 16050.0], [99375.0, 3000.0], [99420.0, 44280.0], [99547.5, 1300.0], [99550.0, 4850.0]]}}}
{"jsonrpc": "2.0", "method": "subscription", "params": {"channel": "book.BTC-21NOV25.none.20.100ms", "data": {"timestamp": 1763084064636, "change_id": 126852322299, "instrument_name": "BTC-21NOV25", "bids": [[99280.0, 1300.0], [99277.5, 1300.0], [99275.0, 2110.0], [99272.5, 1300.0], [99270.0, 1380.0], [99267.5, 1870.0], [99265.0, 8170.0], [99262.5, 6330.0], [99210.0, 5900.0], [99207.5, 20350.0], [99192.5, 300.0], [99187.5, 300.0], [99120.0, 3490.0], [99117.5, 12000.0], [99110.0, 10.0], [99080.0, 45510.0], [99005.0, 500.0], [98927.5, 38420.0], [98925.0, 50000.0], [98780.0, 6370.0]], "asks": [[99290.0, 1870.0], [99292.5, 6250.0], [99295.0, 10.0], [99305.0, 1890.0], [99307.5, 6330.0], [99325.0, 80.0], [99367.5, 4880.0], [99370.0, 16360.0], [99395.0, 14930.0], [99397.5, 50000.0], [99425.0, 13220.0], [99427.5, 44280.0], [99525.0, 10.0], [99545.0, 500.0], [99555.0, 4390.0], [99625.0, 50000.0], [99685.0, 38420.0], [99690.0, 6270.0], [99732.5, 40.0], [99757.5, 2400.0]]}}}
{"jsonrpc": "2.0", "method": "subscription", "params": {"channel": "book.BTC-21NOV25.none.20.100ms", "data": {"timestamp": 1763084064888, "change_id": 126852322850, "instrument_name": "BTC-21NOV25", "bids": [[99280.0, 1300.0], [99277.5, 1300.0], [99275.0, 810.0], [99272.5, 1300.0], [99270.0, 1380.0], [99267.5, 3170.0], [99265.0, 8170.0], [99262.5, 6330.0], [99210.0, 5900.0], [99207.5, 20350.0], [99192.5, 300.0], [99187.5, 300.0], [99120.0, 3490.0], [99117.5, 12000.0], [99110.0, 10.0], [99080.0, 45510.0], [99005.0, 500.0], [98927.5, 38420.0], [98925.0, 50000.0], [98780.0, 6370.0]], "asks": [[99290.0, 1870.0], [99292.5, 6250.0], [99295.0, 10.0], [99305.0, 1890.0], [99307.5, 6330.0], [99317.5, 14930.0], [99320.0, 71370.0], [99322.5, 71510.0], [99325.0, 80.0], [99367.5, 4880.0], [99370.0, 16360.0], [99425.0, 13220.0], [99427.5, 44280.0], [99525.0, 10.0], [99545.0, 500.0], [99555.0, 4390.0], [99625.0, 50000.0], [99685.0, 38420.0], [99690.0, 6270.0], [99732.5, 40.0]]}}}
{"jsonrpc": "2.0", "method": "subscription", "params": {"channel": "book.BTC-14NOV25.none.20.100ms", "data": {"timestamp": 1763084065295, "change_id": 126852323666, "instrument_name": "BTC-14NOV25", "bids": [[99280.0, 6330.0], [99277.5, 6330.0], [99215.0, 1330.0], [99212.5, 4460.0], [99190.0, 4650.0], [99187.5, 15590.0], [99072.5, 45510.0], [98990.0, 500.0], [98940.0, 38420.0], [98935.0, 12000.0], [98932.5, 50000.0], [98757.5, 10420.0], [98745.0, 50000.0], [98732.5, 24570.0], [98690.0, 153700.0], [98687.5, 624460.0], [98662.5, 49000.0], [98582.5, 49830.0], [98567.5, 76790.0], [98485.0, 50000.0]], "asks": [[99282.5, 170.0], [99292.5, 1930.0], [99295.0, 9170.0], [99297.5, 3290.0], [99300.0, 6260.0], [99310.0, 22240.0], [99312.5, 71500.0], [99315.0, 4890.0], [99317.5, 6330.0], [99320.0, 360.0], [99322.5, 80.0], [99325.0, 1120.0], [99342.5, 900.0], [99345.0, 3000.0], [99352.5, 16050.0], [99375.0, 3000.0], [99420.0, 44280.0], [99547.5, 1300.0], [99550.0, 4850.0], [99632.5, 50000.0]]}}}
{"jsonrpc": "2.0", "method": "subscription", "params": {"channel": "book.BTC-21NOV25.none.20.100ms", "data": {"timestamp": 1763084065284, "change_id": 126852323656, "instrument_name": "BTC-21NOV25", "bids": [[99282.5, 1690.0], [99280.0, 1690.0], [99277.5, 1300.0], [99275.0, 2570.0], [99272.5, 7560.0], [99270.0, 1770.0], [99267.5, 1300.0], [99265.0, 1920.0], [99262.5, 6330.0], [99210.0, 5900.0], [99207.5, 20350.0], [99192.5, 300.0], [99187.5, 300.0], [99120.0, 3490.0], [99117.5, 12000.0], [99110.0, 10.0], [99080.0, 45510.0], [99005.0, 500.0], [98927.5, 38420.0], [98925.0, 50000.0]], "asks": [[99290.0, 1880.0], [99292.5, 6250.0], [99305.0, 1890.0], [99307.5, 6330.0], [99317.5, 14930.0], [99320.0, 71370.0], [99322.5, 71510.0], [99325.0, 80.0], [99367.5, 4880.0], [99370.0, 16360.0], [99425.0, 13220.0], [99427.5, 44280.0], [99525.0, 10.0], [99545.0, 500.0], [99555.0, 4390.0], [99625.0, 50000.0], [99685.0, 38420.0], [99690.0, 6270.0], [99732.5, 40.0], [99757.5, 2400.0]]}}}
{"jsonrpc": "2.0", "method": "subscription", "params": {"channel": "book.BTC-14NOV25.none.20.100ms", "data": {"timestamp": 1763084065603, "change_id": 126852324315, "instrument_name": "BTC-14NOV25", "bids": [[99267.5, 1950.0], [99265.0, 6250.0], [99215.0, 1330.0], [99212.5, 4460.0], [99190.0, 4650.0], [99187.5, 15590.0], [99072.5, 45510.0], [98990.0, 500.0], [98940.0, 38420.0], [98935.0, 12000.0], [98932.5, 50000.0], [98757.5, 10420.0], [98745.0, 50000.0], [98732.5, 24570.0], [98690.0, 153700.0], [98687.5, 624460.0], [98662.5, 49000.0], [98582.5, 49830.0], [98567.5, 76790.0], [98485.0, 50000.0]], "asks": [[99282.5, 170.0], [99292.5, 1930.0], [99295.0, 6450.0], [99297.5, 1870.0], [99300.0, 6260.0], [99305.0, 1890.0], [99307.5, 6330.0], [99310.0, 900.0], [99315.0, 3000.0], [99320.0, 360.0], [99322.5, 80.0], [99325.0, 1120.0], [99342.5, 900.0], [99345.0, 3000.0], [99352.5, 16050.0], [99375.0, 3000.0], [99420.0, 44280.0], [99547.5, 1300.0], [99550.0, 4850.0], [99632.5, 50000.0]]}}}
{"jsonrpc": "2.0", "method": "subscription", "params": {"channel": "book.BTC-21NOV25.none.20.100ms", "data": {"timestamp": 1763084065599, "change_id": 126852324305, "instrument_name": "BTC-21NOV25", "bids": [[99277.5, 1300.0], [99272.5, 1310.0], [99270.0, 1300.0], [99267.5, 1300.0], [99260.0, 1870.0], [99257.5, 6330.0], [99210.0, 5900.0], [99207.5, 20350.0], [99192.5, 300.0], [99187.5, 300.0], [99120.0, 3490.0], [99117.5, 12000.0], [99110.0, 10.0], [99080.0, 45510.0], [99005.0, 500.0], [98927.5, 38420.0], [98925.0, 50000.0], [98780.0, 6370.0], [98775.0, 50000.0], [98732.5, 300.0]], "asks": [[99290.0, 1870.0], [99292.5, 6260.0], [99295.0, 1890.0], [99297.5, 6330.0], [99315.0, 80.0], [99317.5, 14930.0], [99320.0, 71370.0], [99322.5, 71510.0], [99367.5, 4880.0], [99370.0, 16360.0], [99425.0, 13220.0], [99427.5, 44280.0], [99525.0, 10.0], [99545.0, 500.0], [99555.0, 4390.0], [99625.0, 50000.0], [99685.0, 38420.0], [99690.0, 6270.0], [99732.5, 40.0], [99757.5, 2400.0]]}}}
{"jsonrpc": "2.0", "method": "subscription", "params": {"channel": "book.BTC-14NOV25.none.20.100ms", "data": {"timestamp": 1763084065688, "change_id": 126852324819, "instrument_name": "BTC-14NOV25", "bids": [[99275.0, 1890.0], [99272.5, 6330.0], [99267.5, 1950.0], [99265.0, 6250.0], [99215.0, 1330.0], [99212.5, 4460.0], [99190.0, 4650.0], [99187.5, 15590.0], [99090.0, 2400.0], [99072.5, 45510.0], [98990.0, 500.0], [98940.0, 38420.0], [98935.0, 9600.0], [98932.5, 50000.0], [98757.5, 10420.0], [98745.0, 50000.0], [98732.5, 24570.0], [98690.0, 153700.0], [98687.5, 624460.0], [98662.5, 49000.0]], "asks": [[99282.5, 170.0], [99290.0, 3790.0], [99292.5, 6250.0], [99295.0, 6450.0], [99300.0, 10.0], [99305.0, 1890.0], [99307.5, 6330.0], [99310.0, 900.0], [99312.5, 80.0], [99315.0, 3000.0], [99320.0, 360.0], [99325.0, 1120.0], [99342.5, 900.0], [99345.0, 3000.0], [99352.5, 16050.0], [99375.0, 3000.0], [99420.0, 44280.0], [99547.5, 1300.0], [99550.0, 4850.0], [99632.5, 50000.0]]}}}
{"jsonrpc": "2.0", "method": "subscription", "params": {"channel": "book.BTC-21NOV25.none.20.100ms", "data": {"timestamp": 1763084065892, "change_id": 126852324916, "instrument_name": "BTC-21NOV25", "bids": [[99272.5, 10.0], [99262.5, 1890.0], [99260.0, 8200.0], [99257.5, 6330.0], [99210.0, 5900.0], [99207.5, 20350.0], [99192.5, 300.0], [99187.5, 300.0], [99120.0, 3490.0], [99117.5, 12000.0], [99110.0, 10.0], [99080.0, 45510.0], [99005.0, 500.0], [98927.5, 38420.0], [98925.0, 50000.0], [98780.0, 6370.0], [98775.0, 50000.0], [98732.5, 300.0], [98717.5, 153700.0], [98715.0, 19010.0]], "asks": [[99282.5, 1870.0], [99285.0, 6250.0], [99292.5, 10.0], [99295.0, 1890.0], [99297.5, 6330.0], [99305.0, 80.0], [99317.5, 14930.0], [99320.0, 71370.0], [99322.5, 71510.0], [99367.5, 4880.0], [99370.0, 16360.0], [99425.0, 13220.0], [99427.5, 44280.0], [99525.0, 10.0], [99545.0, 500.0], [99555.0, 4390.0], [99625.0, 50000.0], [99685.0, 38420.0], [99690.0, 6270.0], [99732.5, 40.0]]}}}
{"jsonrpc": "2.0", "method": "subscription", "params": {"channel": "book.BTC-14NOV25.none.20.100ms", "data": {"timestamp": 1763084066283, "change_id": 126852325844, "instrument_name": "BTC-14NOV25", "bids": [[99275.0, 1890.0], [99272.5, 6330.0], [99267.5, 1950.0], [99265.0, 6250.0], [99215.0, 1330.0], [99212.5, 4460.0], [99190.0, 4650.0], [99187.5, 15590.0], [99090.0, 2400.0], [99072.5, 45510.0], [98990.0, 500.0], [98940.0, 38420.0], [98935.0, 9600.0], [98932.5, 50000.0], [98757.5, 10420.0], [98745.0, 50000.0], [98732.5, 24570.0], [98690.0, 153700.0], [98687.5, 624460.0], [98662.5, 49000.0]], "asks": [[99282.5, 170.0], [99290.0, 3790.0], [99292.5, 6250.0], [99295.0, 6460.0], [99312.5, 80.0], [99320.0, 1180.0], [99325.0, 4120.0], [99350.0, 4790.0], [99352.5, 16050.0], [99355.0, 3000.0], [99385.0, 3000.0], [99420.0, 44280.0], [99547.5, 1300.0], [99550.0, 4850.0], [99632.5, 50000.0], [99700.0, 40.0], [99702.5, 10.0], [99712.5, 24820.0], [99775.0, 2400.0], [99805.0, 48020.0]]}}}
{"jsonrpc": "2.0", "method": "subscription", "params": {"channel": "book.BTC-21NOV25.none.20.100ms", "data": {"timestamp": 1763084066282, "change_id": 126852325843, "instrument_name": "BTC-21NOV25", "bids": [[99262.5, 1890.0], [99260.0, 8210.0], [99257.5, 6330.0], [99210.0, 5900.0], [99207.5, 20350.0], [99192.5, 300.0], [99187.5, 300.0], [99120.0, 3490.0], [99117.5, 12000.0], [99110.0, 10.0], [99080.0, 45510.0], [99005.0, 500.0], [98927.5, 38420.0], [98925.0, 50000.0], [98782.5, 6370.0], [98775.0, 50000.0], [98732.5, 300.0], [98717.5, 153700.0], [98715.0, 19010.0], [98687.5, 300000.0]], "asks": [[99282.5, 10.0], [99285.0, 6250.0], [99305.0, 80.0], [99317.5, 14930.0], [99320.0, 71370.0], [99322.5, 71510.0], [99367.5, 4880.0], [99370.0, 16360.0], [99425.0, 13220.0], [99427.5, 44280.0], [99525.0, 10.0], [99545.0, 500.0], [99555.0, 4390.0], [99625.0, 50000.0], [99685.0, 38420.0], [99690.0, 6270.0], [99732.5, 40.0], [99757.5, 2400.0], [99802.5, 50000.0], [99825.0, 18300.0]]}}}
{"jsonrpc": "2.0", "method": "subscription", "params": {"channel": "book.BTC-14NOV25.none.20.100ms", "data": {"timestamp": 1763084066541, "change_id": 126852326188, "instrument_name": "BTC-14NOV25", "bids": [[99275.0, 3510.0], [99272.5, 12580.0], [99267.5, 80.0], [99215.0, 1330.0], [99212.5, 4460.0], [99190.0, 4650.0], [99187.5, 15590.0], [99092.5, 720.0], [99090.0, 2400.0], [99072.5, 45510.0], [98992.5, 10420.0], [98990.0, 500.0], [98940.0, 38420.0], [98935.0, 9600.0], [98932.5, 50000.0], [98760.0, 24570.0], [98745.0, 50000.0], [98690.0, 153700.0], [98687.5, 624460.0], [98662.5, 49000.0]], "asks": [[99282.5, 170.0], [99290.0, 3790.0], [99292.5, 6250.0], [99295.0, 6460.0], [99312.5, 6410.0], [99320.0, 1180.0], [99325.0, 4120.0], [99350.0, 4790.0], [99352.5, 16050.0], [99355.0, 3000.0], [99385.0, 3000.0], [99420.0, 44280.0], [99547.5, 1300.0], [99550.0, 4850.0], [99632.5, 50000.0], [99700.0, 40.0], [99702.5, 10.0], [99712.5, 24820.0], [99775.0, 2400.0], [99805.0, 48020.0]]}}}
{"jsonrpc": "2.0", "method": "subscription", "params": {"channel": "book.BTC-21NOV25.none.20.100ms", "data": {"timestamp": 1763084066544, "change_id": 126852326175, "instrument_name": "BTC-21NOV25", "bids": [[99267.5, 3250.0], [99265.0, 7550.0], [99262.5, 1890.0], [99260.0, 6340.0], [99210.0, 5900.0], [99207.5, 20350.0], [99192.5, 300.0], [99187.5, 300.0], [99120.0, 3490.0], [99117.5, 12000.0], [99110.0, 10.0], [99080.0, 45510.0], [99005.0, 500.0], [98927.5, 38420.0], [98925.0, 50000.0], [98782.5, 6370.0], [98775.0, 50000.0], [98732.5, 300.0], [98717.5, 153700.0], [98715.0, 19010.0]], "asks": [[99282.5, 1880.0], [99285.0, 6250.0], [99302.5, 1910.0], [99305.0, 6410.0], [99317.5, 14930.0], [99320.0, 71370.0], [99322.5, 71510.0], [99367.5, 4880.0], [99370.0, 16360.0], [99425.0, 13220.0], [99427.5, 44280.0], [99525.0, 10.0], [99545.0, 500.0], [99555.0, 4390.0], [99625.0, 50000.0], [99685.0, 38420.0], [99690.0, 6270.0], [99732.5, 40.0], [99757.5, 2400.0], [99802.5, 50000.0]]}}}
{"jsonrpc": "2.0", "method": "subscription", "params": {"channel": "book.BTC-14NOV25.none.20.100ms", "data": {"timestamp": 1763084066631, "change_id": 126852326266, "instrument_name": "BTC-14NOV25", "bids": [[99275.0, 3510.0], [99272.5, 12580.0], [99267.5, 80.0], [99215.0, 1330.0], [99212.5, 4460.0], [99190.0, 4650.0], [99187.5, 15590.0], [99092.5, 720.0], [99090.0, 12000.0], [99072.5, 45510.0], [98992.5, 10420.0], [98990.0, 500.0], [98940.0, 38420.0], [98932.5, 50000.0], [98760.0, 24570.0], [98745.0, 50000.0], [98690.0, 153700.0], [98687.5, 624460.0], [98662.5, 49000.0], [98582.5, 49830.0]], "asks": [[99282.5, 170.0], [99290.0, 3790.0], [99292.5, 6250.0], [99295.0, 6460.0], [99312.5, 6410.0], [99320.0, 1180.0], [99325.0, 4120.0], [99350.0, 4790.0], [99352.5, 16050.0], [99355.0, 3000.0], [99385.0, 3000.0], [99420.0, 44280.0], [99547.5, 1300.0], [99550.0, 4850.0], [99632.5, 50000.0], [99700.0, 40.0], [99702.5, 10.0], [99712.5, 24820.0], [99775.0, 2400.0], [99805.0, 48020.0]]}}}
{"jsonrpc": "2.0", "method": "subscription", "params": {"channel": "book.BTC-21NOV25.none.20.100ms", "data": {"timestamp": 1763084066865, "change_id": 126852326552, "instrument_name": "BTC-21NOV25", "bids": [[99270.0, 1300.0], [99267.5, 3250.0], [99265.0, 7550.0], [99262.5, 1890.0], [99260.0, 6340.0], [99210.0, 5900.0], [99207.5, 20350.0], [99192.5, 300.0], [99187.5, 300.0], [99120.0, 3490.0], [99117.5, 12000.0], [99110.0, 10.0], [99080.0, 45510.0], [99005.0, 500.0], [98927.5, 38420.0], [98925.0, 50000.0], [98782.5, 6370.0], [98775.0, 50000.0], [98732.5, 300.0], [98717.5, 153700.0]], "asks": [[99282.5, 1880.0], [99285.0, 6250.0], [99302.5, 1910.0], [99305.0, 6410.0], [99317.5, 14930.0], [99320.0, 71370.0], [99322.5, 71510.0], [99367.5, 4880.0], [99370.0, 16360.0], [99425.0, 13220.0], [99427.5, 44280.0], [99525.0, 10.0], [99545.0, 500.0], [99555.0, 4390.0], [99625.0, 50000.0], [99685.0, 38420.0], [99690.0, 6270.0], [99732.5, 40.0], [99757.5, 2400.0], [99802.5, 50000.0]]}}}
{"jsonrpc": "2.0", "method": "subscription", "params": {"channel": "book.BTC-14NOV25.none.20.100ms", "data": {"timestamp": 1763084067004, "change_id": 126852326801, "instrument_name": "BTC-14NOV25", "bids": [[99275.0, 3510.0], [99272.5, 12580.0], [99267.5, 80.0], [99215.0, 1330.0], [99212.5, 4460.0], [99190.0, 4650.0], [99187.5, 15590.0], [99092.5, 720.0], [99090.0, 12000.0], [99072.5, 45510.0], [98992.5, 10420.0], [98990.0, 500.0], [98940.0, 38420.0], [98932.5, 50000.0], [98760.0, 24570.0], [98745.0, 50000.0], [98690.0, 153700.0], [98687.5, 624460.0], [98662.5, 49000.0], [98582.5, 49830.0]], "asks": [[99282.5, 170.0], [99290.0, 3790.0], [99292.5, 6250.0], [99295.0, 6450.0], [99297.5, 10.0], [99312.5, 6410.0], [99320.0, 1180.0], [99325.0, 4120.0], [99350.0, 4790.0], [99352.5, 16050.0], [99355.0, 3000.0], [99385.0, 3000.0], [99420.0, 44280.0], [99547.5, 1300.0], [99550.0, 4850.0], [99632.5, 50000.0], [99700.0, 40.0], [99702.5, 10.0], [99712.5, 24820.0], [99775.0, 2400.0]]}}}
{"jsonrpc": "2.0", "method": "subscription", "params": {"channel": "book.BTC-21NOV25.none.20.100ms", "data": {"timestamp": 1763084067155, "change_id": 126852327185, "instrument_name": "BTC-21NOV25", "bids": [[99272.5, 1690.0], [99270.0, 1300.0], [99267.5, 3250.0], [99265.0, 7560.0], [99262.5, 1890.0], [99260.0, 6330.0], [99210.0, 5900.0], [99207.5, 20350.0], [99192.5, 300.0], [99187.5, 300.0], [99120.0, 3490.0], [99117.5, 12000.0], [99110.0, 10.0], [99080.0, 45510.0], [99005.0, 500.0], [98927.5, 38420.0], [98925.0, 50000.0], [98782.5, 6370.0], [98775.0, 50000.0], [98732.5, 300.0]], "asks": [[99282.5, 1870.0], [99285.0, 6260.0], [99302.5, 1910.0], [99305.0, 6410.0], [99317.5, 14930.0], [99320.0, 71370.0], [99322.5, 71510.0], [99367.5, 4880.0], [99370.0, 16360.0], [99425.0, 13220.0], [99427.5, 44280.0], [99525.0, 10.0], [99545.0, 500.0], [99555.0, 4390.0], [99625.0, 50000.0], [99685.0, 38420.0], [99690.0, 6270.0], [99732.5, 40.0], [99757.5, 2400.0], [99802.5, 50000.0]]}}}
{"jsonrpc": "2.0", "method": "subscription", "params": {"channel": "book.BTC-14NOV25.none.20.100ms", "data": {"timestamp": 1763084067549, "change_id": 126852327684, "instrument_name": "BTC-14NOV25", "bids": [[99275.0, 3510.0], [99272.5, 12580.0], [99267.5, 80.0], [99215.0, 1330.0], [99212.5, 4460.0], [99190.0, 4650.0], [99187.5, 15590.0], [99092.5, 3490.0], [99090.0, 12000.0], [99072.5, 45510.0], [98992.5, 10420.0], [98990.0, 500.0], [98940.0, 38420.0], [98932.5, 50000.0], [98760.0, 24570.0], [98745.0, 50000.0], [98690.0, 153700.0], [98687.5, 624460.0], [98662.5, 49000.0], [98582.5, 49830.0]], "asks": [[99282.5, 170.0], [99290.0, 3790.0], [99292.5, 6250.0], [99295.0, 6450.0], [99297.5, 10.0], [99310.0, 1910.0], [99312.5, 6410.0], [99320.0, 1180.0], [99325.0, 4120.0], [99350.0, 4790.0], [99352.5, 16050.0], [99355.0, 3000.0], [99385.0, 3000.0], [99420.0, 44280.0], [99547.5, 1300.0], [99550.0, 4850.0], [99632.5, 50000.0], [99700.0, 40.0], [99702.5, 10.0], [99712.5, 24820.0]]}}}
{"jsonrpc": "2.0", "method": "subscription", "params": {"channel": "book.BTC-21NOV25.none.20.100ms", "data": {"timestamp": 1763084067601, "change_id": 126852327756, "instrument_name": "BTC-21NOV25", "bids": [[99272.5, 1300.0], [99270.0, 1300.0], [99267.5, 1380.0], [99265.0, 7560.0], [99262.5, 1890.0], [99260.0, 6330.0], [99210.0, 5900.0], [99207.5, 20350.0], [99192.5, 300.0], [99187.5, 300.0], [99120.0, 3490.0], [99117.5, 12000.0], [99110.0, 10.0], [99080.0, 45510.0], [99005.0, 500.0], [98927.5, 38420.0], [98925.0, 50000.0], [98782.5, 6370.0], [98775.0, 50000.0], [98732.5, 300.0]], "asks": [[99282.5, 1880.0], [99285.0, 6250.0], [99302.5, 1910.0], [99305.0, 6410.0], [99317.5, 14930.0], [99320.0, 71370.0], [99322.5, 71510.0], [99367.5, 4880.0], [99370.0, 16360.0], [99425.0, 13220.0], [99427.5, 44280.0], [99525.0, 10.0], [99545.0, 500.0], [99555.0, 4390.0], [99625.0, 50000.0], [99685.0, 38420.0], [99690.0, 6270.0], [99732.5, 40.0], [99757.5, 2400.0], [99802.5, 50000.0]]}}}
{"jsonrpc": "2.0", "method": "subscription", "params": {"channel": "book.BTC-14NOV25.none.20.100ms", "data": {"timestamp": 1763084067884, "change_id": 126852328680, "instrument_name": "BTC-14NOV25", "bids": [[99270.0, 1920.0], [99267.5, 6410.0], [99260.0, 1870.0], [99257.5, 6250.0], [99215.0, 1330.0], [99212.5, 4460.0], [99190.0, 4650.0], [99187.5, 15590.0], [99092.5, 3490.0], [99090.0, 12000.0], [99072.5, 45510.0], [98992.5, 10420.0], [98990.0, 500.0], [98940.0, 38420.0], [98932.5, 50000.0], [98762.5, 153700.0], [98760.0, 24570.0], [98745.0, 50000.0], [98687.5, 624460.0], [98662.5, 49000.0]], "asks": [[99282.5, 2040.0], [99285.0, 6250.0], [99292.5, 1940.0], [99295.0, 6450.0], [99297.5, 1890.0], [99300.0, 6330.0], [99312.5, 80.0], [99320.0, 1180.0], [99325.0, 4120.0], [99350.0, 4790.0], [99352.5, 16050.0], [99355.0, 3000.0], [99385.0, 3000.0], [99420.0, 44280.0], [99547.5, 1300.0], [99550.0, 4850.0], [99632.5, 50000.0], [99700.0, 40.0], [99702.5, 10.0], [99712.5, 24820.0]]}}}
