{"jsonrpc": "2.0", "id": 1, "result": ["book.BTC-5SEP25.none.20.100ms", "book.BTC-12SEP25.none.20.100ms"], "usIn": 1756499077161202, "usOut": 1756499077163451, "usDiff": 2249, "testnet": false}
{"jsonrpc": "2.0", "method": "subscription", "params": {"channel": "book.BTC-5SEP25.none.20.100ms", "data": {"timestamp": 1756499077161, "change_id": 115543329558, "instrument_name": "BTC-5SEP25", "bids": [[108032.5, 13100.0], [108030.0, 42200.0], [108027.5, 3300.0], [108025.0, 5150.0], [108022.5, 3460.0], [108020.0, 2690.0], [108002.5, 810.0], [108000.0, 2710.0], [107992.5, 15000.0], [107990.0, 50000.0], [107987.5, 820.0], [107985.0, 2740.0], [107982.5, 4810.0], [107980.0, 16040.0], [107975.0, 820.0], [107972.5, 2740.0], [107937.5, 830.0], [107935.0, 2760.0], [107910.0, 21480.0], [107907.5, 71590.0]], "asks": [[108035.0, 3240.0], [108050.0, 12000.0], [108057.5, 5000.0], [108060.0, 2730.0], [108065.0, 1640.0], [108067.5, 5460.0], [108072.5, 4870.0], [108075.0, 7270.0], [108082.5, 600.0], [108085.0, 2000.0], [108115.0, 810.0], [108117.5, 2690.0], [108127.5, 810.0], [108130.0, 25320.0], [108135.0, 75420.0], [108142.5, 2740.0], [108145.0, 15670.0], [108152.5, 40.0], [108162.5, 7450.0], [108165.0, 24820.0]]}}}
{"jsonrpc": "2.0", "method": "subscription", "params": {"channel": "book.BTC-12SEP25.none.20.100ms", "data": {"timestamp": 1756499077160, "change_id": 115543329554, "instrument_name": "BTC-12SEP25", "bids": [[108192.5, 7100.0], [108190.0, 5000.0], [108182.5, 160.0], [108162.5, 4780.0], [108160.0, 15930.0], [108147.5, 15000.0], [108145.0, 50000.0], [108117.5, 20.0], [108072.5, 1870.0], [108070.0, 6230.0], [108067.5, 20.0], [107997.5, 1820.0], [107995.0, 6070.0], [107992.5, 5680.0], [107990.0, 10330.0], [107980.0, 20.0], [107977.5, 12400.0], [107975.0, 41330.0], [107970.0, 105000.0], [107895.0, 20.0]], "asks": [[108195.0, 12000.0], [108217.5, 5000.0], [108225.0, 7100.0], [108240.0, 20.0], [108242.5, 160.0], [108262.5, 5480.0], [108265.0, 18270.0], [108270.0, 600.0], [108272.5, 2000.0], [108287.5, 50000.0], [108322.5, 6530.0], [108325.0, 21760.0], [108327.5, 240.0], [108340.0, 30.0], [108377.5, 11580.0], [108380.0, 38590.0], [108412.5, 20.0], [108440.0, 300.0], [108450.0, 37150.0], [108462.5, 105000.0]]}}}
{"jsonrpc": "2.0", "method": "subscription", "params": {"channel": "book.BTC-12SEP25.none.20.100ms", "data": {"timestamp": 1756499077332, "change_id": 115543329911, "instrument_name": "BTC-12SEP25", "bids": [[108187.5, 2130.0], [108185.0, 7100.0], [108182.5, 1660.0], [108180.0, 5000.0], [108162.5, 4780.0], [108160.0, 15930.0], [108147.5, 15000.0], [108145.0, 50000.0], [108117.5, 20.0], [108072.5, 1870.0], [108070.0, 6230.0], [108067.5, 20.0], [107997.5, 1820.0], [107995.0, 6070.0], [107992.5, 5680.0], [107990.0, 10330.0], [107980.0, 20.0], [107977.5, 12400.0], [107975.0, 41330.0], [107970.0, 105000.0]], "asks": [[108195.0, 12000.0], [108210.0, 5000.0], [108215.0, 1500.0], [108217.5, 7100.0], [108240.0, 20.0], [108242.5, 160.0], [108262.5, 5480.0], [108265.0, 18270.0], [108270.0, 600.0], [108272.5, 2000.0], [108287.5, 50000.0], [108322.5, 6530.0], [108325.0, 21760.0], [108327.5, 240.0], [108340.0, 30.0], [108377.5, 11580.0], [108380.0, 38590.0], [108412.5, 20.0], [108440.0, 300.0], [108450.0, 37150.0]]}}}
{"jsonrpc": "2.0", "method": "subscription", "params": {"channel": "book.BTC-5SEP25.none.20.100ms", "data": {"timestamp": 1756499077333, "change_id": 115543329913, "instrument_name": "BTC-5SEP25", "bids": [[108032.5, 13100.0], [108030.0, 37200.0], [108027.5, 3300.0], [108025.0, 5150.0], [108022.5, 3460.0], [108020.0, 2690.0], [108002.5, 810.0], [108000.0, 2710.0], [107992.5, 15000.0], [107990.0, 50000.0], [107987.5, 820.0], [107985.0, 2740.0], [107982.5, 4810.0], [107980.0, 16040.0], [107975.0, 820.0], [107972.5, 2740.0], [107937.5, 830.0], [107935.0, 2760.0], [107910.0, 21480.0], [107907.5, 71590.0]], "asks": [[108035.0, 3240.0], [108050.0, 12000.0], [108055.0, 2320.0], [108057.5, 5000.0], [108060.0, 2730.0], [108062.5, 2130.0], [108065.0, 8750.0], [108067.5, 5460.0], [108070.0, 860.0], [108072.5, 2690.0], [108075.0, 160.0], [108082.5, 600.0], [108085.0, 2000.0], [108115.0, 810.0], [108117.5, 2690.0], [108127.5, 810.0], [108130.0, 25320.0], [108135.0, 75420.0], [108142.5, 2740.0], [108145.0, 15670.0]]}}}
{"jsonrpc": "2.0", "method": "subscription", "params": {"channel": "book.BTC-12SEP25.none.20.100ms", "data": {"timestamp": 1756499077594, "change_id": 115543330587, "instrument_name": "BTC-12SEP25", "bids": [[108182.5, 1660.0], [108180.0, 5000.0], [108162.5, 4780.0], [108160.0, 15930.0], [108147.5, 15000.0], [108145.0, 50000.0], [108117.5, 20.0], [108072.5, 1870.0], [108070.0, 6230.0], [108067.5, 20.0], [107997.5, 1820.0], [107995.0, 6070.0], [107992.5, 5680.0], [107990.0, 10330.0], [107980.0, 20.0], [107977.5, 12400.0], [107975.0, 41330.0], [107970.0, 105000.0], [107895.0, 20.0], [107857.5, 500.0]], "asks": [[108195.0, 12000.0], [108210.0, 5000.0], [108215.0, 1500.0], [108217.5, 7100.0], [108240.0, 20.0], [108242.5, 160.0], [108262.5, 5480.0], [108265.0, 18270.0], [108270.0, 600.0], [108272.5, 2000.0], [108282.5, 15000.0], [108285.0, 50000.0], [108322.5, 6530.0], [108325.0, 21760.0], [108327.5, 240.0], [108340.0, 30.0], [108377.5, 11580.0], [108380.0, 38590.0], [108412.5, 20.0], [108440.0, 300.0]]}}}
{"jsonrpc": "2.0", "method": "subscription", "params": {"channel": "book.BTC-5SEP25.none.20.100ms", "data": {"timestamp": 1756499077649, "change_id": 115543330785, "instrument_name": "BTC-5SEP25", "bids": [[108032.5, 5990.0], [108030.0, 37200.0], [108027.5, 3300.0], [108025.0, 5150.0], [108022.5, 3460.0], [108020.0, 2690.0], [108002.5, 810.0], [108000.0, 2710.0], [107992.5, 15000.0], [107990.0, 50000.0], [107987.5, 820.0], [107985.0, 2740.0], [107982.5, 4810.0], [107980.0, 16040.0], [107975.0, 820.0], [107972.5, 2740.0], [107937.5, 830.0], [107935.0, 2760.0], [107910.0, 21480.0], [107907.5, 71590.0]], "asks": [[108035.0, 3240.0], [108047.5, 4190.0], [108050.0, 17000.0], [108055.0, 2850.0], [108057.5, 7110.0], [108060.0, 2730.0], [108065.0, 1640.0], [108067.5, 5460.0], [108070.0, 860.0], [108072.5, 2690.0], [108075.0, 160.0], [108082.5, 600.0], [108085.0, 2000.0], [108115.0, 810.0], [108117.5, 2690.0], [108127.5, 810.0], [108130.0, 25320.0], [108135.0, 75420.0], [108142.5, 7440.0], [108145.0, 15670.0]]}}}
{"jsonrpc": "2.0", "method": "subscription", "params": {"channel": "book.BTC-12SEP25.none.20.100ms", "data": {"timestamp": 1756499077804, "change_id": 115543331097, "instrument_name": "BTC-12SEP25", "bids": [[108185.0, 3680.0], [108182.5, 7260.0], [108180.0, 5000.0], [108162.5, 4780.0], [108160.0, 15930.0], [108147.5, 15000.0], [108145.0, 50000.0], [108117.5, 20.0], [108072.5, 1870.0], [108070.0, 6230.0], [108067.5, 20.0], [107997.5, 1820.0], [107995.0, 6070.0], [107992.5, 5680.0], [107990.0, 10330.0], [107980.0, 20.0], [107977.5, 12400.0], [107975.0, 41330.0], [107970.0, 105000.0], [107895.0, 20.0]], "asks": [[108195.0, 12000.0], [108202.5, 5000.0], [108210.0, 7100.0], [108240.0, 20.0], [108242.5, 160.0], [108262.5, 5480.0], [108265.0, 18270.0], [108270.0, 50000.0], [108272.5, 2000.0], [108322.5, 6530.0], [108325.0, 21760.0], [108327.5, 240.0], [108340.0, 30.0], [108377.5, 11580.0], [108380.0, 38590.0], [108412.5, 20.0], [108440.0, 300.0], [108450.0, 37150.0], [108462.5, 105000.0], [108500.0, 20.0]]}}}
{"jsonrpc": "2.0", "method": "subscription", "params": {"channel": "book.BTC-5SEP25.none.20.100ms", "data": {"timestamp": 1756499077804, "change_id": 115543331099, "instrument_name": "BTC-5SEP25", "bids": [[108032.5, 13100.0], [108030.0, 37200.0], [108027.5, 3300.0], [108025.0, 5150.0], [108022.5, 3460.0], [108020.0, 2690.0], [108002.5, 810.0], [108000.0, 2710.0], [107992.5, 15000.0], [107990.0, 50000.0], [107987.5, 820.0], [107985.0, 2740.0], [107982.5, 4810.0], [107980.0, 16040.0], [107975.0, 820.0], [107972.5, 2740.0], [107937.5, 830.0], [107935.0, 2760.0], [107910.0, 21480.0], [107907.5, 71590.0]], "asks": [[108035.0, 3240.0], [108040.0, 5000.0], [108042.5, 5000.0], [108045.0, 3300.0], [108047.5, 3300.0], [108055.0, 2850.0], [108057.5, 7110.0], [108060.0, 2730.0], [108065.0, 1640.0], [108067.5, 55460.0], [108070.0, 860.0], [108072.5, 2690.0], [108075.0, 160.0], [108082.5, 600.0], [108085.0, 2000.0], [108115.0, 810.0], [108117.5, 2690.0], [108127.5, 810.0], [108130.0, 2690.0], [108135.0, 25420.0]]}}}
{"jsonrpc": "2.0", "method": "subscription", "params": {"channel": "book.BTC-12SEP25.none.20.100ms", "data": {"timestamp": 1756499078321, "change_id": 115543332039, "instrument_name": "BTC-12SEP25", "bids": [[108192.5, 88740.0], [108185.0, 2180.0], [108182.5, 7260.0], [108167.5, 1500.0], [108165.0, 5000.0], [108162.5, 4780.0], [108160.0, 15930.0], [108147.5, 15000.0], [108145.0, 50000.0], [108117.5, 20.0], [108072.5, 1870.0], [108070.0, 6230.0], [108067.5, 20.0], [107997.5, 1820.0], [107995.0, 6070.0], [107992.5, 5680.0], [107990.0, 10330.0], [107980.0, 20.0], [107977.5, 12400.0], [107975.0, 41330.0]], "asks": [[108195.0, 12000.0], [108202.5, 5000.0], [108207.5, 1830.0], [108210.0, 7100.0], [108230.0, 160.0], [108240.0, 20.0], [108262.5, 5480.0], [108265.0, 18270.0], [108270.0, 50000.0], [108272.5, 2000.0], [108322.5, 6530.0], [108325.0, 21760.0], [108327.5, 240.0], [108340.0, 30.0], [108377.5, 11580.0], [108380.0, 38590.0], [108412.5, 20.0], [108440.0, 300.0], [108450.0, 37150.0], [108462.5, 105000.0]]}}}
{"jsonrpc": "2.0", "method": "subscription", "params": {"channel": "book.BTC-5SEP25.none.20.100ms", "data": {"timestamp": 1756499078297, "change_id": 115543331989, "instrument_name": "BTC-5SEP25", "bids": [[108032.5, 13100.0], [108025.0, 1850.0], [108022.5, 3460.0], [108020.0, 2690.0], [108007.5, 1500.0], [108005.0, 5000.0], [108002.5, 810.0], [108000.0, 2710.0], [107992.5, 15000.0], [107990.0, 50000.0], [107987.5, 820.0], [107985.0, 2740.0], [107982.5, 4810.0], [107980.0, 16040.0], [107975.0, 820.0], [107972.5, 2740.0], [107937.5, 830.0], [107935.0, 2760.0], [107910.0, 21480.0], [107907.5, 71590.0]], "asks": [[108035.0, 3240.0], [108040.0, 5000.0], [108042.5, 5000.0], [108045.0, 3300.0], [108047.5, 6030.0], [108055.0, 2850.0], [108057.5, 7110.0], [108060.0, 2730.0], [108065.0, 1640.0], [108067.5, 55460.0], [108070.0, 860.0], [108072.5, 2690.0], [108075.0, 160.0], [108082.5, 600.0], [108085.0, 2000.0], [108115.0, 810.0], [108117.5, 2690.0], [108127.5, 810.0], [108130.0, 2690.0], [108135.0, 25420.0]]}}}
{"jsonrpc": "2.0", "method": "subscription", "params": {"channel": "book.BTC-12SEP25.none.20.100ms", "data": {"timestamp": 1756499078593, "change_id": 115543333076, "instrument_name": "BTC-12SEP25", "bids": [[108192.5, 88740.0], [108182.5, 160.0], [108175.0, 2130.0], [108172.5, 12100.0], [108162.5, 4780.0], [108160.0, 15930.0], [108147.5, 15000.0], [108145.0, 50000.0], [108117.5, 20.0], [108072.5, 1870.0], [108070.0, 6230.0], [108067.5, 20.0], [107997.5, 1820.0], [107995.0, 6070.0], [107992.5, 5680.0], [107990.0, 10330.0], [107980.0, 20.0], [107975.0, 41330.0], [107970.0, 105000.0], [107895.0, 20.0]], "asks": [[108195.0, 12000.0], [108202.5, 12100.0], [108230.0, 160.0], [108240.0, 20.0], [108262.5, 5480.0], [108265.0, 18270.0], [108270.0, 600.0], [108272.5, 2000.0], [108322.5, 50000.0], [108325.0, 21760.0], [108327.5, 240.0], [108340.0, 30.0], [108377.5, 11580.0], [108380.0, 38590.0], [108412.5, 20.0], [108440.0, 300.0], [108450.0, 37150.0], [108462.5, 105000.0], [108500.0, 20.0], [108517.5, 50000.0]]}}}
{"jsonrpc": "2.0", "method": "subscription", "params": {"channel": "book.BTC-5SEP25.none.20.100ms", "data": {"timestamp": 1756499078651, "change_id": 115543333297, "instrument_name": "BTC-5SEP25", "bids": [[108030.0, 6030.0], [108022.5, 7270.0], [108017.5, 47600.0], [108015.0, 2730.0], [108012.5, 5000.0], [108000.0, 2710.0], [107990.0, 50000.0], [107985.0, 2740.0], [107980.0, 16040.0], [107972.5, 2740.0], [107935.0, 2760.0], [107907.5, 71590.0], [107902.5, 2760.0], [107895.0, 40.0], [107890.0, 2740.0], [107872.5, 10330.0], [107855.0, 2720.0], [107850.0, 20.0], [107847.5, 190.0], [107842.5, 2780.0]], "asks": [[108032.5, 8300.0], [108035.0, 3240.0], [108042.5, 5000.0], [108045.0, 3300.0], [108047.5, 6030.0], [108050.0, 7110.0], [108060.0, 4730.0], [108062.5, 160.0], [108067.5, 5460.0], [108072.5, 2690.0], [108077.5, 50000.0], [108117.5, 2690.0], [108130.0, 2690.0], [108135.0, 25420.0], [108142.5, 2740.0], [108145.0, 15670.0], [108152.5, 40.0], [108165.0, 24820.0], [108192.5, 2730.0], [108200.0, 40020.0]]}}}
{"jsonrpc": "2.0", "method": "subscription", "params": {"channel": "book.BTC-12SEP25.none.20.100ms", "data": {"timestamp": 1756499078705, "change_id": 115543333342, "instrument_name": "BTC-12SEP25", "bids": [[108182.5, 160.0], [108175.0, 3360.0], [108172.5, 12100.0], [108162.5, 4780.0], [108160.0, 15930.0], [108147.5, 15000.0], [108145.0, 50000.0], [108117.5, 20.0], [108072.5, 1870.0], [108070.0, 6230.0], [108067.5, 20.0], [107997.5, 1820.0], [107995.0, 6070.0], [107992.5, 5680.0], [107990.0, 10330.0], [107980.0, 20.0], [107975.0, 41330.0], [107970.0, 105000.0], [107895.0, 20.0], [107857.5, 500.0]], "asks": [[108195.0, 12000.0], [108202.5, 12100.0], [108230.0, 160.0], [108240.0, 20.0], [108262.5, 5480.0], [108265.0, 18270.0], [108270.0, 600.0], [108272.5, 2000.0], [108322.5, 50000.0], [108325.0, 21760.0], [108327.5, 240.0], [108340.0, 30.0], [108377.5, 11580.0], [108380.0, 38590.0], [108412.5, 20.0], [108440.0, 300.0], [108450.0, 37150.0], [108462.5, 105000.0], [108500.0, 20.0], [108517.5, 50000.0]]}}}
{"jsonrpc": "2.0", "method": "subscription", "params": {"channel": "book.BTC-5SEP25.none.20.100ms", "data": {"timestamp": 1756499078681, "change_id": 115543333326, "instrument_name": "BTC-5SEP25", "bids": [[108030.0, 6030.0], [108025.0, 3300.0], [108022.5, 7270.0], [108017.5, 47600.0], [108015.0, 2730.0], [108012.5, 5000.0], [108000.0, 2710.0], [107990.0, 50000.0], [107985.0, 2740.0], [107980.0, 16040.0], [107972.5, 2740.0], [107935.0, 2760.0], [107907.5, 71590.0], [107902.5, 2760.0], [107895.0, 40.0], [107890.0, 2740.0], [107872.5, 10330.0], [107855.0, 2720.0], [107850.0, 20.0], [107847.5, 190.0]], "asks": [[108032.5, 8300.0], [108035.0, 3240.0], [108040.0, 3300.0], [108042.5, 5000.0], [108045.0, 3300.0], [108047.5, 6030.0], [108050.0, 7110.0], [108060.0, 4730.0], [108062.5, 160.0], [108067.5, 5460.0], [108072.5, 2690.0], [108077.5, 50000.0], [108117.5, 2690.0], [108130.0, 2690.0], [108135.0, 25420.0], [108142.5, 2740.0], [108145.0, 15670.0], [108152.5, 40.0], [108165.0, 24820.0], [108192.5, 2730.0]]}}}
{"jsonrpc": "2.0", "method": "subscription", "params": {"channel": "book.BTC-12SEP25.none.20.100ms", "data": {"timestamp": 1756499079079, "change_id": 115543333990, "instrument_name": "BTC-12SEP25", "bids": [[108187.5, 4770.0], [108185.0, 15900.0], [108182.5, 74340.0], [108175.0, 3360.0], [108172.5, 12100.0], [108162.5, 4780.0], [108160.0, 15930.0], [108147.5, 15000.0], [108145.0, 50000.0], [108117.5, 20.0], [108072.5, 1870.0], [108070.0, 6230.0], [108067.5, 20.0], [107997.5, 1820.0], [107995.0, 6070.0], [107992.5, 5680.0], [107990.0, 10330.0], [107980.0, 20.0], [107975.0, 41330.0], [107970.0, 105000.0]], "asks": [[108195.0, 12000.0], [108202.5, 12100.0], [108230.0, 160.0], [108240.0, 20.0], [108262.5, 5480.0], [108265.0, 18270.0], [108270.0, 600.0], [108272.5, 2000.0], [108322.5, 50000.0], [108325.0, 21760.0], [108327.5, 240.0], [108340.0, 30.0], [108377.5, 11580.0], [108380.0, 38590.0], [108412.5, 20.0], [108440.0, 300.0], [108450.0, 37150.0], [108462.5, 105000.0], [108500.0, 20.0], [108517.5, 50000.0]]}}}
{"jsonrpc": "2.0", "method": "subscription", "params": {"channel": "book.BTC-12SEP25.none.20.100ms", "data": {"timestamp": 1756499079522, "change_id": 115543334423, "instrument_name": "BTC-12SEP25", "bids": [[108185.0, 15900.0], [108182.5, 74340.0], [108180.0, 7100.0], [108175.0, 1230.0], [108172.5, 5000.0], [108162.5, 4780.0], [108160.0, 15930.0], [108147.5, 15000.0], [108145.0, 50000.0], [108117.5, 20.0], [108072.5, 1870.0], [108070.0, 6230.0], [108067.5, 20.0], [107997.5, 1820.0], [107995.0, 6070.0], [107992.5, 5680.0], [107990.0, 10330.0], [107980.0, 20.0], [107975.0, 41330.0], [107970.0, 105000.0]], "asks": [[108195.0, 17000.0], [108207.5, 7100.0], [108230.0, 160.0], [108240.0, 20.0], [108262.5, 5480.0], [108265.0, 18270.0], [108270.0, 600.0], [108272.5, 2000.0], [108320.0, 21530.0], [108322.5, 50000.0], [108325.0, 21760.0], [108327.5, 240.0], [108340.0, 30.0], [108377.5, 11580.0], [108380.0, 38590.0], [108412.5, 20.0], [108440.0, 300.0], [108450.0, 37150.0], [108462.5, 105000.0], [108500.0, 20.0]]}}}
{"jsonrpc": "2.0", "method": "subscription", "params": {"channel": "book.BTC-5SEP25.none.20.100ms", "data": {"timestamp": 1756499079633, "change_id": 115543334920, "instrument_name": "BTC-5SEP25", "bids": [[108030.0, 13140.0], [108027.5, 990.0], [108025.0, 3300.0], [108022.5, 160.0], [108020.0, 16600.0], [108017.5, 47600.0], [108015.0, 9230.0], [108012.5, 5000.0], [108000.0, 2710.0], [107992.5, 15000.0], [107990.0, 50000.0], [107985.0, 2740.0], [107980.0, 16040.0], [107937.5, 830.0], [107935.0, 2760.0], [107912.5, 10330.0], [107910.0, 21480.0], [107907.5, 71590.0], [107902.5, 2760.0], [107895.0, 40.0]], "asks": [[108032.5, 8300.0], [108035.0, 3240.0], [108040.0, 3300.0], [108042.5, 5000.0], [108045.0, 3300.0], [108047.5, 6030.0], [108052.5, 2130.0], [108055.0, 7110.0], [108057.5, 1420.0], [108060.0, 4730.0], [108062.5, 160.0], [108067.5, 5460.0], [108072.5, 2690.0], [108075.0, 15000.0], [108077.5, 50000.0], [108130.0, 2690.0], [108132.5, 7630.0], [108135.0, 25420.0], [108142.5, 2740.0], [108145.0, 15670.0]]}}}
{"jsonrpc": "2.0", "method": "subscription", "params": {"channel": "book.BTC-12SEP25.none.20.100ms", "data": {"timestamp": 1756499079672, "change_id": 115543334970, "instrument_name": "BTC-12SEP25", "bids": [[108185.0, 15900.0], [108182.5, 74340.0], [108180.0, 7100.0], [108175.0, 1230.0], [108172.5, 5000.0], [108162.5, 4780.0], [108160.0, 15930.0], [108147.5, 15000.0], [108145.0, 50000.0], [108117.5, 20.0], [108072.5, 1870.0], [108070.0, 6230.0], [108067.5, 20.0], [107997.5, 1820.0], [107995.0, 6070.0], [107992.5, 5680.0], [107990.0, 10330.0], [107980.0, 20.0], [107975.0, 41330.0], [107970.0, 105000.0]], "asks": [[108195.0, 17000.0], [108207.5, 7100.0], [108230.0, 160.0], [108240.0, 20.0], [108262.5, 5480.0], [108265.0, 18270.0], [108267.5, 15000.0], [108270.0, 50600.0], [108272.5, 2000.0], [108325.0, 21760.0], [108327.5, 240.0], [108340.0, 30.0], [108377.5, 11580.0], [108380.0, 38590.0], [108412.5, 20.0], [108440.0, 300.0], [108450.0, 37150.0], [108462.5, 105000.0], [108500.0, 20.0], [108517.5, 50000.0]]}}}
{"jsonrpc": "2.0", "method": "subscription", "params": {"channel": "book.BTC-5SEP25.none.20.100ms", "data": {"timestamp": 1756499079671, "change_id": 115543334968, "instrument_name": "BTC-5SEP25", "bids": [[108030.0, 13140.0], [108027.5, 990.0], [108025.0, 5200.0], [108022.5, 3460.0], [108020.0, 19900.0], [108017.5, 47600.0], [108015.0, 9230.0], [108012.5, 5000.0], [108000.0, 2710.0], [107992.5, 15000.0], [107990.0, 50000.0], [107985.0, 2740.0], [107980.0, 16040.0], [107937.5, 830.0], [107935.0, 2760.0], [107912.5, 10330.0], [107910.0, 21480.0], [107907.5, 71590.0], [107902.5, 2760.0], [107895.0, 40.0]], "asks": [[108032.5, 8300.0], [108035.0, 3240.0], [108040.0, 3300.0], [108042.5, 5000.0], [108045.0, 3300.0], [108047.5, 2730.0], [108052.5, 2130.0], [108055.0, 7110.0], [108057.5, 1420.0], [108060.0, 4730.0], [108062.5, 160.0], [108067.5, 5460.0], [108072.5, 2690.0], [108075.0, 15000.0], [108077.5, 50000.0], [108130.0, 2690.0], [108132.5, 7630.0], [108135.0, 25420.0], [108142.5, 2740.0], [108145.0, 15670.0]]}}}
{"jsonrpc": "2.0", "method": "subscription", "params": {"channel": "book.BTC-12SEP25.none.20.100ms", "data": {"timestamp": 1756499080219, "change_id": 115543335908, "instrument_name": "BTC-12SEP25", "bids": [[108185.0, 15900.0], [108182.5, 74340.0], [108180.0, 12100.0], [108162.5, 4780.0], [108160.0, 15930.0], [108147.5, 15000.0], [108145.0, 50000.0], [108117.5, 20.0], [108072.5, 1870.0], [108070.0, 6230.0], [108067.5, 20.0], [107997.5, 1820.0], [107995.0, 6070.0], [107992.5, 5680.0], [107990.0, 10330.0], [107980.0, 20.0], [107975.0, 41330.0], [107970.0, 105000.0], [107895.0, 20.0], [107857.5, 500.0]], "asks": [[108195.0, 12000.0], [108205.0, 5000.0], [108230.0, 160.0], [108240.0, 20.0], [108262.5, 5480.0], [108265.0, 18270.0], [108267.5, 15000.0], [108270.0, 50600.0], [108272.5, 2000.0], [108325.0, 21760.0], [108327.5, 240.0], [108340.0, 30.0], [108377.5, 11580.0], [108380.0, 38590.0], [108412.5, 20.0], [108440.0, 300.0], [108450.0, 37150.0], [108462.5, 105000.0], [108500.0, 20.0], [108517.5, 50000.0]]}}}
{"jsonrpc": "2.0", "method": "subscription", "params": {"channel": "book.BTC-5SEP25.none.20.100ms", "data": {"timestamp": 1756499080284, "change_id": 115543335978, "instrument_name": "BTC-5SEP25", "bids": [[108032.5, 2730.0], [108030.0, 10410.0], [108027.5, 990.0], [108025.0, 7920.0], [108022.5, 3460.0], [108020.0, 29900.0], [108017.5, 47600.0], [108015.0, 2730.0], [108000.0, 2710.0], [107992.5, 15000.0], [107990.0, 50000.0], [107985.0, 2740.0], [107980.0, 16040.0], [107937.5, 830.0], [107935.0, 2760.0], [107927.5, 2580.0], [107922.5, 2730.0], [107912.5, 10330.0], [107910.0, 21480.0], [107907.5, 69010.0]], "asks": [[108035.0, 3240.0], [108040.0, 5000.0], [108045.0, 3300.0], [108047.5, 2730.0], [108052.5, 5000.0], [108057.5, 1420.0], [108060.0, 4730.0], [108062.5, 160.0], [108067.5, 5460.0], [108072.5, 2690.0], [108075.0, 15000.0], [108077.5, 50000.0], [108130.0, 2690.0], [108132.5, 7630.0], [108135.0, 25420.0], [108142.5, 2740.0], [108145.0, 15670.0], [108152.5, 40.0], [108162.5, 7450.0], [108165.0, 24820.0]]}}}
{"jsonrpc": "2.0", "method": "subscription", "params": {"channel": "book.BTC-12SEP25.none.20.100ms", "data": {"timestamp": 1756499080602, "change_id": 115543336734, "instrument_name": "BTC-12SEP25", "bids": [[108190.0, 2130.0], [108187.5, 7100.0], [108185.0, 20690.0], [108182.5, 74340.0], [108180.0, 5000.0], [108162.5, 4780.0], [108160.0, 15930.0], [108147.5, 12120.0], [108145.0, 50000.0], [108117.5, 20.0], [108077.5, 1870.0], [108075.0, 6230.0], [108067.5, 20.0], [108002.5, 1820.0], [108000.0, 6070.0], [107992.5, 5680.0], [107990.0, 10330.0], [107980.0, 20.0], [107975.0, 41330.0], [107970.0, 105000.0]], "asks": [[108195.0, 12000.0], [108205.0, 5000.0], [108212.5, 7100.0], [108240.0, 20.0], [108247.5, 160.0], [108262.5, 5480.0], [108265.0, 18270.0], [108267.5, 15000.0], [108270.0, 50600.0], [108272.5, 2000.0], [108317.5, 15750.0], [108325.0, 6070.0], [108327.5, 240.0], [108340.0, 30.0], [108377.5, 11580.0], [108380.0, 38590.0], [108412.5, 20.0], [108440.0, 300.0], [108450.0, 37150.0], [108462.5, 105000.0]]}}}
{"jsonrpc": "2.0", "method": "subscription", "params": {"channel": "book.BTC-5SEP25.none.20.100ms", "data": {"timestamp": 1756499080618, "change_id": 115543336779, "instrument_name": "BTC-5SEP25", "bids": [[108032.5, 2730.0], [108030.0, 10410.0], [108027.5, 2370.0], [108025.0, 12920.0], [108022.5, 3460.0], [108020.0, 24900.0], [108017.5, 47600.0], [108015.0, 2730.0], [108000.0, 2710.0], [107992.5, 15000.0], [107990.0, 50000.0], [107985.0, 2740.0], [107982.5, 4810.0], [107980.0, 16040.0], [107937.5, 830.0], [107935.0, 2760.0], [107927.5, 2580.0], [107922.5, 2730.0], [107915.0, 3100.0], [107912.5, 10330.0]], "asks": [[108035.0, 3240.0], [108040.0, 5000.0], [108045.0, 8300.0], [108057.5, 7110.0], [108060.0, 4730.0], [108065.0, 1640.0], [108067.5, 5460.0], [108070.0, 810.0], [108072.5, 2690.0], [108087.5, 160.0], [108090.0, 50000.0], [108127.5, 810.0], [108130.0, 2690.0], [108132.5, 7630.0], [108135.0, 25420.0], [108137.5, 16150.0], [108142.5, 2740.0], [108152.5, 40.0], [108162.5, 7450.0], [108165.0, 24820.0]]}}}
{"jsonrpc": "2.0", "method": "subscription", "params": {"channel": "book.BTC-12SEP25.none.20.100ms", "data": {"timestamp": 1756499080974, "change_id": 115543338078, "instrument_name": "BTC-12SEP25", "bids": [[108190.0, 3360.0], [108187.5, 12100.0], [108185.0, 20690.0], [108182.5, 74340.0], [108162.5, 4780.0], [108160.0, 15930.0], [108147.5, 12120.0], [108145.0, 50000.0], [108117.5, 20.0], [108067.5, 20.0], [107992.5, 5680.0], [107990.0, 10330.0], [107980.0, 20.0], [107975.0, 41330.0], [107970.0, 105000.0], [107895.0, 20.0], [107857.5, 500.0], [107855.0, 50000.0], [107807.5, 20.0], [107730.0, 165340.0]], "asks": [[108240.0, 20.0], [108247.5, 160.0], [108262.5, 5480.0], [108265.0, 18270.0], [108267.5, 15000.0], [108270.0, 50600.0], [108272.5, 2000.0], [108325.0, 6070.0], [108327.5, 240.0], [108340.0, 15710.0], [108377.5, 11580.0], [108380.0, 38590.0], [108412.5, 20.0], [108440.0, 300.0], [108450.0, 37150.0], [108462.5, 105000.0], [108500.0, 20.0], [108517.5, 50000.0], [108532.5, 500.0], [108587.5, 20.0]]}}}
{"jsonrpc": "2.0", "method": "subscription", "params": {"channel": "book.BTC-5SEP25.none.20.100ms", "data": {"timestamp": 1756499080976, "change_id": 115543338118, "instrument_name": "BTC-5SEP25", "bids": [[108045.0, 2730.0], [108035.0, 4100.0], [108032.5, 2730.0], [108030.0, 5790.0], [108027.5, 5000.0], [108025.0, 5600.0], [108022.5, 3300.0], [108017.5, 47600.0], [108015.0, 2730.0], [108002.5, 810.0], [108000.0, 2710.0], [107992.5, 15000.0], [107990.0, 50000.0], [107987.5, 820.0], [107985.0, 2740.0], [107982.5, 4810.0], [107980.0, 16040.0], [107937.5, 830.0], [107935.0, 2760.0], [107927.5, 2580.0]], "asks": [[108065.0, 6030.0], [108067.5, 5460.0], [108082.5, 990.0], [108085.0, 3300.0], [108087.5, 17160.0], [108090.0, 50000.0], [108127.5, 810.0], [108130.0, 2690.0], [108140.0, 820.0], [108142.5, 2740.0], [108152.5, 40.0], [108157.5, 4820.0], [108160.0, 16060.0], [108162.5, 7450.0], [108165.0, 32450.0], [108167.5, 25420.0], [108190.0, 820.0], [108192.5, 2730.0], [108197.5, 12010.0], [108200.0, 40020.0]]}}}
{"jsonrpc": "2.0", "method": "subscription", "params": {"channel": "book.BTC-12SEP25.none.20.100ms", "data": {"timestamp": 1756499081243, "change_id": 115543339204, "instrument_name": "BTC-12SEP25", "bids": [[108210.0, 2130.0], [108207.5, 7100.0], [108197.5, 160.0], [108195.0, 5000.0], [108162.5, 4780.0], [108160.0, 15930.0], [108147.5, 11440.0], [108145.0, 50000.0], [108117.5, 20.0], [108072.5, 1870.0], [108070.0, 6230.0], [108067.5, 20.0], [107992.5, 2580.0], [107990.0, 10330.0], [107980.0, 20.0], [107975.0, 41330.0], [107970.0, 105000.0], [107895.0, 20.0], [107857.5, 500.0], [107855.0, 50000.0]], "asks": [[108215.0, 12000.0], [108222.5, 5000.0], [108230.0, 2130.0], [108232.5, 7100.0], [108240.0, 20.0], [108247.5, 160.0], [108272.5, 2000.0], [108310.0, 55480.0], [108312.5, 18270.0], [108325.0, 6070.0], [108327.5, 240.0], [108340.0, 30.0], [108342.5, 16120.0], [108412.5, 20.0], [108440.0, 300.0], [108445.0, 38590.0], [108462.5, 105000.0], [108500.0, 20.0], [108517.5, 50000.0], [108532.5, 500.0]]}}}
{"jsonrpc": "2.0", "method": "subscription", "params": {"channel": "book.BTC-5SEP25.none.20.100ms", "data": {"timestamp": 1756499081259, "change_id": 115543339221, "instrument_name": "BTC-5SEP25", "bids": [[108052.5, 7110.0], [108045.0, 2730.0], [108035.0, 10160.0], [108032.5, 2730.0], [108030.0, 3300.0], [108017.5, 3300.0], [108015.0, 2730.0], [108000.0, 2710.0], [107990.0, 50000.0], [107985.0, 2740.0], [107980.0, 16040.0], [107935.0, 2760.0], [107927.5, 2580.0], [107922.5, 2730.0], [107912.5, 10330.0], [107907.5, 44290.0], [107902.5, 27480.0], [107895.0, 40.0], [107890.0, 2740.0], [107862.5, 20.0]], "asks": [[108062.5, 11030.0], [108065.0, 3300.0], [108067.5, 5460.0], [108077.5, 2730.0], [108080.0, 7110.0], [108085.0, 3300.0], [108087.5, 2160.0], [108130.0, 2690.0], [108142.5, 2740.0], [108152.5, 40.0], [108155.0, 2730.0], [108162.5, 15900.0], [108165.0, 24820.0], [108167.5, 75420.0], [108192.5, 2730.0], [108200.0, 40020.0], [108205.0, 2690.0], [108227.5, 10330.0], [108230.0, 49860.0], [108235.0, 2750.0]]}}}
{"jsonrpc": "2.0", "method": "subscription", "params": {"channel": "book.BTC-12SEP25.none.20.100ms", "data": {"timestamp": 1756499081575, "change_id": 115543339854, "instrument_name": "BTC-12SEP25", "bids": [[108210.0, 2290.0], [108207.5, 7100.0], [108200.0, 9200.0], [108197.5, 95210.0], [108195.0, 5000.0], [108162.5, 4780.0], [108160.0, 15930.0], [108147.5, 11440.0], [108145.0, 50000.0], [108117.5, 20.0], [108072.5, 1870.0], [108070.0, 6230.0], [108067.5, 20.0], [107992.5, 5680.0], [107990.0, 10330.0], [107980.0, 20.0], [107975.0, 41330.0], [107970.0, 105000.0], [107895.0, 20.0], [107857.5, 500.0]], "asks": [[108215.0, 12000.0], [108220.0, 1500.0], [108222.5, 5000.0], [108230.0, 2130.0], [108232.5, 7100.0], [108240.0, 20.0], [108247.5, 160.0], [108270.0, 600.0], [108272.5, 2000.0], [108307.5, 15000.0], [108310.0, 55480.0], [108312.5, 18270.0], [108322.5, 1820.0], [108325.0, 6070.0], [108327.5, 240.0], [108340.0, 4870.0], [108342.5, 16120.0], [108412.5, 20.0], [108440.0, 300.0], [108445.0, 38590.0]]}}}
{"jsonrpc": "2.0", "method": "subscription", "params": {"channel": "book.BTC-5SEP25.none.20.100ms", "data": {"timestamp": 1756499081607, "change_id": 115543340016, "instrument_name": "BTC-5SEP25", "bids": [[108055.0, 2140.0], [108052.5, 7110.0], [108047.5, 980.0], [108045.0, 2730.0], [108037.5, 3000.0], [108035.0, 39230.0], [108032.5, 2730.0], [108030.0, 95060.0], [108020.0, 820.0], [108015.0, 2730.0], [108002.5, 810.0], [108000.0, 2710.0], [107992.5, 15000.0], [107990.0, 50000.0], [107987.5, 820.0], [107985.0, 2740.0], [107982.5, 4810.0], [107980.0, 16040.0], [107937.5, 830.0], [107935.0, 2760.0]], "asks": [[108062.5, 13300.0], [108065.0, 4940.0], [108067.5, 5460.0], [108075.0, 2950.0], [108077.5, 2730.0], [108080.0, 7110.0], [108082.5, 990.0], [108085.0, 3950.0], [108087.5, 2160.0], [108127.5, 810.0], [108130.0, 2690.0], [108140.0, 820.0], [108142.5, 2740.0], [108152.5, 860.0], [108155.0, 2730.0], [108160.0, 12220.0], [108162.5, 15900.0], [108165.0, 47450.0], [108167.5, 75420.0], [108190.0, 820.0]]}}}
{"jsonrpc": "2.0", "method": "subscription", "params": {"channel": "book.BTC-12SEP25.none.20.100ms", "data": {"timestamp": 1756499081922, "change_id": 115543340874, "instrument_name": "BTC-12SEP25", "bids": [[108210.0, 160.0], [108205.0, 3630.0], [108202.5, 5000.0], [108200.0, 16300.0], [108197.5, 95210.0], [108162.5, 4780.0], [108160.0, 15930.0], [108147.5, 11440.0], [108145.0, 50000.0], [108130.0, 20.0], [108077.5, 1870.0], [108075.0, 6230.0], [108067.5, 20.0], [107997.5, 1820.0], [107995.0, 6070.0], [107992.5, 5680.0], [107990.0, 10330.0], [107980.0, 20.0], [107975.0, 41330.0], [107970.0, 105000.0]], "asks": [[108215.0, 12000.0], [108220.0, 1500.0], [108222.5, 5000.0], [108240.0, 20.0], [108247.5, 160.0], [108270.0, 600.0], [108272.5, 2000.0], [108307.5, 15000.0], [108310.0, 55480.0], [108312.5, 18270.0], [108322.5, 1820.0], [108325.0, 6070.0], [108327.5, 240.0], [108340.0, 4870.0], [108342.5, 16120.0], [108412.5, 20.0], [108440.0, 300.0], [108445.0, 38590.0], [108462.5, 105000.0], [108500.0, 20.0]]}}}
{"jsonrpc": "2.0", "method": "subscription", "params": {"channel": "book.BTC-5SEP25.none.20.100ms", "data": {"timestamp": 1756499081919, "change_id": 115543340872, "instrument_name": "BTC-5SEP25", "bids": [[108060.0, 2730.0], [108055.0, 2140.0], [108052.5, 7110.0], [108047.5, 980.0], [108045.0, 5730.0], [108042.5, 5000.0], [108040.0, 5000.0], [108035.0, 29230.0], [108032.5, 2730.0], [108030.0, 95060.0], [108020.0, 820.0], [108015.0, 2730.0], [108002.5, 810.0], [108000.0, 2710.0], [107992.5, 15000.0], [107990.0, 50000.0], [107987.5, 820.0], [107985.0, 2740.0], [107982.5, 4810.0], [107980.0, 16040.0]], "asks": [[108062.5, 10000.0], [108065.0, 1640.0], [108067.5, 5460.0], [108070.0, 3600.0], [108072.5, 12000.0], [108075.0, 820.0], [108077.5, 2730.0], [108080.0, 8640.0], [108082.5, 50000.0], [108085.0, 3950.0], [108087.5, 2160.0], [108127.5, 810.0], [108130.0, 2690.0], [108140.0, 820.0], [108142.5, 2740.0], [108152.5, 860.0], [108155.0, 2730.0], [108160.0, 12220.0], [108162.5, 15900.0], [108165.0, 32450.0]]}}}
{"jsonrpc": "2.0", "method": "subscription", "params": {"channel": "book.BTC-12SEP25.none.20.100ms", "data": {"timestamp": 1756499082145, "change_id": 115543341533, "instrument_name": "BTC-12SEP25", "bids": [[108210.0, 2290.0], [108207.5, 7100.0], [108205.0, 1500.0], [108202.5, 5000.0], [108200.0, 9200.0], [108197.5, 95210.0], [108162.5, 4780.0], [108160.0, 15930.0], [108147.5, 11440.0], [108145.0, 50000.0], [108130.0, 20.0], [108077.5, 1870.0], [108075.0, 6230.0], [108067.5, 20.0], [107997.5, 1820.0], [107995.0, 6070.0], [107992.5, 5680.0], [107990.0, 10330.0], [107980.0, 20.0], [107975.0, 41330.0]], "asks": [[108215.0, 12000.0], [108232.5, 1500.0], [108235.0, 7140.0], [108237.5, 7100.0], [108240.0, 20.0], [108247.5, 160.0], [108270.0, 600.0], [108272.5, 2000.0], [108307.5, 15000.0], [108310.0, 55480.0], [108312.5, 18270.0], [108322.5, 1820.0], [108325.0, 6070.0], [108327.5, 240.0], [108340.0, 4870.0], [108342.5, 16120.0], [108412.5, 20.0], [108440.0, 300.0], [108445.0, 38590.0], [108462.5, 105000.0]]}}}
{"jsonrpc": "2.0", "method": "subscription", "params": {"channel": "book.BTC-5SEP25.none.20.100ms", "data": {"timestamp": 1756499082163, "change_id": 115543341567, "instrument_name": "BTC-5SEP25", "bids": [[108060.0, 9840.0], [108047.5, 2380.0], [108045.0, 9230.0], [108042.5, 5000.0], [108035.0, 29230.0], [108032.5, 2730.0], [108030.0, 95060.0], [108020.0, 820.0], [108015.0, 2730.0], [108002.5, 810.0], [108000.0, 2710.0], [107992.5, 15000.0], [107990.0, 50000.0], [107987.5, 820.0], [107985.0, 2740.0], [107982.5, 4810.0], [107980.0, 16040.0], [107937.5, 830.0], [107935.0, 2760.0], [107930.0, 770.0]], "asks": [[108062.5, 5000.0], [108067.5, 5460.0], [108072.5, 12000.0], [108075.0, 5000.0], [108080.0, 10110.0], [108085.0, 61800.0], [108087.5, 4890.0], [108127.5, 810.0], [108130.0, 2690.0], [108140.0, 820.0], [108142.5, 2740.0], [108152.5, 860.0], [108155.0, 2730.0], [108160.0, 12220.0], [108162.5, 15900.0], [108165.0, 32450.0], [108167.5, 25420.0], [108190.0, 820.0], [108192.5, 2730.0], [108197.5, 12010.0]]}}}
{"jsonrpc": "2.0", "method": "subscription", "params": {"channel": "book.BTC-12SEP25.none.20.100ms", "data": {"timestamp": 1756499082412, "change_id": 115543341808, "instrument_name": "BTC-12SEP25", "bids": [[108210.0, 2290.0], [108207.5, 7100.0], [108205.0, 1500.0], [108202.5, 5000.0], [108200.0, 9200.0], [108197.5, 95210.0], [108162.5, 4780.0], [108160.0, 15930.0], [108147.5, 11440.0], [108145.0, 50000.0], [108130.0, 20.0], [108077.5, 1870.0], [108075.0, 6230.0], [108067.5, 20.0], [107997.5, 1820.0], [107995.0, 6070.0], [107992.5, 5680.0], [107990.0, 10330.0], [107980.0, 20.0], [107975.0, 41330.0]], "asks": [[108215.0, 12000.0], [108225.0, 1500.0], [108227.5, 5000.0], [108235.0, 2140.0], [108237.5, 7100.0], [108240.0, 20.0], [108247.5, 160.0], [108270.0, 600.0], [108272.5, 2000.0], [108307.5, 15000.0], [108310.0, 55480.0], [108312.5, 18270.0], [108322.5, 1820.0], [108325.0, 6070.0], [108327.5, 240.0], [108340.0, 4870.0], [108342.5, 16120.0], [108412.5, 20.0], [108440.0, 300.0], [108445.0, 38590.0]]}}}
{"jsonrpc": "2.0", "method": "subscription", "params": {"channel": "book.BTC-5SEP25.none.20.100ms", "data": {"timestamp": 1756499082593, "change_id": 115543342465, "instrument_name": "BTC-5SEP25", "bids": [[108060.0, 2730.0], [108055.0, 2130.0], [108052.5, 7110.0], [108047.5, 980.0], [108045.0, 4230.0], [108042.5, 5000.0], [108035.0, 820.0], [108032.5, 2730.0], [108020.0, 820.0], [108015.0, 2730.0], [108002.5, 810.0], [108000.0, 2710.0], [107992.5, 15000.0], [107990.0, 50000.0], [107987.5, 820.0], [107985.0, 2740.0], [107982.5, 4810.0], [107980.0, 16040.0], [107937.5, 830.0], [107935.0, 2760.0]], "asks": [[108062.5, 5000.0], [108065.0, 2650.0], [108067.5, 10460.0], [108070.0, 4320.0], [108075.0, 16860.0], [108077.5, 7110.0], [108080.0, 8770.0], [108082.5, 50000.0], [108085.0, 4690.0], [108087.5, 4890.0], [108127.5, 810.0], [108130.0, 2690.0], [108140.0, 820.0], [108142.5, 2740.0], [108152.5, 860.0], [108155.0, 2730.0], [108160.0, 12220.0], [108162.5, 15900.0], [108165.0, 32450.0], [108167.5, 25420.0]]}}}
{"jsonrpc": "2.0", "method": "subscription", "params": {"channel": "book.BTC-12SEP25.none.20.100ms", "data": {"timestamp": 1756499082924, "change_id": 115543343188, "instrument_name": "BTC-12SEP25", "bids": [[108210.0, 2290.0], [108207.5, 7100.0], [108205.0, 1500.0], [108202.5, 5000.0], [108162.5, 4780.0], [108160.0, 15930.0], [108147.5, 11440.0], [108145.0, 50000.0], [108130.0, 20.0], [108077.5, 1870.0], [108075.0, 6230.0], [108067.5, 20.0], [107997.5, 1820.0], [107995.0, 6070.0], [107992.5, 5680.0], [107990.0, 10330.0], [107980.0, 20.0], [107975.0, 41330.0], [107970.0, 105000.0], [107895.0, 20.0]], "asks": [[108215.0, 12000.0], [108220.0, 5000.0], [108235.0, 2140.0], [108237.5, 7100.0], [108240.0, 20.0], [108247.5, 160.0], [108270.0, 600.0], [108272.5, 2000.0], [108307.5, 15000.0], [108310.0, 55480.0], [108312.5, 18270.0], [108322.5, 1820.0], [108325.0, 6070.0], [108327.5, 240.0], [108340.0, 4870.0], [108342.5, 16120.0], [108412.5, 20.0], [108440.0, 300.0], [108445.0, 38590.0], [108462.5, 105000.0]]}}}
{"jsonrpc": "2.0", "method": "subscription", "params": {"channel": "book.BTC-5SEP25.none.20.100ms", "data": {"timestamp": 1756499082936, "change_id": 115543343214, "instrument_name": "BTC-5SEP25", "bids": [[108060.0, 2730.0], [108055.0, 2130.0], [108052.5, 7110.0], [108047.5, 980.0], [108045.0, 4230.0], [108042.5, 5000.0], [108040.0, 28520.0], [108037.5, 95070.0], [108035.0, 820.0], [108032.5, 2730.0], [108020.0, 820.0], [108015.0, 2730.0], [108002.5, 810.0], [108000.0, 2710.0], [107992.5, 15000.0], [107990.0, 50000.0], [107987.5, 820.0], [107985.0, 2740.0], [107982.5, 4810.0], [107980.0, 16040.0]], "asks": [[108062.5, 8300.0], [108065.0, 3300.0], [108067.5, 10460.0], [108070.0, 1710.0], [108072.5, 15300.0], [108075.0, 4860.0], [108077.5, 7110.0], [108085.0, 1390.0], [108087.5, 4890.0], [108127.5, 810.0], [108130.0, 2690.0], [108140.0, 15720.0], [108142.5, 52740.0], [108152.5, 860.0], [108155.0, 2730.0], [108160.0, 12220.0], [108162.5, 15900.0], [108165.0, 32450.0], [108167.5, 25420.0], [108190.0, 820.0]]}}}
{"jsonrpc": "2.0", "method": "subscription", "params": {"channel": "book.BTC-12SEP25.none.20.100ms", "data": {"timestamp": 1756499083221, "change_id": 115543343674, "instrument_name": "BTC-12SEP25", "bids": [[108210.0, 18040.0], [108207.5, 7100.0], [108205.0, 96720.0], [108202.5, 5000.0], [108162.5, 4780.0], [108160.0, 15930.0], [108147.5, 11440.0], [108145.0, 50000.0], [108130.0, 20.0], [108077.5, 1870.0], [108075.0, 6230.0], [108067.5, 20.0], [107997.5, 1820.0], [107995.0, 6070.0], [107992.5, 5680.0], [107990.0, 10330.0], [107980.0, 20.0], [107975.0, 41330.0], [107970.0, 105000.0], [107895.0, 20.0]], "asks": [[108215.0, 12000.0], [108220.0, 5000.0], [108235.0, 2140.0], [108237.5, 7100.0], [108240.0, 20.0], [108247.5, 160.0], [108270.0, 600.0], [108272.5, 2000.0], [108307.5, 15000.0], [108310.0, 55480.0], [108312.5, 18270.0], [108322.5, 1820.0], [108325.0, 6070.0], [108327.5, 240.0], [108340.0, 4870.0], [108342.5, 16120.0], [108412.5, 20.0], [108440.0, 300.0], [108445.0, 38590.0], [108462.5, 105000.0]]}}}
{"jsonrpc": "2.0", "method": "subscription", "params": {"channel": "book.BTC-5SEP25.none.20.100ms", "data": {"timestamp": 1756499083229, "change_id": 115543343680, "instrument_name": "BTC-5SEP25", "bids": [[108060.0, 2730.0], [108055.0, 2130.0], [108052.5, 7110.0], [108047.5, 980.0], [108045.0, 4230.0], [108042.5, 5000.0], [108040.0, 28520.0], [108037.5, 95070.0], [108035.0, 820.0], [108032.5, 2730.0], [108020.0, 820.0], [108015.0, 2730.0], [108002.5, 810.0], [108000.0, 2710.0], [107992.5, 15000.0], [107990.0, 50000.0], [107987.5, 820.0], [107985.0, 2740.0], [107982.5, 4810.0], [107980.0, 16040.0]], "asks": [[108062.5, 8300.0], [108065.0, 3300.0], [108067.5, 10460.0], [108070.0, 1710.0], [108072.5, 15300.0], [108075.0, 4860.0], [108077.5, 7110.0], [108085.0, 1390.0], [108087.5, 4890.0], [108127.5, 810.0], [108130.0, 2690.0], [108140.0, 15720.0], [108142.5, 52740.0], [108152.5, 860.0], [108155.0, 2730.0], [108160.0, 12220.0], [108162.5, 15900.0], [108165.0, 32450.0], [108167.5, 25420.0], [108190.0, 820.0]]}}}
{"jsonrpc": "2.0", "method": "subscription", "params": {"channel": "book.BTC-12SEP25.none.20.100ms", "data": {"timestamp": 1756499083455, "change_id": 115543343854, "instrument_name": "BTC-12SEP25", "bids": [[108210.0, 18040.0], [108207.5, 7100.0], [108205.0, 96720.0], [108202.5, 5000.0], [108162.5, 4780.0], [108160.0, 15930.0], [108147.5, 11440.0], [108145.0, 50000.0], [108130.0, 20.0], [108077.5, 1870.0], [108075.0, 6230.0], [108067.5, 20.0], [107997.5, 1820.0], [107995.0, 6070.0], [107992.5, 5680.0], [107990.0, 10330.0], [107980.0, 20.0], [107975.0, 41330.0], [107970.0, 105000.0], [107895.0, 20.0]], "asks": [[108215.0, 12000.0], [108220.0, 5000.0], [108235.0, 2140.0], [108237.5, 7100.0], [108240.0, 20.0], [108247.5, 160.0], [108270.0, 600.0], [108272.5, 2000.0], [108307.5, 15000.0], [108310.0, 55480.0], [108312.5, 18270.0], [108322.5, 1820.0], [108325.0, 6070.0], [108327.5, 240.0], [108340.0, 4870.0], [108342.5, 16120.0], [108412.5, 20.0], [108440.0, 300.0], [108445.0, 38590.0], [108462.5, 105000.0]]}}}
{"jsonrpc": "2.0", "method": "subscription", "params": {"channel": "book.BTC-5SEP25.none.20.100ms", "data": {"timestamp": 1756499083582, "change_id": 115543344257, "instrument_name": "BTC-5SEP25", "bids": [[108060.0, 2730.0], [108055.0, 2130.0], [108052.5, 7110.0], [108047.5, 980.0], [108045.0, 4230.0], [108042.5, 5000.0], [108040.0, 28520.0], [108037.5, 100070.0], [108035.0, 820.0], [108032.5, 2730.0], [108020.0, 820.0], [108015.0, 2730.0], [108002.5, 810.0], [108000.0, 2710.0], [107992.5, 15000.0], [107990.0, 50000.0], [107987.5, 820.0], [107985.0, 2740.0], [107982.5, 4810.0], [107980.0, 16040.0]], "asks": [[108062.5, 8300.0], [108065.0, 3300.0], [108067.5, 10460.0], [108070.0, 1710.0], [108072.5, 15300.0], [108075.0, 4860.0], [108077.5, 7110.0], [108085.0, 1390.0], [108087.5, 4890.0], [108127.5, 810.0], [108130.0, 2690.0], [108140.0, 15720.0], [108142.5, 52740.0], [108152.5, 860.0], [108155.0, 2730.0], [108160.0, 12220.0], [108162.5, 15900.0], [108165.0, 32450.0], [108167.5, 25420.0], [108190.0, 820.0]]}}}
{"jsonrpc": "2.0", "method": "subscription", "params": {"channel": "book.BTC-12SEP25.none.20.100ms", "data": {"timestamp": 1756499083862, "change_id": 115543344895, "instrument_name": "BTC-12SEP25", "bids": [[108210.0, 18040.0], [108207.5, 7100.0], [108205.0, 96720.0], [108202.5, 5000.0], [108162.5, 4780.0], [108160.0, 15930.0], [108145.0, 50000.0], [108130.0, 20.0], [108077.5, 1870.0], [108075.0, 6230.0], [108067.5, 20.0], [107997.5, 1820.0], [107995.0, 6070.0], [107992.5, 5680.0], [107990.0, 10330.0], [107980.0, 20.0], [107975.0, 41330.0], [107970.0, 105000.0], [107895.0, 20.0], [107857.5, 500.0]], "asks": [[108215.0, 12000.0], [108220.0, 5000.0], [108235.0, 2140.0], [108237.5, 7100.0], [108240.0, 20.0], [108247.5, 160.0], [108270.0, 600.0], [108272.5, 2000.0], [108307.5, 15000.0], [108310.0, 55480.0], [108312.5, 18270.0], [108322.5, 1820.0], [108325.0, 6070.0], [108327.5, 240.0], [108340.0, 4870.0], [108342.5, 16120.0], [108412.5, 20.0], [108440.0, 300.0], [108445.0, 38590.0], [108462.5, 105000.0]]}}}
{"jsonrpc": "2.0", "method": "subscription", "params": {"channel": "book.BTC-5SEP25.none.20.100ms", "data": {"timestamp": 1756499083680, "change_id": 115543344524, "instrument_name": "BTC-5SEP25", "bids": [[108060.0, 2730.0], [108055.0, 2130.0], [108052.5, 7110.0], [108047.5, 980.0], [108045.0, 4230.0], [108042.5, 5000.0], [108040.0, 28520.0], [108037.5, 100070.0], [108035.0, 820.0], [108032.5, 2730.0], [108020.0, 820.0], [108015.0, 2730.0], [108002.5, 810.0], [108000.0, 2710.0], [107992.5, 15000.0], [107990.0, 50000.0], [107987.5, 820.0], [107985.0, 2740.0], [107982.5, 4810.0], [107980.0, 16040.0]], "asks": [[108062.5, 8300.0], [108065.0, 3300.0], [108067.5, 10460.0], [108070.0, 1710.0], [108072.5, 15300.0], [108075.0, 4860.0], [108077.5, 7110.0], [108085.0, 1390.0], [108087.5, 4890.0], [108127.5, 810.0], [108130.0, 2690.0], [108140.0, 15720.0], [108142.5, 52740.0], [108152.5, 860.0], [108155.0, 2730.0], [108160.0, 12220.0], [108162.5, 15900.0], [108165.0, 32450.0], [108167.5, 25420.0], [108190.0, 820.0]]}}}
{"jsonrpc": "2.0", "method": "subscription", "params": {"channel": "book.BTC-5SEP25.none.20.100ms", "data": {"timestamp": 1756499084192, "change_id": 115543345342, "instrument_name": "BTC-5SEP25", "bids": [[108060.0, 2730.0], [108055.0, 2130.0], [108052.5, 7110.0], [108047.5, 980.0], [108045.0, 4230.0], [108042.5, 5000.0], [108040.0, 28520.0], [108037.5, 100070.0], [108035.0, 820.0], [108032.5, 2730.0], [108020.0, 820.0], [108015.0, 2730.0], [108002.5, 810.0], [108000.0, 2710.0], [107992.5, 15000.0], [107990.0, 50000.0], [107987.5, 820.0], [107985.0, 2740.0], [107982.5, 4810.0], [107980.0, 16040.0]], "asks": [[108062.5, 8300.0], [108065.0, 3300.0], [108067.5, 10460.0], [108070.0, 1710.0], [108072.5, 15300.0], [108075.0, 4860.0], [108077.5, 7110.0], [108085.0, 1390.0], [108087.5, 4890.0], [108127.5, 810.0], [108130.0, 2690.0], [108140.0, 15720.0], [108142.5, 52740.0], [108152.5, 860.0], [108155.0, 2730.0], [108160.0, 12220.0], [108162.5, 15900.0], [108165.0, 32450.0], [108167.5, 25420.0], [108190.0, 820.0]]}}}
{"jsonrpc": "2.0", "method": "subscription", "params": {"channel": "book.BTC-12SEP25.none.20.100ms", "data": {"timestamp": 1756499084548, "change_id": 115543345744, "instrument_name": "BTC-12SEP25", "bids": [[108210.0, 18040.0], [108207.5, 7100.0], [108205.0, 96720.0], [108202.5, 5000.0], [108162.5, 4780.0], [108160.0, 15930.0], [108147.5, 15000.0], [108145.0, 50000.0], [108130.0, 20.0], [108077.5, 1870.0], [108075.0, 6230.0], [108067.5, 20.0], [107997.5, 1820.0], [107995.0, 6070.0], [107992.5, 5680.0], [107990.0, 10330.0], [107980.0, 20.0], [107975.0, 41330.0], [107970.0, 105000.0], [107895.0, 20.0]], "asks": [[108215.0, 12000.0], [108220.0, 5000.0], [108235.0, 2140.0], [108237.5, 7100.0], [108240.0, 20.0], [108247.5, 160.0], [108270.0, 600.0], [108272.5, 2000.0], [108307.5, 15000.0], [108310.0, 55480.0], [108312.5, 18270.0], [108322.5, 1820.0], [108325.0, 6070.0], [108327.5, 240.0], [108340.0, 4870.0], [108342.5, 16120.0], [108412.5, 20.0], [108440.0, 300.0], [108445.0, 38590.0], [108462.5, 105000.0]]}}}
{"jsonrpc": "2.0", "method": "subscription", "params": {"channel": "book.BTC-5SEP25.none.20.100ms", "data": {"timestamp": 1756499084614, "change_id": 115543345953, "instrument_name": "BTC-5SEP25", "bids": [[108060.0, 2730.0], [108055.0, 2130.0], [108052.5, 7110.0], [108047.5, 980.0], [108045.0, 4230.0], [108042.5, 5000.0], [108040.0, 28520.0], [108037.5, 100070.0], [108035.0, 820.0], [108032.5, 2730.0], [108020.0, 820.0], [108015.0, 2730.0], [108002.5, 810.0], [108000.0, 2710.0], [107992.5, 15000.0], [107990.0, 50000.0], [107987.5, 820.0], [107985.0, 2740.0], [107982.5, 4810.0], [107980.0, 16040.0]], "asks": [[108062.5, 5000.0], [108065.0, 3300.0], [108067.5, 10460.0], [108070.0, 1710.0], [108072.5, 15300.0], [108075.0, 4860.0], [108077.5, 7110.0], [108085.0, 1390.0], [108087.5, 4890.0], [108127.5, 810.0], [108130.0, 2690.0], [108140.0, 15720.0], [108142.5, 52740.0], [108152.5, 860.0], [108155.0, 2730.0], [108160.0, 12220.0], [108162.5, 15900.0], [108165.0, 32450.0], [108167.5, 25420.0], [108190.0, 820.0]]}}}
{"jsonrpc": "2.0", "method": "subscription", "params": {"channel": "book.BTC-5SEP25.none.20.100ms", "data": {"timestamp": 1756499084883, "change_id": 115543346598, "instrument_name": "BTC-5SEP25", "bids": [[108060.0, 2730.0], [108055.0, 2130.0], [108052.5, 7110.0], [108047.5, 980.0], [108045.0, 4230.0], [108042.5, 5000.0], [108040.0, 28520.0], [108037.5, 100070.0], [108035.0, 820.0], [108032.5, 2730.0], [108020.0, 820.0], [108015.0, 2730.0], [108002.5, 810.0], [108000.0, 2710.0], [107992.5, 15000.0], [107990.0, 50000.0], [107987.5, 820.0], [107985.0, 2740.0], [107982.5, 4810.0], [107980.0, 16040.0]], "asks": [[108062.5, 5000.0], [108065.0, 3300.0], [108067.5, 10460.0], [108070.0, 1710.0], [108072.5, 15300.0], [108075.0, 4860.0], [108077.5, 7110.0], [108085.0, 1390.0], [108087.5, 4890.0], [108127.5, 810.0], [108130.0, 2690.0], [108140.0, 15720.0], [108142.5, 52740.0], [108152.5, 860.0], [108155.0, 2730.0], [108160.0, 12220.0], [108162.5, 15900.0], [108165.0, 32450.0], [108167.5, 25420.0], [108190.0, 820.0]]}}}
{"jsonrpc": "2.0", "method": "subscription", "params": {"channel": "book.BTC-5SEP25.none.20.100ms", "data": {"timestamp": 1756499084968, "change_id": 115543346749, "instrument_name": "BTC-5SEP25", "bids": [[108060.0, 2730.0], [108055.0, 2130.0], [108052.5, 7110.0], [108047.5, 980.0], [108045.0, 4230.0], [108042.5, 5000.0], [108040.0, 28520.0], [108037.5, 100070.0], [108035.0, 820.0], [108032.5, 2730.0], [108020.0, 820.0], [108015.0, 2730.0], [108002.5, 810.0], [108000.0, 2710.0], [107992.5, 15000.0], [107990.0, 50000.0], [107987.5, 820.0], [107985.0, 2740.0], [107982.5, 4810.0], [107980.0, 16040.0]], "asks": [[108062.5, 5000.0], [108065.0, 3300.0], [108067.5, 10460.0], [108070.0, 1710.0], [108072.5, 15300.0], [108075.0, 4860.0], [108077.5, 7110.0], [108082.5, 9960.0], [108085.0, 51390.0], [108087.5, 4890.0], [108127.5, 810.0], [108130.0, 2690.0], [108140.0, 820.0], [108142.5, 2740.0], [108152.5, 860.0], [108155.0, 2730.0], [108160.0, 12220.0], [108162.5, 15900.0], [108165.0, 32450.0], [108167.5, 25420.0]]}}}
{"jsonrpc": "2.0", "method": "subscription", "params": {"channel": "book.BTC-5SEP25.none.20.100ms", "data": {"timestamp": 1756499085603, "change_id": 115543347566, "instrument_name": "BTC-5SEP25", "bids": [[108060.0, 2730.0], [108055.0, 2130.0], [108052.5, 7110.0], [108047.5, 980.0], [108045.0, 4230.0], [108042.5, 5000.0], [108040.0, 28520.0], [108037.5, 100070.0], [108035.0, 820.0], [108032.5, 2730.0], [108020.0, 820.0], [108015.0, 2730.0], [108002.5, 810.0], [108000.0, 2710.0], [107992.5, 15000.0], [107990.0, 50000.0], [107987.5, 820.0], [107985.0, 2740.0], [107982.5, 4810.0], [107980.0, 16040.0]], "asks": [[108062.5, 8300.0], [108065.0, 3300.0], [108067.5, 10460.0], [108070.0, 4910.0], [108072.5, 15300.0], [108075.0, 4860.0], [108077.5, 7110.0], [108085.0, 1390.0], [108087.5, 4890.0], [108127.5, 810.0], [108130.0, 2690.0], [108140.0, 15720.0], [108142.5, 52740.0], [108152.5, 860.0], [108155.0, 2730.0], [108160.0, 12220.0], [108162.5, 15900.0], [108165.0, 32450.0], [108167.5, 25420.0], [108190.0, 820.0]]}}}
{"jsonrpc": "2.0", "method": "subscription", "params": {"channel": "book.BTC-12SEP25.none.20.100ms", "data": {"timestamp": 1756499085694, "change_id": 115543347786, "instrument_name": "BTC-12SEP25", "bids": [[108210.0, 18040.0], [108207.5, 7100.0], [108205.0, 96720.0], [108202.5, 5000.0], [108162.5, 4780.0], [108160.0, 15930.0], [108147.5, 15000.0], [108145.0, 50000.0], [108130.0, 20.0], [108077.5, 1870.0], [108075.0, 6230.0], [108067.5, 20.0], [107997.5, 1820.0], [107995.0, 6070.0], [107992.5, 5680.0], [107990.0, 10330.0], [107980.0, 20.0], [107975.0, 41330.0], [107970.0, 105000.0], [107895.0, 20.0]], "asks": [[108215.0, 12000.0], [108220.0, 5000.0], [108235.0, 2140.0], [108237.5, 7100.0], [108240.0, 20.0], [108247.5, 160.0], [108270.0, 600.0], [108272.5, 2000.0], [108307.5, 15000.0], [108310.0, 55480.0], [108312.5, 18270.0], [108322.5, 1820.0], [108325.0, 6070.0], [108327.5, 240.0], [108340.0, 4870.0], [108342.5, 16120.0], [108412.5, 20.0], [108440.0, 300.0], [108445.0, 38590.0], [108462.5, 105000.0]]}}}
{"jsonrpc": "2.0", "method": "subscription", "params": {"channel": "book.BTC-12SEP25.none.20.100ms", "data": {"timestamp": 1756499086069, "change_id": 115543348529, "instrument_name": "BTC-12SEP25", "bids": [[108210.0, 18040.0], [108207.5, 7100.0], [108205.0, 96720.0], [108202.5, 5000.0], [108162.5, 4780.0], [108160.0, 15930.0], [108147.5, 15000.0], [108145.0, 50000.0], [108130.0, 20.0], [108077.5, 1870.0], [108075.0, 6230.0], [108067.5, 20.0], [107997.5, 1820.0], [107995.0, 6070.0], [107992.5, 5680.0], [107990.0, 10330.0], [107980.0, 20.0], [107975.0, 41330.0], [107970.0, 105000.0], [107895.0, 20.0]], "asks": [[108215.0, 12000.0], [108220.0, 5000.0], [108235.0, 2140.0], [108237.5, 7100.0], [108240.0, 20.0], [108247.5, 160.0], [108270.0, 600.0], [108272.5, 2000.0], [108307.5, 15000.0], [108310.0, 55480.0], [108312.5, 18270.0], [108322.5, 1820.0], [108325.0, 6070.0], [108327.5, 240.0], [108340.0, 4870.0], [108342.5, 16120.0], [108412.5, 20.0], [108440.0, 300.0], [108445.0, 38590.0], [108462.5, 105000.0]]}}}
{"jsonrpc": "2.0", "method": "subscription", "params": {"channel": "book.BTC-5SEP25.none.20.100ms", "data": {"timestamp": 1756499086041, "change_id": 115543348513, "instrument_name": "BTC-5SEP25", "bids": [[108060.0, 2730.0], [108055.0, 2130.0], [108052.5, 7110.0], [108047.5, 980.0], [108045.0, 4230.0], [108042.5, 5000.0], [108040.0, 28520.0], [108037.5, 100070.0], [108035.0, 820.0], [108032.5, 2730.0], [108020.0, 820.0], [108015.0, 2730.0], [108002.5, 810.0], [108000.0, 2710.0], [107992.5, 15000.0], [107990.0, 50000.0], [107987.5, 820.0], [107985.0, 2740.0], [107982.5, 4810.0], [107980.0, 16040.0]], "asks": [[108062.5, 8300.0], [108065.0, 3300.0], [108067.5, 10460.0], [108070.0, 1710.0], [108072.5, 12000.0], [108075.0, 2130.0], [108077.5, 7110.0], [108085.0, 1390.0], [108087.5, 4890.0], [108127.5, 810.0], [108130.0, 2690.0], [108140.0, 15720.0], [108142.5, 52740.0], [108152.5, 860.0], [108155.0, 2730.0], [108160.0, 12220.0], [108162.5, 15900.0], [108165.0, 32450.0], [108167.5, 25420.0], [108190.0, 820.0]]}}}
{"jsonrpc": "2.0", "method": "subscription", "params": {"channel": "book.BTC-12SEP25.none.20.100ms", "data": {"timestamp": 1756499086600, "change_id": 115543349164, "instrument_name": "BTC-12SEP25", "bids": [[108210.0, 18040.0], [108207.5, 7100.0], [108205.0, 96720.0], [108202.5, 5000.0], [108162.5, 4780.0], [108160.0, 15930.0], [108147.5, 15000.0], [108145.0, 50000.0], [108130.0, 20.0], [108082.5, 1870.0], [108080.0, 6230.0], [108067.5, 20.0], [108002.5, 1820.0], [108000.0, 6070.0], [107992.5, 5680.0], [107990.0, 10330.0], [107980.0, 20.0], [107975.0, 41330.0], [107970.0, 105000.0], [107895.0, 20.0]], "asks": [[108215.0, 12000.0], [108220.0, 5000.0], [108235.0, 2140.0], [108237.5, 7100.0], [108240.0, 20.0], [108247.5, 160.0], [108270.0, 600.0], [108272.5, 2000.0], [108307.5, 15000.0], [108310.0, 55480.0], [108312.5, 18270.0], [108322.5, 1820.0], [108325.0, 6070.0], [108327.5, 240.0], [108340.0, 4870.0], [108342.5, 16120.0], [108412.5, 20.0], [108440.0, 300.0], [108445.0, 38590.0], [108462.5, 105000.0]]}}}
{"jsonrpc": "2.0", "method": "subscription", "params": {"channel": "book.BTC-12SEP25.none.20.100ms", "data": {"timestamp": 1756499086747, "change_id": 115543349583, "instrument_name": "BTC-12SEP25", "bids": [[108210.0, 18040.0], [108207.5, 7100.0], [108205.0, 96720.0], [108202.5, 5000.0], [108162.5, 4780.0], [108160.0, 15930.0], [108147.5, 15000.0], [108145.0, 50000.0], [108130.0, 20.0], [108082.5, 1870.0], [108080.0, 6230.0], [108067.5, 20.0], [108002.5, 1820.0], [108000.0, 6070.0], [107992.5, 5680.0], [107990.0, 10330.0], [107980.0, 20.0], [107975.0, 41330.0], [107970.0, 105000.0], [107895.0, 20.0]], "asks": [[108215.0, 12000.0], [108230.0, 5000.0], [108235.0, 2140.0], [108237.5, 7100.0], [108240.0, 20.0], [108247.5, 160.0], [108270.0, 600.0], [108272.5, 2000.0], [108307.5, 15000.0], [108310.0, 55480.0], [108312.5, 18270.0], [108322.5, 1820.0], [108325.0, 6070.0], [108327.5, 240.0], [108340.0, 4870.0], [108342.5, 16120.0], [108412.5, 20.0], [108440.0, 300.0], [108445.0, 38590.0], [108462.5, 105000.0]]}}}
{"jsonrpc": "2.0", "method": "subscription", "params": {"channel": "book.BTC-5SEP25.none.20.100ms", "data": {"timestamp": 1756499086850, "change_id": 115543349760, "instrument_name": "BTC-5SEP25", "bids": [[108060.0, 2730.0], [108055.0, 2130.0], [108052.5, 7110.0], [108047.5, 980.0], [108045.0, 4230.0], [108042.5, 5000.0], [108040.0, 28520.0], [108037.5, 100070.0], [108035.0, 820.0], [108032.5, 2730.0], [108020.0, 820.0], [108015.0, 2730.0], [108002.5, 810.0], [108000.0, 2710.0], [107992.5, 15000.0], [107990.0, 50000.0], [107987.5, 820.0], [107985.0, 2740.0], [107982.5, 4810.0], [107980.0, 16040.0]], "asks": [[108062.5, 8300.0], [108065.0, 3300.0], [108067.5, 10460.0], [108070.0, 1710.0], [108072.5, 12000.0], [108075.0, 4840.0], [108077.5, 7110.0], [108085.0, 1390.0], [108087.5, 4890.0], [108127.5, 810.0], [108130.0, 2690.0], [108140.0, 15720.0], [108142.5, 52740.0], [108152.5, 860.0], [108155.0, 2730.0], [108160.0, 12220.0], [108162.5, 15900.0], [108165.0, 32450.0], [108167.5, 25420.0], [108190.0, 820.0]]}}}
{"jsonrpc": "2.0", "method": "subscription", "params": {"channel": "book.BTC-12SEP25.none.20.100ms", "data": {"timestamp": 1756499087584, "change_id": 115543350812, "instrument_name": "BTC-12SEP25", "bids": [[108210.0, 18040.0], [108207.5, 7100.0], [108205.0, 96720.0], [108202.5, 5000.0], [108162.5, 4780.0], [108160.0, 15930.0], [108147.5, 15000.0], [108145.0, 50000.0], [108130.0, 20.0], [108082.5, 1870.0], [108080.0, 6230.0], [108067.5, 20.0], [108002.5, 1820.0], [108000.0, 6070.0], [107992.5, 5680.0], [107990.0, 10330.0], [107980.0, 20.0], [107975.0, 41330.0], [107970.0, 105000.0], [107895.0, 20.0]], "asks": [[108215.0, 12000.0], [108235.0, 7140.0], [108237.5, 7100.0], [108240.0, 20.0], [108262.5, 160.0], [108270.0, 600.0], [108272.5, 2000.0], [108307.5, 15000.0], [108310.0, 55480.0], [108312.5, 18270.0], [108322.5, 1820.0], [108325.0, 6070.0], [108327.5, 240.0], [108337.5, 4980.0], [108340.0, 16590.0], [108412.5, 20.0], [108440.0, 300.0], [108445.0, 38590.0], [108462.5, 105000.0], [108500.0, 20.0]]}}}
{"jsonrpc": "2.0", "method": "subscription", "params": {"channel": "book.BTC-5SEP25.none.20.100ms", "data": {"timestamp": 1756499087596, "change_id": 115543350903, "instrument_name": "BTC-5SEP25", "bids": [[108060.0, 2730.0], [108055.0, 2130.0], [108052.5, 7110.0], [108047.5, 980.0], [108045.0, 4230.0], [108042.5, 5000.0], [108040.0, 28520.0], [108037.5, 100070.0], [108035.0, 820.0], [108032.5, 2730.0], [108020.0, 820.0], [108015.0, 2730.0], [108002.5, 810.0], [108000.0, 2710.0], [107992.5, 15000.0], [107990.0, 50000.0], [107987.5, 820.0], [107985.0, 2740.0], [107982.5, 4810.0], [107980.0, 16040.0]], "asks": [[108062.5, 5000.0], [108065.0, 3300.0], [108067.5, 5460.0], [108072.5, 12000.0], [108077.5, 5000.0], [108080.0, 2130.0], [108082.5, 7110.0], [108085.0, 1390.0], [108087.5, 4890.0], [108127.5, 810.0], [108130.0, 2690.0], [108140.0, 820.0], [108142.5, 52740.0], [108152.5, 860.0], [108155.0, 2730.0], [108160.0, 23100.0], [108165.0, 32450.0], [108167.5, 25420.0], [108190.0, 820.0], [108192.5, 2730.0]]}}}
{"jsonrpc": "2.0", "method": "subscription", "params": {"channel": "book.BTC-12SEP25.none.20.100ms", "data": {"timestamp": 1756499087649, "change_id": 115543351106, "instrument_name": "BTC-12SEP25", "bids": [[108210.0, 18040.0], [108207.5, 7100.0], [108205.0, 96720.0], [108202.5, 5000.0], [108162.5, 4780.0], [108160.0, 15930.0], [108147.5, 15000.0], [108145.0, 50000.0], [108130.0, 20.0], [108082.5, 1870.0], [108080.0, 6230.0], [108067.5, 20.0], [108002.5, 1820.0], [108000.0, 6070.0], [107992.5, 5680.0], [107990.0, 10330.0], [107980.0, 20.0], [107975.0, 41330.0], [107970.0, 105000.0], [107895.0, 20.0]], "asks": [[108215.0, 12000.0], [108235.0, 7140.0], [108237.5, 7100.0], [108240.0, 20.0], [108262.5, 160.0], [108270.0, 600.0], [108272.5, 2000.0], [108307.5, 15000.0], [108310.0, 55480.0], [108312.5, 18270.0], [108322.5, 1820.0], [108325.0, 6070.0], [108327.5, 240.0], [108337.5, 4980.0], [108340.0, 16590.0], [108412.5, 20.0], [108440.0, 300.0], [108445.0, 38590.0], [108462.5, 105000.0], [108500.0, 20.0]]}}}
{"jsonrpc": "2.0", "method": "subscription", "params": {"channel": "book.BTC-5SEP25.none.20.100ms", "data": {"timestamp": 1756499087873, "change_id": 115543351631, "instrument_name": "BTC-5SEP25", "bids": [[108060.0, 2730.0], [108055.0, 2130.0], [108052.5, 7110.0], [108047.5, 980.0], [108045.0, 4230.0], [108042.5, 5000.0], [108040.0, 28520.0], [108037.5, 100070.0], [108035.0, 820.0], [108032.5, 2730.0], [108020.0, 820.0], [108015.0, 2730.0], [108002.5, 810.0], [108000.0, 2710.0], [107992.5, 15000.0], [107990.0, 50000.0], [107987.5, 820.0], [107985.0, 2740.0], [107982.5, 4810.0], [107980.0, 16040.0]], "asks": [[108062.5, 5000.0], [108065.0, 3300.0], [108067.5, 5460.0], [108070.0, 5000.0], [108072.5, 12000.0], [108080.0, 2130.0], [108082.5, 7110.0], [108085.0, 1390.0], [108087.5, 4890.0], [108127.5, 810.0], [108130.0, 2690.0], [108140.0, 820.0], [108142.5, 52740.0], [108152.5, 860.0], [108155.0, 2730.0], [108160.0, 23100.0], [108165.0, 32450.0], [108167.5, 25420.0], [108190.0, 820.0], [108192.5, 2730.0]]}}}
{"jsonrpc": "2.0", "method": "subscription", "params": {"channel": "book.BTC-5SEP25.none.20.100ms", "data": {"timestamp": 1756499088206, "change_id": 115543352034, "instrument_name": "BTC-5SEP25", "bids": [[108060.0, 2730.0], [108055.0, 3370.0], [108052.5, 7110.0], [108050.0, 5000.0], [108047.5, 980.0], [108045.0, 2730.0], [108040.0, 28520.0], [108037.5, 100070.0], [108035.0, 820.0], [108032.5, 2730.0], [108020.0, 820.0], [108015.0, 2730.0], [108002.5, 810.0], [108000.0, 2710.0], [107992.5, 15000.0], [107990.0, 50000.0], [107987.5, 820.0], [107985.0, 2740.0], [107982.5, 4810.0], [107980.0, 16040.0]], "asks": [[108062.5, 5000.0], [108065.0, 3300.0], [108067.5, 5460.0], [108070.0, 5000.0], [108075.0, 12000.0], [108080.0, 2130.0], [108082.5, 7110.0], [108085.0, 1390.0], [108087.5, 4890.0], [108127.5, 810.0], [108130.0, 2690.0], [108140.0, 820.0], [108142.5, 52740.0], [108152.5, 860.0], [108155.0, 2730.0], [108160.0, 23100.0], [108165.0, 32450.0], [108167.5, 25420.0], [108190.0, 820.0], [108192.5, 2730.0]]}}}
{"jsonrpc": "2.0", "method": "subscription", "params": {"channel": "book.BTC-12SEP25.none.20.100ms", "data": {"timestamp": 1756499088278, "change_id": 115543352088, "instrument_name": "BTC-12SEP25", "bids": [[108210.0, 23040.0], [108207.5, 7100.0], [108205.0, 96720.0], [108162.5, 4780.0], [108160.0, 15930.0], [108147.5, 15000.0], [108145.0, 50000.0], [108130.0, 20.0], [108082.5, 1870.0], [108080.0, 6230.0], [108067.5, 20.0], [108002.5, 1820.0], [108000.0, 6070.0], [107992.5, 5680.0], [107990.0, 10330.0], [107980.0, 20.0], [107975.0, 41330.0], [107970.0, 105000.0], [107895.0, 20.0], [107857.5, 500.0]], "asks": [[108215.0, 12000.0], [108235.0, 7140.0], [108237.5, 7100.0], [108240.0, 20.0], [108262.5, 160.0], [108270.0, 600.0], [108272.5, 2000.0], [108307.5, 15000.0], [108310.0, 55480.0], [108312.5, 18270.0], [108322.5, 1820.0], [108325.0, 6070.0], [108327.5, 240.0], [108337.5, 4980.0], [108340.0, 16590.0], [108412.5, 20.0], [108440.0, 300.0], [108445.0, 38590.0], [108462.5, 105000.0], [108500.0, 20.0]]}}}
{"jsonrpc": "2.0", "method": "subscription", "params": {"channel": "book.BTC-5SEP25.none.20.100ms", "data": {"timestamp": 1756499088576, "change_id": 115543352521, "instrument_name": "BTC-5SEP25", "bids": [[108060.0, 9840.0], [108055.0, 1240.0], [108050.0, 5000.0], [108047.5, 980.0], [108045.0, 2730.0], [108040.0, 28520.0], [108037.5, 100070.0], [108035.0, 820.0], [108032.5, 2730.0], [108020.0, 820.0], [108015.0, 2730.0], [108002.5, 810.0], [108000.0, 2710.0], [107992.5, 15000.0], [107990.0, 50000.0], [107987.5, 820.0], [107985.0, 2740.0], [107982.5, 4810.0], [107980.0, 16040.0], [107975.0, 810.0]], "asks": [[108062.5, 5000.0], [108065.0, 3300.0], [108067.5, 5460.0], [108070.0, 5000.0], [108075.0, 12000.0], [108080.0, 2130.0], [108082.5, 7110.0], [108085.0, 1390.0], [108087.5, 4890.0], [108127.5, 810.0], [108130.0, 2690.0], [108140.0, 15720.0], [108142.5, 52740.0], [108152.5, 860.0], [108155.0, 2730.0], [108160.0, 23100.0], [108165.0, 32450.0], [108167.5, 25420.0], [108190.0, 820.0], [108192.5, 2730.0]]}}}
{"jsonrpc": "2.0", "method": "subscription", "params": {"channel": "book.BTC-12SEP25.none.20.100ms", "data": {"timestamp": 1756499089087, "change_id": 115543353634, "instrument_name": "BTC-12SEP25", "bids": [[108210.0, 23040.0], [108207.5, 7100.0], [108205.0, 96720.0], [108162.5, 4780.0], [108160.0, 15930.0], [108147.5, 15000.0], [108145.0, 50000.0], [108130.0, 20.0], [108082.5, 1870.0], [108080.0, 6230.0], [108067.5, 20.0], [108002.5, 1820.0], [108000.0, 6070.0], [107992.5, 5680.0], [107990.0, 10330.0], [107980.0, 20.0], [107975.0, 41330.0], [107970.0, 105000.0], [107895.0, 20.0], [107857.5, 500.0]], "asks": [[108215.0, 12000.0], [108227.5, 5000.0], [108235.0, 2140.0], [108237.5, 7100.0], [108240.0, 20.0], [108262.5, 160.0], [108270.0, 600.0], [108272.5, 2000.0], [108307.5, 15000.0], [108310.0, 55480.0], [108312.5, 18270.0], [108322.5, 1820.0], [108325.0, 6070.0], [108327.5, 240.0], [108337.5, 4980.0], [108340.0, 16590.0], [108412.5, 20.0], [108440.0, 300.0], [108445.0, 38590.0], [108462.5, 105000.0]]}}}
{"jsonrpc": "2.0", "method": "subscription", "params": {"channel": "book.BTC-5SEP25.none.20.100ms", "data": {"timestamp": 1756499089194, "change_id": 115543353705, "instrument_name": "BTC-5SEP25", "bids": [[108060.0, 9840.0], [108055.0, 1240.0], [108050.0, 5000.0], [108047.5, 980.0], [108045.0, 2730.0], [108040.0, 28520.0], [108037.5, 100070.0], [108035.0, 820.0], [108032.5, 2730.0], [108020.0, 820.0], [108015.0, 2730.0], [108002.5, 810.0], [108000.0, 2710.0], [107992.5, 15000.0], [107990.0, 50000.0], [107987.5, 820.0], [107985.0, 2740.0], [107982.5, 4810.0], [107980.0, 16040.0], [107975.0, 810.0]], "asks": [[108062.5, 5000.0], [108065.0, 3300.0], [108067.5, 5460.0], [108070.0, 5000.0], [108072.5, 15000.0], [108080.0, 2130.0], [108082.5, 7110.0], [108085.0, 1390.0], [108087.5, 4890.0], [108127.5, 810.0], [108130.0, 2690.0], [108140.0, 15720.0], [108142.5, 52740.0], [108152.5, 860.0], [108155.0, 2730.0], [108160.0, 23100.0], [108165.0, 32450.0], [108167.5, 25420.0], [108190.0, 820.0], [108192.5, 2730.0]]}}}
{"jsonrpc": "2.0", "method": "subscription", "params": {"channel": "book.BTC-12SEP25.none.20.100ms", "data": {"timestamp": 1756499089583, "change_id": 115543354498, "instrument_name": "BTC-12SEP25", "bids": [[108210.0, 28580.0], [108205.0, 96720.0], [108187.5, 1660.0], [108185.0, 5540.0], [108162.5, 4780.0], [108160.0, 15930.0], [108147.5, 15000.0], [108145.0, 50000.0], [108130.0, 20.0], [108085.0, 6230.0], [108067.5, 20.0], [107992.5, 5680.0], [107990.0, 10330.0], [107980.0, 20.0], [107975.0, 41330.0], [107970.0, 105000.0], [107895.0, 20.0], [107857.5, 500.0], [107855.0, 50000.0], [107807.5, 20.0]], "asks": [[108215.0, 12000.0], [108227.5, 10540.0], [108240.0, 20.0], [108252.5, 1660.0], [108255.0, 5540.0], [108262.5, 160.0], [108270.0, 600.0], [108272.5, 2000.0], [108307.5, 15000.0], [108310.0, 55480.0], [108312.5, 18270.0], [108322.5, 1820.0], [108325.0, 6070.0], [108327.5, 240.0], [108337.5, 4980.0], [108340.0, 16590.0], [108412.5, 20.0], [108440.0, 300.0], [108445.0, 38590.0], [108462.5, 105000.0]]}}}
{"jsonrpc": "2.0", "method": "subscription", "params": {"channel": "book.BTC-5SEP25.none.20.100ms", "data": {"timestamp": 1756499089583, "change_id": 115543354490, "instrument_name": "BTC-5SEP25", "bids": [[108060.0, 8530.0], [108055.0, 1240.0], [108050.0, 5000.0], [108047.5, 2620.0], [108045.0, 8530.0], [108040.0, 28520.0], [108037.5, 95070.0], [108035.0, 5470.0], [108032.5, 2730.0], [108030.0, 15840.0], [108020.0, 820.0], [108015.0, 2730.0], [108002.5, 810.0], [108000.0, 2710.0], [107992.5, 15000.0], [107990.0, 50000.0], [107987.5, 820.0], [107985.0, 2740.0], [107975.0, 810.0], [107972.5, 2710.0]], "asks": [[108062.5, 5000.0], [108067.5, 5460.0], [108070.0, 5000.0], [108072.5, 3000.0], [108077.5, 17800.0], [108085.0, 1390.0], [108087.5, 4890.0], [108112.5, 51740.0], [108115.0, 5800.0], [108127.5, 810.0], [108130.0, 2690.0], [108140.0, 820.0], [108142.5, 2740.0], [108152.5, 860.0], [108155.0, 2730.0], [108160.0, 23100.0], [108165.0, 32450.0], [108167.5, 25420.0], [108190.0, 820.0], [108192.5, 2730.0]]}}}
{"jsonrpc": "2.0", "method": "subscription", "params": {"channel": "book.BTC-12SEP25.none.20.100ms", "data": {"timestamp": 1756499089915, "change_id": 115543356663, "instrument_name": "BTC-12SEP25", "bids": [[108225.0, 5540.0], [108222.5, 160.0], [108210.0, 5000.0], [108205.0, 95220.0], [108200.0, 16230.0], [108185.0, 5540.0], [108145.0, 50000.0], [108132.5, 6230.0], [108130.0, 20.0], [108067.5, 20.0], [108010.0, 6070.0], [107992.5, 2580.0], [107990.0, 10330.0], [107980.0, 20.0], [107975.0, 41330.0], [107970.0, 105000.0], [107922.5, 500.0], [107895.0, 20.0], [107855.0, 50000.0], [107807.5, 20.0]], "asks": [[108240.0, 12020.0], [108242.5, 5540.0], [108247.5, 5000.0], [108262.5, 160.0], [108272.5, 2000.0], [108290.0, 5540.0], [108312.5, 18270.0], [108325.0, 6070.0], [108327.5, 240.0], [108337.5, 50000.0], [108340.0, 16590.0], [108412.5, 20.0], [108440.0, 300.0], [108445.0, 38590.0], [108462.5, 105000.0], [108500.0, 20.0], [108517.5, 50000.0], [108532.5, 500.0], [108565.0, 37150.0], [108587.5, 20.0]]}}}
{"jsonrpc": "2.0", "method": "subscription", "params": {"channel": "book.BTC-5SEP25.none.20.100ms", "data": {"timestamp": 1756499089911, "change_id": 115543356653, "instrument_name": "BTC-5SEP25", "bids": [[108065.0, 2710.0], [108060.0, 5960.0], [108050.0, 5000.0], [108045.0, 8530.0], [108037.5, 95070.0], [108032.5, 2730.0], [108030.0, 15840.0], [108015.0, 2730.0], [108000.0, 2710.0], [107990.0, 50000.0], [107985.0, 2740.0], [107972.5, 2710.0], [107945.0, 24720.0], [107935.0, 2760.0], [107927.5, 2580.0], [107922.5, 2730.0], [107912.5, 10330.0], [107907.5, 44290.0], [107902.5, 2760.0], [107895.0, 40.0]], "asks": [[108067.5, 5460.0], [108072.5, 3000.0], [108077.5, 12000.0], [108087.5, 7000.0], [108090.0, 5800.0], [108100.0, 2710.0], [108107.5, 160.0], [108115.0, 5800.0], [108130.0, 2690.0], [108142.5, 2740.0], [108145.0, 50000.0], [108152.5, 40.0], [108155.0, 2730.0], [108160.0, 15650.0], [108165.0, 24820.0], [108167.5, 25420.0], [108192.5, 2730.0], [108200.0, 40020.0], [108205.0, 2690.0], [108227.5, 10330.0]]}}}
{"jsonrpc": "2.0", "method": "subscription", "params": {"channel": "book.BTC-12SEP25.none.20.100ms", "data": {"timestamp": 1756499090237, "change_id": 115543357516, "instrument_name": "BTC-12SEP25", "bids": [[108222.5, 160.0], [108217.5, 5540.0], [108210.0, 5000.0], [108205.0, 95220.0], [108200.0, 16230.0], [108185.0, 5540.0], [108145.0, 50000.0], [108140.0, 20.0], [108132.5, 6230.0], [108067.5, 20.0], [108010.0, 6070.0], [107992.5, 2580.0], [107990.0, 10330.0], [107980.0, 20.0], [107975.0, 41330.0], [107970.0, 105000.0], [107922.5, 500.0], [107895.0, 20.0], [107855.0, 50000.0], [107807.5, 20.0]], "asks": [[108240.0, 17020.0], [108242.5, 5540.0], [108262.5, 160.0], [108272.5, 2000.0], [108290.0, 5540.0], [108312.5, 18270.0], [108322.5, 50000.0], [108325.0, 6070.0], [108327.5, 240.0], [108340.0, 16590.0], [108412.5, 20.0], [108440.0, 300.0], [108445.0, 38590.0], [108462.5, 105000.0], [108500.0, 20.0], [108517.5, 50000.0], [108532.5, 500.0], [108565.0, 37150.0], [108587.5, 20.0], [108632.5, 10330.0]]}}}
{"jsonrpc": "2.0", "method": "subscription", "params": {"channel": "book.BTC-5SEP25.none.20.100ms", "data": {"timestamp": 1756499090063, "change_id": 115543357225, "instrument_name": "BTC-5SEP25", "bids": [[108065.0, 2710.0], [108060.0, 5960.0], [108052.5, 5000.0], [108050.0, 5000.0], [108045.0, 8530.0], [108037.5, 95070.0], [108032.5, 2730.0], [108030.0, 15840.0], [108000.0, 2710.0], [107990.0, 50000.0], [107985.0, 2740.0], [107972.5, 2710.0], [107945.0, 24720.0], [107935.0, 2760.0], [107927.5, 2580.0], [107922.5, 2730.0], [107912.5, 10330.0], [107907.5, 44290.0], [107902.5, 2760.0], [107895.0, 40.0]], "asks": [[108067.5, 5460.0], [108072.5, 3000.0], [108080.0, 5000.0], [108087.5, 2000.0], [108090.0, 5800.0], [108100.0, 2710.0], [108107.5, 160.0], [108115.0, 5800.0], [108130.0, 2690.0], [108142.5, 2740.0], [108145.0, 50000.0], [108152.5, 40.0], [108155.0, 2730.0], [108160.0, 15650.0], [108165.0, 24820.0], [108167.5, 25420.0], [108192.5, 2730.0], [108200.0, 40020.0], [108205.0, 2690.0], [108227.5, 10330.0]]}}}
{"jsonrpc": "2.0", "method": "subscription", "params": {"channel": "book.BTC-12SEP25.none.20.100ms", "data": {"timestamp": 1756499090542, "change_id": 115543357985, "instrument_name": "BTC-12SEP25", "bids": [[108222.5, 160.0], [108220.0, 1660.0], [108217.5, 5540.0], [108212.5, 1500.0], [108210.0, 5000.0], [108202.5, 4870.0], [108200.0, 16230.0], [108185.0, 5540.0], [108145.0, 50000.0], [108140.0, 20.0], [108132.5, 6230.0], [108067.5, 20.0], [108010.0, 6070.0], [107992.5, 2580.0], [107990.0, 10330.0], [107980.0, 20.0], [107975.0, 41330.0], [107970.0, 105000.0], [107922.5, 500.0], [107895.0, 20.0]], "asks": [[108235.0, 17540.0], [108240.0, 5020.0], [108252.5, 1660.0], [108255.0, 5540.0], [108262.5, 160.0], [108270.0, 600.0], [108272.5, 2000.0], [108312.5, 18270.0], [108322.5, 50000.0], [108325.0, 6070.0], [108327.5, 240.0], [108340.0, 16590.0], [108412.5, 20.0], [108440.0, 300.0], [108445.0, 38590.0], [108462.5, 105000.0], [108500.0, 20.0], [108517.5, 50000.0], [108532.5, 500.0], [108565.0, 37150.0]]}}}
{"jsonrpc": "2.0", "method": "subscription", "params": {"channel": "book.BTC-5SEP25.none.20.100ms", "data": {"timestamp": 1756499090347, "change_id": 115543357660, "instrument_name": "BTC-5SEP25", "bids": [[108065.0, 2710.0], [108062.5, 1790.0], [108060.0, 7460.0], [108057.5, 5000.0], [108055.0, 1500.0], [108052.5, 5000.0], [108047.5, 2560.0], [108045.0, 8530.0], [108032.5, 7480.0], [108030.0, 15840.0], [108002.5, 810.0], [108000.0, 2710.0], [107992.5, 15000.0], [107990.0, 50000.0], [107987.5, 820.0], [107985.0, 2740.0], [107975.0, 810.0], [107972.5, 2710.0], [107947.5, 10130.0], [107945.0, 24720.0]], "asks": [[108067.5, 5460.0], [108072.5, 3000.0], [108080.0, 5000.0], [108087.5, 2000.0], [108090.0, 5800.0], [108097.5, 810.0], [108100.0, 2710.0], [108107.5, 160.0], [108112.5, 1740.0], [108115.0, 5800.0], [108127.5, 810.0], [108130.0, 2690.0], [108142.5, 17740.0], [108145.0, 50000.0], [108152.5, 860.0], [108155.0, 2730.0], [108157.5, 4700.0], [108160.0, 15650.0], [108162.5, 7450.0], [108165.0, 32450.0]]}}}
{"jsonrpc": "2.0", "method": "subscription", "params": {"channel": "book.BTC-12SEP25.none.20.100ms", "data": {"timestamp": 1756499090900, "change_id": 115543359026, "instrument_name": "BTC-12SEP25", "bids": [[108222.5, 11840.0], [108220.0, 40600.0], [108217.5, 5540.0], [108212.5, 1500.0], [108210.0, 5000.0], [108202.5, 4870.0], [108200.0, 16230.0], [108185.0, 5540.0], [108145.0, 50000.0], [108140.0, 20.0], [108132.5, 6230.0], [108067.5, 20.0], [108010.0, 6070.0], [107992.5, 2580.0], [107990.0, 10330.0], [107980.0, 20.0], [107975.0, 41330.0], [107970.0, 105000.0], [107922.5, 500.0], [107895.0, 20.0]], "asks": [[108232.5, 17000.0], [108240.0, 20.0], [108252.5, 1660.0], [108255.0, 5540.0], [108262.5, 160.0], [108272.5, 2000.0], [108312.5, 18270.0], [108325.0, 6070.0], [108327.5, 240.0], [108337.5, 50000.0], [108340.0, 16590.0], [108412.5, 20.0], [108440.0, 300.0], [108445.0, 38590.0], [108462.5, 105000.0], [108500.0, 20.0], [108517.5, 50000.0], [108532.5, 500.0], [108565.0, 37150.0], [108587.5, 20.0]]}}}
{"jsonrpc": "2.0", "method": "subscription", "params": {"channel": "book.BTC-5SEP25.none.20.100ms", "data": {"timestamp": 1756499090868, "change_id": 115543358959, "instrument_name": "BTC-5SEP25", "bids": [[108065.0, 2710.0], [108060.0, 1660.0], [108057.5, 5000.0], [108055.0, 11660.0], [108052.5, 38880.0], [108047.5, 2560.0], [108045.0, 7730.0], [108032.5, 7480.0], [108030.0, 15840.0], [108002.5, 810.0], [108000.0, 2710.0], [107992.5, 15000.0], [107990.0, 50000.0], [107987.5, 820.0], [107985.0, 2740.0], [107975.0, 810.0], [107972.5, 2710.0], [107947.5, 10130.0], [107945.0, 24720.0], [107937.5, 830.0]], "asks": [[108067.5, 5460.0], [108070.0, 5000.0], [108072.5, 8000.0], [108087.5, 2000.0], [108097.5, 810.0], [108100.0, 2710.0], [108107.5, 160.0], [108112.5, 1740.0], [108115.0, 5800.0], [108127.5, 810.0], [108130.0, 2690.0], [108142.5, 17740.0], [108145.0, 50000.0], [108152.5, 860.0], [108155.0, 2730.0], [108157.5, 4700.0], [108160.0, 15650.0], [108162.5, 7450.0], [108165.0, 32450.0], [108167.5, 25420.0]]}}}
{"jsonrpc": "2.0", "method": "subscription", "params": {"channel": "book.BTC-12SEP25.none.20.100ms", "data": {"timestamp": 1756499091233, "change_id": 115543359679, "instrument_name": "BTC-12SEP25", "bids": [[108222.5, 11840.0], [108220.0, 40600.0], [108217.5, 5540.0], [108212.5, 1500.0], [108210.0, 5000.0], [108202.5, 4870.0], [108200.0, 16230.0], [108185.0, 5540.0], [108145.0, 50000.0], [108140.0, 20.0], [108132.5, 6230.0], [108067.5, 20.0], [108010.0, 6070.0], [107980.0, 20.0], [107970.0, 105000.0], [107922.5, 500.0], [107895.0, 20.0], [107855.0, 50000.0], [107807.5, 20.0], [107727.5, 210000.0]], "asks": [[108232.5, 12000.0], [108235.0, 5540.0], [108240.0, 20.0], [108245.0, 5000.0], [108252.5, 1660.0], [108255.0, 5540.0], [108262.5, 160.0], [108272.5, 2000.0], [108312.5, 18270.0], [108322.5, 50000.0], [108325.0, 6070.0], [108327.5, 240.0], [108340.0, 16590.0], [108412.5, 20.0], [108440.0, 300.0], [108445.0, 38590.0], [108462.5, 105000.0], [108500.0, 20.0], [108517.5, 50000.0], [108532.5, 500.0]]}}}
{"jsonrpc": "2.0", "method": "subscription", "params": {"channel": "book.BTC-5SEP25.none.20.100ms", "data": {"timestamp": 1756499091229, "change_id": 115543359671, "instrument_name": "BTC-5SEP25", "bids": [[108065.0, 8510.0], [108060.0, 1660.0], [108057.5, 5000.0], [108055.0, 11660.0], [108052.5, 43880.0], [108047.5, 2560.0], [108045.0, 8530.0], [108032.5, 7480.0], [108030.0, 15840.0], [108002.5, 810.0], [108000.0, 2710.0], [107992.5, 15000.0], [107990.0, 50000.0], [107987.5, 820.0], [107985.0, 2740.0], [107975.0, 810.0], [107972.5, 2710.0], [107947.5, 10130.0], [107945.0, 24720.0], [107937.5, 830.0]], "asks": [[108067.5, 5460.0], [108070.0, 5000.0], [108072.5, 3000.0], [108085.0, 6400.0], [108087.5, 7000.0], [108102.5, 810.0], [108105.0, 2710.0], [108107.5, 160.0], [108112.5, 1740.0], [108115.0, 5800.0], [108127.5, 810.0], [108130.0, 2690.0], [108142.5, 17740.0], [108145.0, 50000.0], [108152.5, 860.0], [108155.0, 2730.0], [108157.5, 4700.0], [108160.0, 15650.0], [108162.5, 7450.0], [108165.0, 32450.0]]}}}
{"jsonrpc": "2.0", "method": "subscription", "params": {"channel": "book.BTC-12SEP25.none.20.100ms", "data": {"timestamp": 1756499091555, "change_id": 115543361239, "instrument_name": "BTC-12SEP25", "bids": [[108235.0, 1820.0], [108232.5, 5540.0], [108222.5, 11680.0], [108220.0, 40600.0], [108212.5, 1500.0], [108210.0, 5000.0], [108202.5, 4870.0], [108200.0, 16230.0], [108187.5, 1660.0], [108185.0, 5540.0], [108147.5, 21230.0], [108145.0, 50000.0], [108140.0, 20.0], [108067.5, 20.0], [108012.5, 6070.0], [107980.0, 20.0], [107970.0, 105000.0], [107922.5, 500.0], [107895.0, 20.0], [107855.0, 50000.0]], "asks": [[108240.0, 12020.0], [108245.0, 5540.0], [108277.5, 160.0], [108287.5, 1660.0], [108290.0, 5540.0], [108295.0, 600.0], [108297.5, 2000.0], [108307.5, 15000.0], [108310.0, 55480.0], [108312.5, 18270.0], [108322.5, 1820.0], [108325.0, 6070.0], [108327.5, 240.0], [108340.0, 30.0], [108395.0, 4820.0], [108397.5, 16050.0], [108412.5, 20.0], [108440.0, 300.0], [108445.0, 38590.0], [108462.5, 105000.0]]}}}
{"jsonrpc": "2.0", "method": "subscription", "params": {"channel": "book.BTC-5SEP25.none.20.100ms", "data": {"timestamp": 1756499091487, "change_id": 115543360885, "instrument_name": "BTC-5SEP25", "bids": [[108090.0, 2710.0], [108082.5, 5800.0], [108072.5, 160.0], [108070.0, 2710.0], [108057.5, 7710.0], [108052.5, 38880.0], [108045.0, 8530.0], [108032.5, 2730.0], [108030.0, 15840.0], [108000.0, 2710.0], [107990.0, 50000.0], [107985.0, 2740.0], [107972.5, 2710.0], [107952.5, 24720.0], [107947.5, 2710.0], [107935.0, 2760.0], [107922.5, 2730.0], [107907.5, 44290.0], [107902.5, 2760.0], [107895.0, 40.0]], "asks": [[108092.5, 5800.0], [108107.5, 160.0], [108112.5, 2000.0], [108115.0, 5800.0], [108130.0, 2690.0], [108142.5, 2740.0], [108152.5, 40.0], [108155.0, 2730.0], [108165.0, 74820.0], [108167.5, 28130.0], [108192.5, 2730.0], [108200.0, 40020.0], [108205.0, 2690.0], [108215.0, 15720.0], [108235.0, 2750.0], [108240.0, 40.0], [108250.0, 2580.0], [108292.5, 49860.0], [108317.5, 2680.0], [108327.5, 40.0]]}}}
{"jsonrpc": "2.0", "method": "subscription", "params": {"channel": "book.BTC-12SEP25.none.20.100ms", "data": {"timestamp": 1756499091703, "change_id": 115543361954, "instrument_name": "BTC-12SEP25", "bids": [[108235.0, 1820.0], [108232.5, 5540.0], [108222.5, 16680.0], [108220.0, 40600.0], [108202.5, 4870.0], [108200.0, 16230.0], [108187.5, 1660.0], [108185.0, 5540.0], [108147.5, 21230.0], [108145.0, 50000.0], [108140.0, 20.0], [108067.5, 20.0], [108012.5, 6070.0], [107980.0, 20.0], [107970.0, 105000.0], [107922.5, 500.0], [107895.0, 20.0], [107855.0, 50000.0], [107807.5, 20.0], [107727.5, 210000.0]], "asks": [[108240.0, 12020.0], [108245.0, 5540.0], [108250.0, 5000.0], [108277.5, 160.0], [108287.5, 1660.0], [108290.0, 5540.0], [108295.0, 600.0], [108297.5, 2000.0], [108310.0, 5480.0], [108312.5, 18270.0], [108322.5, 16590.0], [108325.0, 56070.0], [108327.5, 240.0], [108340.0, 4890.0], [108342.5, 16210.0], [108412.5, 20.0], [108440.0, 300.0], [108445.0, 38590.0], [108462.5, 105000.0], [108500.0, 20.0]]}}}
{"jsonrpc": "2.0", "method": "subscription", "params": {"channel": "book.BTC-5SEP25.none.20.100ms", "data": {"timestamp": 1756499091834, "change_id": 115543362220, "instrument_name": "BTC-5SEP25", "bids": [[108090.0, 2710.0], [108082.5, 5800.0], [108072.5, 160.0], [108070.0, 2710.0], [108065.0, 5000.0], [108062.5, 5000.0], [108057.5, 2710.0], [108052.5, 38880.0], [108045.0, 8530.0], [108032.5, 2730.0], [108030.0, 15840.0], [108000.0, 2710.0], [107990.0, 50000.0], [107985.0, 2740.0], [107980.0, 40.0], [107972.5, 2710.0], [107952.5, 24720.0], [107947.5, 2710.0], [107935.0, 2760.0], [107922.5, 2730.0]], "asks": [[108092.5, 10800.0], [108105.0, 2710.0], [108107.5, 160.0], [108112.5, 2000.0], [108115.0, 5800.0], [108130.0, 2690.0], [108142.5, 2740.0], [108152.5, 40.0], [108155.0, 2730.0], [108162.5, 16490.0], [108165.0, 24820.0], [108167.5, 28130.0], [108172.5, 50000.0], [108192.5, 2730.0], [108200.0, 40020.0], [108205.0, 2690.0], [108235.0, 2750.0], [108240.0, 40.0], [108250.0, 2580.0], [108292.5, 49860.0]]}}}
{"jsonrpc": "2.0", "method": "subscription", "params": {"channel": "book.BTC-12SEP25.none.20.100ms", "data": {"timestamp": 1756499092226, "change_id": 115543363278, "instrument_name": "BTC-12SEP25", "bids": [[108235.0, 1820.0], [108232.5, 5540.0], [108225.0, 1500.0], [108222.5, 5000.0], [108202.5, 4870.0], [108200.0, 16230.0], [108187.5, 1660.0], [108185.0, 5540.0], [108152.5, 20.0], [108147.5, 21230.0], [108145.0, 50000.0], [108067.5, 20.0], [108012.5, 6070.0], [107980.0, 20.0], [107970.0, 105000.0], [107922.5, 500.0], [107895.0, 20.0], [107855.0, 50000.0], [107807.5, 20.0], [107727.5, 210000.0]], "asks": [[108240.0, 12020.0], [108242.5, 5000.0], [108277.5, 160.0], [108287.5, 1660.0], [108290.0, 5540.0], [108295.0, 600.0], [108297.5, 2000.0], [108310.0, 5480.0], [108312.5, 18270.0], [108322.5, 16590.0], [108325.0, 56070.0], [108327.5, 240.0], [108340.0, 4890.0], [108342.5, 16210.0], [108412.5, 20.0], [108440.0, 300.0], [108445.0, 38590.0], [108462.5, 105000.0], [108500.0, 20.0], [108517.5, 50000.0]]}}}
{"jsonrpc": "2.0", "method": "subscription", "params": {"channel": "book.BTC-5SEP25.none.20.100ms", "data": {"timestamp": 1756499092212, "change_id": 115543363240, "instrument_name": "BTC-5SEP25", "bids": [[108087.5, 2710.0], [108085.0, 1740.0], [108082.5, 5800.0], [108072.5, 970.0], [108070.0, 2710.0], [108067.5, 1500.0], [108065.0, 5000.0], [108060.0, 810.0], [108057.5, 2710.0], [108047.5, 2560.0], [108045.0, 8530.0], [108032.5, 7480.0], [108030.0, 15840.0], [108002.5, 810.0], [108000.0, 2710.0], [107992.5, 15000.0], [107990.0, 50000.0], [107987.5, 820.0], [107985.0, 2740.0], [107980.0, 40.0]], "asks": [[108092.5, 10000.0], [108102.5, 810.0], [108105.0, 2710.0], [108107.5, 160.0], [108110.0, 2270.0], [108112.5, 2000.0], [108115.0, 5800.0], [108127.5, 810.0], [108130.0, 2690.0], [108140.0, 820.0], [108142.5, 2740.0], [108152.5, 860.0], [108155.0, 2730.0], [108160.0, 12390.0], [108162.5, 16490.0], [108165.0, 33260.0], [108167.5, 28130.0], [108170.0, 15000.0], [108172.5, 50000.0], [108192.5, 2730.0]]}}}
{"jsonrpc": "2.0", "method": "subscription", "params": {"channel": "book.BTC-12SEP25.none.20.100ms", "data": {"timestamp": 1756499092554, "change_id": 115543364345, "instrument_name": "BTC-12SEP25", "bids": [[108215.0, 160.0], [108207.5, 5000.0], [108202.5, 4870.0], [108200.0, 16230.0], [108152.5, 20.0], [108147.5, 21230.0], [108145.0, 50000.0], [108067.5, 20.0], [108015.0, 1820.0], [108012.5, 6070.0], [107980.0, 20.0], [107970.0, 105000.0], [107922.5, 500.0], [107895.0, 20.0], [107855.0, 50000.0], [107807.5, 20.0], [107727.5, 210000.0], [107722.5, 20.0], [107715.0, 19200.0], [107647.5, 50000.0]], "asks": [[108235.0, 2140.0], [108237.5, 12000.0], [108240.0, 20.0], [108242.5, 10540.0], [108277.5, 160.0], [108287.5, 1660.0], [108290.0, 5540.0], [108297.5, 2000.0], [108310.0, 5480.0], [108312.5, 18270.0], [108322.5, 14770.0], [108325.0, 56070.0], [108327.5, 240.0], [108340.0, 30.0], [108342.5, 16210.0], [108412.5, 20.0], [108440.0, 300.0], [108445.0, 38590.0], [108462.5, 105000.0], [108500.0, 20.0]]}}}
{"jsonrpc": "2.0", "method": "subscription", "params": {"channel": "book.BTC-5SEP25.none.20.100ms", "data": {"timestamp": 1756499092550, "change_id": 115543364329, "instrument_name": "BTC-5SEP25", "bids": [[108057.5, 2710.0], [108055.0, 160.0], [108047.5, 5000.0], [108045.0, 13530.0], [108032.5, 2730.0], [108030.0, 15840.0], [108000.0, 2710.0], [107990.0, 50000.0], [107985.0, 2740.0], [107980.0, 40.0], [107972.5, 2710.0], [107955.0, 24720.0], [107947.5, 2710.0], [107922.5, 2730.0], [107907.5, 44290.0], [107902.5, 2760.0], [107895.0, 40.0], [107890.0, 2740.0], [107885.0, 20.0], [107857.5, 105000.0]], "asks": [[108085.0, 10000.0], [108090.0, 5800.0], [108105.0, 2710.0], [108107.5, 160.0], [108112.5, 2000.0], [108115.0, 5800.0], [108130.0, 2690.0], [108142.5, 2740.0], [108152.5, 40.0], [108155.0, 2730.0], [108162.5, 16490.0], [108165.0, 24820.0], [108167.5, 28130.0], [108172.5, 50000.0], [108192.5, 2730.0], [108200.0, 40020.0], [108205.0, 2690.0], [108235.0, 2750.0], [108240.0, 40.0], [108250.0, 2580.0]]}}}
{"jsonrpc": "2.0", "method": "subscription", "params": {"channel": "book.BTC-12SEP25.none.20.100ms", "data": {"timestamp": 1756499092860, "change_id": 115543365610, "instrument_name": "BTC-12SEP25", "bids": [[108222.5, 25210.0], [108215.0, 160.0], [108212.5, 5540.0], [108200.0, 16230.0], [108185.0, 5540.0], [108152.5, 20.0], [108147.5, 6230.0], [108145.0, 50000.0], [108067.5, 20.0], [108012.5, 6070.0], [107980.0, 20.0], [107970.0, 105000.0], [107922.5, 500.0], [107895.0, 20.0], [107857.5, 41330.0], [107855.0, 50000.0], [107807.5, 20.0], [107727.5, 210000.0], [107722.5, 20.0], [107715.0, 19200.0]], "asks": [[108232.5, 5540.0], [108240.0, 20.0], [108242.5, 5000.0], [108255.0, 5540.0], [108265.0, 160.0], [108297.5, 2000.0], [108312.5, 18270.0], [108325.0, 6070.0], [108327.5, 240.0], [108340.0, 50030.0], [108342.5, 16210.0], [108412.5, 20.0], [108440.0, 300.0], [108445.0, 38590.0], [108462.5, 105000.0], [108500.0, 20.0], [108517.5, 50000.0], [108532.5, 500.0], [108565.0, 37150.0], [108587.5, 20.0]]}}}
{"jsonrpc": "2.0", "method": "subscription", "params": {"channel": "book.BTC-5SEP25.none.20.100ms", "data": {"timestamp": 1756499092841, "change_id": 115543365499, "instrument_name": "BTC-5SEP25", "bids": [[108072.5, 2710.0], [108062.5, 5800.0], [108057.5, 2710.0], [108055.0, 160.0], [108047.5, 5000.0], [108045.0, 8530.0], [108032.5, 2730.0], [108030.0, 15840.0], [108020.0, 2710.0], [108000.0, 2710.0], [107990.0, 50000.0], [107985.0, 2740.0], [107980.0, 40.0], [107972.5, 2710.0], [107955.0, 24720.0], [107947.5, 2710.0], [107922.5, 2730.0], [107907.5, 44290.0], [107902.5, 2760.0], [107895.0, 40.0]], "asks": [[108075.0, 5000.0], [108077.5, 5800.0], [108095.0, 160.0], [108105.0, 2710.0], [108112.5, 2000.0], [108115.0, 5800.0], [108130.0, 2690.0], [108142.5, 2740.0], [108152.5, 40.0], [108155.0, 2730.0], [108162.5, 16490.0], [108165.0, 24820.0], [108167.5, 28130.0], [108172.5, 50000.0], [108192.5, 2730.0], [108200.0, 40020.0], [108205.0, 2690.0], [108235.0, 2750.0], [108240.0, 40.0], [108250.0, 2580.0]]}}}
{"jsonrpc": "2.0", "method": "subscription", "params": {"channel": "book.BTC-12SEP25.none.20.100ms", "data": {"timestamp": 1756499093212, "change_id": 115543366746, "instrument_name": "BTC-12SEP25", "bids": [[108225.0, 7570.0], [108222.5, 25210.0], [108215.0, 160.0], [108212.5, 1660.0], [108210.0, 5540.0], [108207.5, 1500.0], [108205.0, 5000.0], [108202.5, 4870.0], [108200.0, 16230.0], [108187.5, 1660.0], [108185.0, 5540.0], [108152.5, 20.0], [108147.5, 6230.0], [108145.0, 50000.0], [108067.5, 20.0], [108012.5, 6070.0], [107980.0, 10350.0], [107970.0, 105000.0], [107922.5, 500.0], [107895.0, 20.0]], "asks": [[108232.5, 5000.0], [108240.0, 20.0], [108252.5, 1660.0], [108255.0, 5540.0], [108265.0, 160.0], [108295.0, 600.0], [108297.5, 2000.0], [108310.0, 5480.0], [108312.5, 18270.0], [108322.5, 50000.0], [108325.0, 6070.0], [108327.5, 240.0], [108340.0, 30.0], [108342.5, 16210.0], [108412.5, 20.0], [108440.0, 300.0], [108445.0, 38590.0], [108462.5, 105000.0], [108500.0, 20.0], [108517.5, 50000.0]]}}}
{"jsonrpc": "2.0", "method": "subscription", "params": {"channel": "book.BTC-5SEP25.none.20.100ms", "data": {"timestamp": 1756499093212, "change_id": 115543366750, "instrument_name": "BTC-5SEP25", "bids": [[108067.5, 810.0], [108065.0, 2710.0], [108062.5, 1740.0], [108060.0, 5800.0], [108055.0, 160.0], [108050.0, 14840.0], [108047.5, 47700.0], [108045.0, 2730.0], [108032.5, 7480.0], [108030.0, 15840.0], [108022.5, 810.0], [108020.0, 2710.0], [108012.5, 1740.0], [108010.0, 5800.0], [108002.5, 810.0], [108000.0, 2710.0], [107992.5, 15000.0], [107990.0, 50000.0], [107987.5, 820.0], [107985.0, 2740.0]], "asks": [[108075.0, 5000.0], [108095.0, 160.0], [108102.5, 810.0], [108105.0, 2710.0], [108110.0, 2340.0], [108112.5, 2000.0], [108115.0, 5800.0], [108127.5, 810.0], [108130.0, 2690.0], [108140.0, 820.0], [108142.5, 2740.0], [108152.5, 860.0], [108155.0, 2730.0], [108160.0, 12390.0], [108162.5, 16490.0], [108165.0, 33260.0], [108167.5, 28130.0], [108170.0, 15000.0], [108172.5, 50000.0], [108192.5, 2730.0]]}}}
{"jsonrpc": "2.0", "method": "subscription", "params": {"channel": "book.BTC-12SEP25.none.20.100ms", "data": {"timestamp": 1756499093329, "change_id": 115543367053, "instrument_name": "BTC-12SEP25", "bids": [[108215.0, 160.0], [108207.5, 3440.0], [108205.0, 12090.0], [108202.5, 4870.0], [108200.0, 16230.0], [108152.5, 20.0], [108150.0, 16870.0], [108147.5, 6230.0], [108145.0, 50000.0], [108067.5, 20.0], [108012.5, 6070.0], [107980.0, 10350.0], [107970.0, 105000.0], [107922.5, 500.0], [107895.0, 20.0], [107857.5, 41330.0], [107855.0, 50000.0], [107807.5, 20.0], [107727.5, 210000.0], [107722.5, 20.0]], "asks": [[108232.5, 12090.0], [108240.0, 20.0], [108265.0, 160.0], [108295.0, 600.0], [108297.5, 2000.0], [108310.0, 5480.0], [108312.5, 18270.0], [108325.0, 6070.0], [108327.5, 240.0], [108340.0, 54890.0], [108342.5, 16210.0], [108412.5, 20.0], [108440.0, 300.0], [108445.0, 38590.0], [108462.5, 105000.0], [108500.0, 20.0], [108517.5, 50000.0], [108532.5, 500.0], [108565.0, 37150.0], [108587.5, 20.0]]}}}
{"jsonrpc": "2.0", "method": "subscription", "params": {"channel": "book.BTC-5SEP25.none.20.100ms", "data": {"timestamp": 1756499093462, "change_id": 115543367164, "instrument_name": "BTC-5SEP25", "bids": [[108065.0, 2710.0], [108055.0, 7260.0], [108047.5, 47700.0], [108045.0, 2730.0], [108032.5, 2730.0], [108030.0, 15840.0], [108020.0, 2710.0], [108000.0, 2710.0], [107990.0, 50000.0], [107985.0, 2740.0], [107980.0, 40.0], [107972.5, 2710.0], [107955.0, 24720.0], [107947.5, 2710.0], [107922.5, 2730.0], [107907.5, 44290.0], [107902.5, 2760.0], [107895.0, 40.0], [107890.0, 2740.0], [107885.0, 20.0]], "asks": [[108075.0, 5000.0], [108080.0, 7100.0], [108095.0, 160.0], [108105.0, 2710.0], [108112.5, 2000.0], [108130.0, 2690.0], [108142.5, 2740.0], [108152.5, 40.0], [108155.0, 2730.0], [108162.5, 16490.0], [108165.0, 24820.0], [108167.5, 28130.0], [108172.5, 50000.0], [108192.5, 2730.0], [108200.0, 40020.0], [108205.0, 2690.0], [108235.0, 2750.0], [108240.0, 40.0], [108250.0, 2580.0], [108292.5, 49860.0]]}}}
{"jsonrpc": "2.0", "method": "subscription", "params": {"channel": "book.BTC-12SEP25.none.20.100ms", "data": {"timestamp": 1756499093730, "change_id": 115543367976, "instrument_name": "BTC-12SEP25", "bids": [[108220.0, 13150.0], [108217.5, 95230.0], [108215.0, 160.0], [108207.5, 3440.0], [108205.0, 12090.0], [108202.5, 4870.0], [108200.0, 16230.0], [108152.5, 20.0], [108150.0, 16870.0], [108147.5, 6230.0], [108145.0, 50000.0], [108067.5, 20.0], [108015.0, 1820.0], [108012.5, 6070.0], [107980.0, 10350.0], [107970.0, 105000.0], [107922.5, 500.0], [107895.0, 20.0], [107857.5, 41330.0], [107855.0, 50000.0]], "asks": [[108232.5, 5000.0], [108237.5, 7090.0], [108240.0, 20.0], [108265.0, 160.0], [108295.0, 600.0], [108297.5, 2000.0], [108310.0, 5480.0], [108312.5, 18270.0], [108322.5, 1820.0], [108325.0, 6070.0], [108327.5, 240.0], [108337.5, 15010.0], [108340.0, 54890.0], [108342.5, 16210.0], [108412.5, 20.0], [108440.0, 300.0], [108445.0, 38590.0], [108462.5, 105000.0], [108500.0, 20.0], [108517.5, 50000.0]]}}}
{"jsonrpc": "2.0", "method": "subscription", "params": {"channel": "book.BTC-5SEP25.none.20.100ms", "data": {"timestamp": 1756499093733, "change_id": 115543367982, "instrument_name": "BTC-5SEP25", "bids": [[108065.0, 2710.0], [108055.0, 7260.0], [108047.5, 47700.0], [108045.0, 2730.0], [108032.5, 2730.0], [108030.0, 15840.0], [108020.0, 2710.0], [108000.0, 2710.0], [107990.0, 50000.0], [107985.0, 2740.0], [107980.0, 40.0], [107972.5, 2710.0], [107955.0, 24720.0], [107947.5, 2710.0], [107922.5, 2730.0], [107907.5, 44290.0], [107902.5, 2760.0], [107895.0, 40.0], [107890.0, 2740.0], [107885.0, 20.0]], "asks": [[108075.0, 5000.0], [108082.5, 7100.0], [108095.0, 160.0], [108105.0, 2710.0], [108112.5, 2000.0], [108130.0, 2690.0], [108142.5, 2740.0], [108152.5, 40.0], [108155.0, 2730.0], [108162.5, 66490.0], [108165.0, 24820.0], [108167.5, 28130.0], [108192.5, 2730.0], [108200.0, 40020.0], [108205.0, 2690.0], [108235.0, 2750.0], [108240.0, 40.0], [108250.0, 2580.0], [108292.5, 49860.0], [108317.5, 2680.0]]}}}
{"jsonrpc": "2.0", "method": "subscription", "params": {"channel": "book.BTC-12SEP25.none.20.100ms", "data": {"timestamp": 1756499094032, "change_id": 115543368544, "instrument_name": "BTC-12SEP25", "bids": [[108220.0, 13150.0], [108217.5, 95230.0], [108215.0, 160.0], [108207.5, 3440.0], [108205.0, 12090.0], [108202.5, 4870.0], [108200.0, 16230.0], [108152.5, 20.0], [108150.0, 16870.0], [108147.5, 6230.0], [108145.0, 50000.0], [108067.5, 20.0], [108015.0, 1820.0], [108012.5, 6070.0], [107980.0, 10350.0], [107970.0, 105000.0], [107922.5, 500.0], [107895.0, 20.0], [107857.5, 41330.0], [107855.0, 50000.0]], "asks": [[108232.5, 5000.0], [108237.5, 7090.0], [108240.0, 20.0], [108265.0, 160.0], [108295.0, 600.0], [108297.5, 2000.0], [108310.0, 5480.0], [108312.5, 18270.0], [108322.5, 1820.0], [108325.0, 6070.0], [108327.5, 240.0], [108337.5, 15010.0], [108340.0, 54890.0], [108342.5, 16210.0], [108412.5, 20.0], [108440.0, 300.0], [108445.0, 38590.0], [108462.5, 105000.0], [108500.0, 20.0], [108517.5, 50000.0]]}}}
{"jsonrpc": "2.0", "method": "subscription", "params": {"channel": "book.BTC-5SEP25.none.20.100ms", "data": {"timestamp": 1756499094042, "change_id": 115543368586, "instrument_name": "BTC-5SEP25", "bids": [[108070.0, 2710.0], [108060.0, 3680.0], [108057.5, 7710.0], [108055.0, 7260.0], [108050.0, 15130.0], [108047.5, 47700.0], [108045.0, 2730.0], [108032.5, 7480.0], [108030.0, 15840.0], [108022.5, 810.0], [108020.0, 2710.0], [108002.5, 810.0], [108000.0, 2710.0], [107992.5, 15000.0], [107990.0, 50000.0], [107987.5, 820.0], [107985.0, 2740.0], [107980.0, 40.0], [107975.0, 810.0], [107972.5, 2710.0]], "asks": [[108072.5, 5000.0], [108075.0, 5000.0], [108080.0, 2130.0], [108082.5, 7100.0], [108095.0, 160.0], [108102.5, 810.0], [108105.0, 2710.0], [108110.0, 600.0], [108112.5, 2000.0], [108127.5, 810.0], [108130.0, 2690.0], [108140.0, 820.0], [108142.5, 2740.0], [108152.5, 860.0], [108155.0, 2730.0], [108160.0, 27390.0], [108162.5, 66490.0], [108165.0, 33260.0], [108167.5, 28130.0], [108190.0, 820.0]]}}}
{"jsonrpc": "2.0", "method": "subscription", "params": {"channel": "book.BTC-5SEP25.none.20.100ms", "data": {"timestamp": 1756499094412, "change_id": 115543368970, "instrument_name": "BTC-5SEP25", "bids": [[108067.5, 2710.0], [108060.0, 3680.0], [108057.5, 5000.0], [108055.0, 7260.0], [108050.0, 15130.0], [108047.5, 47700.0], [108045.0, 2730.0], [108032.5, 7480.0], [108030.0, 15840.0], [108022.5, 810.0], [108020.0, 2710.0], [108002.5, 810.0], [108000.0, 2710.0], [107992.5, 15000.0], [107990.0, 50000.0], [107987.5, 820.0], [107985.0, 2740.0], [107980.0, 40.0], [107975.0, 810.0], [107972.5, 2710.0]], "asks": [[108072.5, 5000.0], [108075.0, 5000.0], [108080.0, 2130.0], [108082.5, 7100.0], [108095.0, 160.0], [108102.5, 810.0], [108105.0, 2710.0], [108110.0, 600.0], [108112.5, 2000.0], [108127.5, 810.0], [108130.0, 2690.0], [108140.0, 820.0], [108142.5, 2740.0], [108152.5, 860.0], [108155.0, 2730.0], [108160.0, 27390.0], [108162.5, 66490.0], [108165.0, 33260.0], [108167.5, 28130.0], [108190.0, 820.0]]}}}
{"jsonrpc": "2.0", "method": "subscription", "params": {"channel": "book.BTC-12SEP25.none.20.100ms", "data": {"timestamp": 1756499094842, "change_id": 115543370357, "instrument_name": "BTC-12SEP25", "bids": [[108220.0, 16110.0], [108217.5, 95230.0], [108215.0, 160.0], [108212.5, 12090.0], [108202.5, 4870.0], [108200.0, 16230.0], [108152.5, 20.0], [108150.0, 16870.0], [108147.5, 6230.0], [108145.0, 50000.0], [108067.5, 20.0], [108015.0, 1820.0], [108012.5, 6070.0], [107980.0, 10350.0], [107970.0, 105000.0], [107922.5, 500.0], [107895.0, 20.0], [107857.5, 41330.0], [107855.0, 50000.0], [107807.5, 20.0]], "asks": [[108232.5, 5000.0], [108237.5, 7090.0], [108240.0, 20.0], [108265.0, 160.0], [108295.0, 600.0], [108297.5, 2000.0], [108310.0, 5480.0], [108312.5, 18270.0], [108322.5, 1820.0], [108325.0, 6070.0], [108327.5, 240.0], [108337.5, 15010.0], [108340.0, 54890.0], [108342.5, 16210.0], [108412.5, 20.0], [108440.0, 300.0], [108445.0, 38590.0], [108462.5, 105000.0], [108500.0, 20.0], [108517.5, 50000.0]]}}}
{"jsonrpc": "2.0", "method": "subscription", "params": {"channel": "book.BTC-5SEP25.none.20.100ms", "data": {"timestamp": 1756499094846, "change_id": 115543370383, "instrument_name": "BTC-5SEP25", "bids": [[108070.0, 810.0], [108067.5, 2710.0], [108065.0, 2130.0], [108062.5, 7100.0], [108060.0, 1550.0], [108057.5, 5000.0], [108055.0, 160.0], [108050.0, 15130.0], [108047.5, 47700.0], [108045.0, 2730.0], [108032.5, 7480.0], [108030.0, 15840.0], [108022.5, 810.0], [108020.0, 2710.0], [108002.5, 810.0], [108000.0, 2710.0], [107992.5, 15000.0], [107990.0, 50000.0], [107987.5, 820.0], [107985.0, 2740.0]], "asks": [[108075.0, 5000.0], [108080.0, 7130.0], [108082.5, 7100.0], [108095.0, 160.0], [108102.5, 810.0], [108105.0, 2710.0], [108110.0, 600.0], [108112.5, 2000.0], [108127.5, 810.0], [108130.0, 2690.0], [108140.0, 820.0], [108142.5, 2740.0], [108152.5, 860.0], [108155.0, 2730.0], [108160.0, 27390.0], [108162.5, 66490.0], [108165.0, 33260.0], [108167.5, 28130.0], [108190.0, 820.0], [108192.5, 2730.0]]}}}
