{"jsonrpc": "2.0", "id": 1, "result": ["book.BTC-19SEP25.none.20.100ms", "book.BTC-12SEP25.none.20.100ms"], "usIn": 1757517877440985, "usOut": 1757517877441141, "usDiff": 156, "testnet": false}
{"jsonrpc": "2.0", "method": "subscription", "params": {"channel": "book.BTC-19SEP25.none.20.100ms", "data": {"timestamp": 1757517877378, "change_id": 116945047325, "instrument_name": "BTC-19SEP25", "bids": [[114070.0, 5850.0], [114067.5, 1930.0], [114065.0, 8140.0], [114062.5, 4960.0], [114060.0, 25210.0], [114057.5, 34940.0], [114055.0, 63500.0], [114050.0, 35440.0], [114047.5, 1650.0], [114045.0, 23570.0], [114042.5, 34940.0], [114040.0, 59320.0], [114037.5, 100350.0], [114020.0, 660.0], [114015.0, 20.0], [113987.5, 640.0], [113980.0, 2100.0], [113977.5, 6340.0], [113975.0, 3000.0], [113962.5, 650.0]], "asks": [[114072.5, 11100.0], [114075.0, 48000.0], [114077.5, 44800.0], [114080.0, 34940.0], [114082.5, 2300.0], [114090.0, 1010.0], [114095.0, 9090.0], [114097.5, 34940.0], [114100.0, 17830.0], [114102.5, 35100.0], [114117.5, 5360.0], [114120.0, 15640.0], [114127.5, 600.0], [114130.0, 2000.0], [114145.0, 660.0], [114152.5, 1830.0], [114155.0, 6100.0], [114190.0, 650.0], [114197.5, 9020.0], [114200.0, 30000.0]]}}}
{"jsonrpc": "2.0", "method": "subscription", "params": {"channel": "book.BTC-12SEP25.none.20.100ms", "data": {"timestamp": 1757517877379, "change_id": 116945047327, "instrument_name": "BTC-12SEP25", "bids": [[113870.0, 19840.0], [113867.5, 12320.0], [113865.0, 22750.0], [113862.5, 15300.0], [113860.0, 35700.0], [113857.5, 1980.0], [113855.0, 1760.0], [113852.5, 12450.0], [113850.0, 76190.0], [113847.5, 148180.0], [113845.0, 43980.0], [113842.5, 10220.0], [113840.0, 34580.0], [113832.5, 2030.0], [113822.5, 590.0], [113820.0, 1970.0], [113802.5, 1800.0], [113800.0, 6010.0], [113782.5, 600.0], [113780.0, 1990.0]], "asks": [[113872.5, 55900.0], [113880.0, 43760.0], [113887.5, 530.0], [113890.0, 1760.0], [113892.5, 114950.0], [113897.5, 1500.0], [113900.0, 15960.0], [113902.5, 34580.0], [113905.0, 2480.0], [113907.5, 1760.0], [113917.5, 770.0], [113920.0, 2040.0], [113927.5, 7450.0], [113930.0, 25960.0], [113932.5, 4040.0], [113935.0, 4880.0], [113937.5, 16270.0], [113942.5, 600.0], [113945.0, 1980.0], [113955.0, 590.0]]}}}
{"jsonrpc": "2.0", "method": "subscription", "params": {"channel": "book.BTC-12SEP25.none.20.100ms", "data": {"timestamp": 1757517877477, "change_id": 116945047381, "instrument_name": "BTC-12SEP25", "bids": [[113870.0, 19840.0], [113867.5, 12320.0], [113865.0, 22750.0], [113862.5, 15300.0], [113860.0, 35700.0], [113857.5, 1980.0], [113855.0, 1760.0], [113852.5, 12450.0], [113850.0, 76190.0], [113847.5, 148180.0], [113845.0, 43980.0], [113842.5, 10220.0], [113840.0, 34580.0], [113832.5, 2030.0], [113822.5, 590.0], [113820.0, 1970.0], [113802.5, 1800.0], [113800.0, 6010.0], [113782.5, 600.0], [113780.0, 1990.0]], "asks": [[113872.5, 66700.0], [113880.0, 43760.0], [113887.5, 530.0], [113890.0, 1760.0], [113892.5, 114950.0], [113897.5, 1500.0], [113900.0, 15960.0], [113902.5, 34580.0], [113905.0, 2480.0], [113907.5, 1760.0], [113917.5, 770.0], [113920.0, 2040.0], [113927.5, 7450.0], [113930.0, 25960.0], [113932.5, 4040.0], [113935.0, 4880.0], [113937.5, 16270.0], [113942.5, 600.0], [113945.0, 1980.0], [113955.0, 590.0]]}}}
{"jsonrpc": "2.0", "method": "subscription", "params": {"channel": "book.BTC-19SEP25.none.20.100ms", "data": {"timestamp": 1757517877480, "change_id": 116945047387, "instrument_name": "BTC-19SEP25", "bids": [[114070.0, 5850.0], [114067.5, 1930.0], [114065.0, 8140.0], [114062.5, 4960.0], [114060.0, 25210.0], [114057.5, 34940.0], [114055.0, 63500.0], [114050.0, 35440.0], [114047.5, 1650.0], [114045.0, 23570.0], [114042.5, 34940.0], [114040.0, 59320.0], [114037.5, 100350.0], [114020.0, 660.0], [114015.0, 20.0], [113987.5, 640.0], [113980.0, 2100.0], [113977.5, 6340.0], [113975.0, 3000.0], [113962.5, 650.0]], "asks": [[114072.5, 21900.0], [114075.0, 48000.0], [114077.5, 44800.0], [114080.0, 34940.0], [114082.5, 2300.0], [114090.0, 1010.0], [114095.0, 9090.0], [114097.5, 34940.0], [114100.0, 17830.0], [114102.5, 35100.0], [114117.5, 5360.0], [114120.0, 15640.0], [114127.5, 600.0], [114130.0, 2000.0], [114145.0, 660.0], [114152.5, 1830.0], [114155.0, 6100.0], [114190.0, 650.0], [114197.5, 9020.0], [114200.0, 30000.0]]}}}
{"jsonrpc": "2.0", "method": "subscription", "params": {"channel": "book.BTC-12SEP25.none.20.100ms", "data": {"timestamp": 1757517877914, "change_id": 116945048107, "instrument_name": "BTC-12SEP25", "bids": [[113870.0, 19840.0], [113867.5, 12320.0], [113865.0, 22750.0], [113862.5, 15300.0], [113860.0, 35700.0], [113857.5, 1980.0], [113855.0, 1760.0], [113852.5, 12450.0], [113850.0, 76190.0], [113847.5, 148180.0], [113845.0, 43980.0], [113842.5, 10220.0], [113840.0, 34580.0], [113832.5, 2030.0], [113822.5, 590.0], [113820.0, 1970.0], [113802.5, 1800.0], [113800.0, 6010.0], [113782.5, 600.0], [113780.0, 1990.0]], "asks": [[113872.5, 66700.0], [113877.5, 1760.0], [113880.0, 42000.0], [113882.5, 34580.0], [113887.5, 530.0], [113890.0, 1760.0], [113892.5, 114950.0], [113897.5, 1500.0], [113900.0, 15960.0], [113902.5, 34580.0], [113905.0, 2480.0], [113907.5, 1760.0], [113917.5, 770.0], [113920.0, 2040.0], [113927.5, 7450.0], [113930.0, 25960.0], [113932.5, 4040.0], [113935.0, 4880.0], [113937.5, 16270.0], [113942.5, 600.0]]}}}
{"jsonrpc": "2.0", "method": "subscription", "params": {"channel": "book.BTC-19SEP25.none.20.100ms", "data": {"timestamp": 1757517877928, "change_id": 116945048112, "instrument_name": "BTC-19SEP25", "bids": [[114070.0, 1650.0], [114067.5, 1930.0], [114065.0, 8140.0], [114062.5, 4960.0], [114060.0, 25210.0], [114057.5, 34940.0], [114055.0, 63500.0], [114050.0, 35440.0], [114047.5, 1650.0], [114045.0, 23570.0], [114042.5, 34940.0], [114040.0, 59320.0], [114037.5, 100350.0], [114020.0, 660.0], [114015.0, 20.0], [113987.5, 640.0], [113980.0, 2100.0], [113977.5, 6340.0], [113975.0, 3000.0], [113962.5, 650.0]], "asks": [[114072.5, 21900.0], [114075.0, 48000.0], [114077.5, 44800.0], [114080.0, 34940.0], [114082.5, 2300.0], [114090.0, 1010.0], [114095.0, 9090.0], [114097.5, 34940.0], [114100.0, 17830.0], [114102.5, 35100.0], [114117.5, 5360.0], [114120.0, 15640.0], [114127.5, 600.0], [114130.0, 2000.0], [114145.0, 660.0], [114152.5, 1830.0], [114155.0, 6100.0], [114190.0, 650.0], [114197.5, 9020.0], [114200.0, 30000.0]]}}}
{"jsonrpc": "2.0", "method": "subscription", "params": {"channel": "book.BTC-12SEP25.none.20.100ms", "data": {"timestamp": 1757517878250, "change_id": 116945048485, "instrument_name": "BTC-12SEP25", "bids": [[113870.0, 19840.0], [113867.5, 12320.0], [113865.0, 22750.0], [113862.5, 15300.0], [113860.0, 35700.0], [113857.5, 1980.0], [113855.0, 1760.0], [113852.5, 12450.0], [113850.0, 76190.0], [113847.5, 148180.0], [113845.0, 43980.0], [113842.5, 10220.0], [113840.0, 34580.0], [113832.5, 2030.0], [113822.5, 590.0], [113820.0, 1970.0], [113802.5, 1800.0], [113800.0, 6010.0], [113782.5, 600.0], [113780.0, 1990.0]], "asks": [[113872.5, 58800.0], [113877.5, 1760.0], [113880.0, 42000.0], [113887.5, 530.0], [113890.0, 1760.0], [113892.5, 114950.0], [113897.5, 1500.0], [113900.0, 15960.0], [113902.5, 34580.0], [113905.0, 2480.0], [113907.5, 1760.0], [113917.5, 770.0], [113920.0, 2040.0], [113927.5, 7450.0], [113930.0, 25960.0], [113932.5, 4040.0], [113935.0, 4880.0], [113937.5, 16270.0], [113942.5, 600.0], [113945.0, 1980.0]]}}}
{"jsonrpc": "2.0", "method": "subscription", "params": {"channel": "book.BTC-19SEP25.none.20.100ms", "data": {"timestamp": 1757517878136, "change_id": 116945048328, "instrument_name": "BTC-19SEP25", "bids": [[114070.0, 6150.0], [114067.5, 1930.0], [114065.0, 8140.0], [114062.5, 4960.0], [114060.0, 25210.0], [114057.5, 34940.0], [114055.0, 63500.0], [114050.0, 35440.0], [114047.5, 1650.0], [114045.0, 23570.0], [114042.5, 34940.0], [114040.0, 59320.0], [114037.5, 100350.0], [114020.0, 660.0], [114015.0, 20.0], [113987.5, 640.0], [113980.0, 2100.0], [113977.5, 6340.0], [113975.0, 3000.0], [113962.5, 650.0]], "asks": [[114072.5, 21900.0], [114075.0, 48000.0], [114077.5, 44800.0], [114080.0, 34940.0], [114082.5, 2300.0], [114090.0, 1010.0], [114095.0, 9090.0], [114097.5, 34940.0], [114100.0, 17830.0], [114102.5, 35100.0], [114117.5, 5360.0], [114120.0, 15640.0], [114127.5, 600.0], [114130.0, 2000.0], [114145.0, 660.0], [114152.5, 1830.0], [114155.0, 6100.0], [114190.0, 650.0], [114197.5, 9020.0], [114200.0, 30000.0]]}}}
{"jsonrpc": "2.0", "method": "subscription", "params": {"channel": "book.BTC-12SEP25.none.20.100ms", "data": {"timestamp": 1757517878923, "change_id": 116945049428, "instrument_name": "BTC-12SEP25", "bids": [[113870.0, 19840.0], [113867.5, 12320.0], [113865.0, 22750.0], [113862.5, 15300.0], [113860.0, 35700.0], [113857.5, 1980.0], [113855.0, 1760.0], [113852.5, 12450.0], [113850.0, 76190.0], [113847.5, 148180.0], [113845.0, 43980.0], [113842.5, 10220.0], [113840.0, 34580.0], [113832.5, 2030.0], [113822.5, 590.0], [113820.0, 1970.0], [113802.5, 1800.0], [113800.0, 6010.0], [113782.5, 600.0], [113780.0, 1990.0]], "asks": [[113872.5, 58800.0], [113880.0, 43760.0], [113887.5, 530.0], [113890.0, 1760.0], [113892.5, 114950.0], [113897.5, 1500.0], [113900.0, 15960.0], [113902.5, 34580.0], [113905.0, 2480.0], [113907.5, 1760.0], [113917.5, 770.0], [113920.0, 2040.0], [113927.5, 7450.0], [113930.0, 25960.0], [113932.5, 4040.0], [113935.0, 4880.0], [113937.5, 16270.0], [113942.5, 600.0], [113945.0, 1980.0], [113955.0, 590.0]]}}}
{"jsonrpc": "2.0", "method": "subscription", "params": {"channel": "book.BTC-19SEP25.none.20.100ms", "data": {"timestamp": 1757517878826, "change_id": 116945049431, "instrument_name": "BTC-19SEP25", "bids": [[114070.0, 6150.0], [114067.5, 1930.0], [114065.0, 8140.0], [114062.5, 4960.0], [114060.0, 25210.0], [114057.5, 34940.0], [114055.0, 63500.0], [114050.0, 35440.0], [114047.5, 1650.0], [114045.0, 23570.0], [114042.5, 34940.0], [114040.0, 59320.0], [114037.5, 100350.0], [114020.0, 660.0], [114015.0, 20.0], [113987.5, 640.0], [113980.0, 2100.0], [113977.5, 6340.0], [113975.0, 3000.0], [113962.5, 650.0]], "asks": [[114072.5, 18050.0], [114075.0, 48000.0], [114077.5, 44800.0], [114080.0, 34940.0], [114082.5, 2300.0], [114090.0, 1010.0], [114095.0, 9090.0], [114097.5, 34940.0], [114100.0, 17830.0], [114102.5, 35100.0], [114117.5, 5360.0], [114120.0, 15640.0], [114127.5, 600.0], [114130.0, 2000.0], [114145.0, 660.0], [114152.5, 1830.0], [114155.0, 6100.0], [114190.0, 650.0], [114197.5, 9020.0], [114200.0, 30000.0]]}}}
{"jsonrpc": "2.0", "method": "subscription", "params": {"channel": "book.BTC-12SEP25.none.20.100ms", "data": {"timestamp": 1757517879262, "change_id": 116945049892, "instrument_name": "BTC-12SEP25", "bids": [[113870.0, 19840.0], [113867.5, 12320.0], [113865.0, 22750.0], [113862.5, 15300.0], [113860.0, 35700.0], [113857.5, 1980.0], [113855.0, 1760.0], [113852.5, 12450.0], [113850.0, 76190.0], [113847.5, 148180.0], [113845.0, 43980.0], [113842.5, 10220.0], [113840.0, 34580.0], [113832.5, 2030.0], [113822.5, 590.0], [113820.0, 1970.0], [113802.5, 1800.0], [113800.0, 6010.0], [113782.5, 600.0], [113780.0, 1990.0]], "asks": [[113872.5, 66600.0], [113877.5, 7900.0], [113880.0, 43760.0], [113887.5, 530.0], [113890.0, 1760.0], [113892.5, 114950.0], [113897.5, 1500.0], [113900.0, 15960.0], [113902.5, 34580.0], [113905.0, 2480.0], [113907.5, 1760.0], [113917.5, 770.0], [113920.0, 2040.0], [113927.5, 7450.0], [113930.0, 25960.0], [113932.5, 4040.0], [113935.0, 4880.0], [113937.5, 16270.0], [113942.5, 600.0], [113945.0, 1980.0]]}}}
{"jsonrpc": "2.0", "method": "subscription", "params": {"channel": "book.BTC-19SEP25.none.20.100ms", "data": {"timestamp": 1757517879159, "change_id": 116945049845, "instrument_name": "BTC-19SEP25", "bids": [[114070.0, 6150.0], [114067.5, 1930.0], [114065.0, 8140.0], [114062.5, 4960.0], [114060.0, 25210.0], [114057.5, 34940.0], [114055.0, 63500.0], [114050.0, 35440.0], [114047.5, 1650.0], [114045.0, 23570.0], [114042.5, 34940.0], [114040.0, 59320.0], [114037.5, 100350.0], [114020.0, 660.0], [114015.0, 20.0], [113987.5, 640.0], [113980.0, 2100.0], [113977.5, 6340.0], [113975.0, 3000.0], [113962.5, 650.0]], "asks": [[114072.5, 16400.0], [114075.0, 49650.0], [114077.5, 44800.0], [114080.0, 34940.0], [114082.5, 2300.0], [114090.0, 1010.0], [114095.0, 9090.0], [114097.5, 34940.0], [114100.0, 17830.0], [114102.5, 35100.0], [114117.5, 5360.0], [114120.0, 15640.0], [114127.5, 600.0], [114130.0, 2000.0], [114145.0, 660.0], [114152.5, 1830.0], [114155.0, 6100.0], [114190.0, 650.0], [114197.5, 9020.0], [114200.0, 30000.0]]}}}
{"jsonrpc": "2.0", "method": "subscription", "params": {"channel": "book.BTC-12SEP25.none.20.100ms", "data": {"timestamp": 1757517879498, "change_id": 116945050077, "instrument_name": "BTC-12SEP25", "bids": [[113870.0, 19840.0], [113867.5, 12320.0], [113865.0, 22750.0], [113862.5, 15300.0], [113860.0, 35700.0], [113857.5, 1980.0], [113855.0, 1760.0], [113852.5, 12450.0], [113850.0, 76190.0], [113847.5, 148180.0], [113845.0, 43980.0], [113842.5, 10220.0], [113840.0, 34580.0], [113832.5, 2030.0], [113822.5, 590.0], [113820.0, 1970.0], [113802.5, 1800.0], [113800.0, 6010.0], [113782.5, 600.0], [113780.0, 1990.0]], "asks": [[113872.5, 48000.0], [113877.5, 7900.0], [113880.0, 42000.0], [113892.5, 114950.0], [113897.5, 1500.0], [113900.0, 15960.0], [113902.5, 34580.0], [113905.0, 1950.0], [113917.5, 770.0], [113920.0, 2040.0], [113927.5, 7450.0], [113930.0, 25960.0], [113932.5, 4040.0], [113935.0, 4880.0], [113937.5, 16270.0], [113942.5, 600.0], [113945.0, 1980.0], [113955.0, 590.0], [113957.5, 1980.0], [113960.0, 600.0]]}}}
{"jsonrpc": "2.0", "method": "subscription", "params": {"channel": "book.BTC-19SEP25.none.20.100ms", "data": {"timestamp": 1757517879494, "change_id": 116945050072, "instrument_name": "BTC-19SEP25", "bids": [[114070.0, 6150.0], [114067.5, 1930.0], [114065.0, 8140.0], [114062.5, 4960.0], [114060.0, 25210.0], [114057.5, 34940.0], [114055.0, 63500.0], [114050.0, 35440.0], [114047.5, 1650.0], [114045.0, 23570.0], [114042.5, 34940.0], [114040.0, 59320.0], [114037.5, 100350.0], [114020.0, 660.0], [114015.0, 20.0], [113987.5, 640.0], [113980.0, 2100.0], [113977.5, 6340.0], [113975.0, 3000.0], [113962.5, 650.0]], "asks": [[114072.5, 5600.0], [114075.0, 48000.0], [114077.5, 44800.0], [114080.0, 34940.0], [114082.5, 650.0], [114090.0, 1010.0], [114095.0, 9090.0], [114097.5, 34940.0], [114100.0, 16180.0], [114102.5, 35100.0], [114117.5, 5360.0], [114120.0, 15640.0], [114127.5, 600.0], [114130.0, 2000.0], [114145.0, 660.0], [114152.5, 1830.0], [114155.0, 6100.0], [114190.0, 650.0], [114197.5, 9020.0], [114200.0, 30000.0]]}}}
{"jsonrpc": "2.0", "method": "subscription", "params": {"channel": "book.BTC-12SEP25.none.20.100ms", "data": {"timestamp": 1757517879791, "change_id": 116945050830, "instrument_name": "BTC-12SEP25", "bids": [[113870.0, 19840.0], [113867.5, 12320.0], [113865.0, 22750.0], [113862.5, 15300.0], [113860.0, 35700.0], [113857.5, 1980.0], [113855.0, 1760.0], [113852.5, 12450.0], [113850.0, 76190.0], [113847.5, 148180.0], [113845.0, 43980.0], [113842.5, 10220.0], [113840.0, 34580.0], [113832.5, 2030.0], [113822.5, 590.0], [113820.0, 1970.0], [113802.5, 1800.0], [113800.0, 6010.0], [113782.5, 600.0], [113780.0, 1990.0]], "asks": [[113872.5, 58800.0], [113877.5, 7900.0], [113880.0, 43760.0], [113882.5, 34580.0], [113887.5, 530.0], [113890.0, 1760.0], [113892.5, 114950.0], [113897.5, 1500.0], [113900.0, 15960.0], [113902.5, 34580.0], [113905.0, 2480.0], [113907.5, 1760.0], [113917.5, 770.0], [113920.0, 2040.0], [113927.5, 7450.0], [113930.0, 25960.0], [113932.5, 4040.0], [113935.0, 4880.0], [113937.5, 16270.0], [113942.5, 600.0]]}}}
{"jsonrpc": "2.0", "method": "subscription", "params": {"channel": "book.BTC-19SEP25.none.20.100ms", "data": {"timestamp": 1757517879631, "change_id": 116945050570, "instrument_name": "BTC-19SEP25", "bids": [[114070.0, 6150.0], [114067.5, 1930.0], [114065.0, 8140.0], [114062.5, 4960.0], [114060.0, 25210.0], [114057.5, 34940.0], [114055.0, 63500.0], [114050.0, 35440.0], [114047.5, 1650.0], [114045.0, 23570.0], [114042.5, 34940.0], [114040.0, 59320.0], [114037.5, 100350.0], [114020.0, 660.0], [114015.0, 20.0], [113987.5, 640.0], [113980.0, 2100.0], [113977.5, 6340.0], [113975.0, 3000.0], [113962.5, 650.0]], "asks": [[114072.5, 16400.0], [114075.0, 49650.0], [114077.5, 44800.0], [114080.0, 34940.0], [114082.5, 2300.0], [114090.0, 1010.0], [114095.0, 9090.0], [114097.5, 34940.0], [114100.0, 17830.0], [114102.5, 35100.0], [114117.5, 5360.0], [114120.0, 15640.0], [114127.5, 600.0], [114130.0, 2000.0], [114145.0, 660.0], [114152.5, 1830.0], [114155.0, 6100.0], [114190.0, 650.0], [114197.5, 9020.0], [114200.0, 30000.0]]}}}
{"jsonrpc": "2.0", "method": "subscription", "params": {"channel": "book.BTC-12SEP25.none.20.100ms", "data": {"timestamp": 1757517880081, "change_id": 116945051348, "instrument_name": "BTC-12SEP25", "bids": [[113870.0, 19840.0], [113867.5, 12320.0], [113865.0, 22750.0], [113862.5, 15300.0], [113860.0, 35700.0], [113857.5, 1980.0], [113855.0, 1760.0], [113852.5, 12450.0], [113850.0, 76190.0], [113847.5, 148180.0], [113845.0, 43980.0], [113842.5, 10220.0], [113840.0, 34580.0], [113832.5, 2030.0], [113822.5, 590.0], [113820.0, 1970.0], [113802.5, 1800.0], [113800.0, 6010.0], [113782.5, 600.0], [113780.0, 1990.0]], "asks": [[113872.5, 66700.0], [113877.5, 7900.0], [113880.0, 43760.0], [113882.5, 34580.0], [113887.5, 530.0], [113890.0, 1760.0], [113892.5, 114950.0], [113897.5, 1500.0], [113900.0, 15960.0], [113902.5, 34580.0], [113905.0, 2480.0], [113907.5, 1760.0], [113917.5, 770.0], [113920.0, 2040.0], [113927.5, 7450.0], [113930.0, 25960.0], [113932.5, 4040.0], [113935.0, 4880.0], [113937.5, 16270.0], [113942.5, 600.0]]}}}
{"jsonrpc": "2.0", "method": "subscription", "params": {"channel": "book.BTC-19SEP25.none.20.100ms", "data": {"timestamp": 1757517880116, "change_id": 116945051408, "instrument_name": "BTC-19SEP25", "bids": [[114070.0, 6910.0], [114067.5, 5430.0], [114065.0, 8140.0], [114062.5, 4960.0], [114060.0, 25210.0], [114057.5, 34940.0], [114055.0, 63500.0], [114050.0, 35440.0], [114047.5, 1650.0], [114045.0, 23570.0], [114042.5, 34940.0], [114040.0, 59320.0], [114037.5, 100350.0], [114020.0, 660.0], [114015.0, 20.0], [113987.5, 640.0], [113980.0, 2100.0], [113977.5, 6340.0], [113975.0, 3000.0], [113962.5, 650.0]], "asks": [[114072.5, 16400.0], [114075.0, 49650.0], [114077.5, 44800.0], [114080.0, 34940.0], [114082.5, 2300.0], [114090.0, 1010.0], [114095.0, 9090.0], [114097.5, 34940.0], [114100.0, 17830.0], [114102.5, 35100.0], [114117.5, 5360.0], [114120.0, 15640.0], [114127.5, 600.0], [114130.0, 2000.0], [114145.0, 660.0], [114152.5, 1830.0], [114155.0, 6100.0], [114190.0, 650.0], [114197.5, 9020.0], [114200.0, 30000.0]]}}}
{"jsonrpc": "2.0", "method": "subscription", "params": {"channel": "book.BTC-12SEP25.none.20.100ms", "data": {"timestamp": 1757517880826, "change_id": 116945052014, "instrument_name": "BTC-12SEP25", "bids": [[113870.0, 19840.0], [113867.5, 12320.0], [113865.0, 22750.0], [113862.5, 15300.0], [113860.0, 35700.0], [113857.5, 1980.0], [113855.0, 1760.0], [113852.5, 12450.0], [113850.0, 76190.0], [113847.5, 148180.0], [113845.0, 43980.0], [113842.5, 10220.0], [113840.0, 34580.0], [113832.5, 2030.0], [113822.5, 590.0], [113820.0, 1970.0], [113802.5, 1800.0], [113800.0, 6010.0], [113782.5, 600.0], [113780.0, 1990.0]], "asks": [[113872.5, 10800.0], [113877.5, 55900.0], [113880.0, 43760.0], [113887.5, 530.0], [113890.0, 1760.0], [113892.5, 114950.0], [113897.5, 1500.0], [113900.0, 15960.0], [113902.5, 34580.0], [113905.0, 2480.0], [113907.5, 1760.0], [113917.5, 770.0], [113920.0, 2040.0], [113927.5, 7450.0], [113930.0, 25960.0], [113932.5, 4040.0], [113935.0, 4880.0], [113937.5, 16270.0], [113942.5, 600.0], [113945.0, 1980.0]]}}}
{"jsonrpc": "2.0", "method": "subscription", "params": {"channel": "book.BTC-12SEP25.none.20.100ms", "data": {"timestamp": 1757517881233, "change_id": 116945053022, "instrument_name": "BTC-12SEP25", "bids": [[113875.0, 13210.0], [113872.5, 6050.0], [113870.0, 19690.0], [113867.5, 9900.0], [113865.0, 22750.0], [113862.5, 15300.0], [113860.0, 35700.0], [113857.5, 1980.0], [113855.0, 1760.0], [113852.5, 12450.0], [113850.0, 76190.0], [113847.5, 148180.0], [113845.0, 43980.0], [113842.5, 10220.0], [113840.0, 34580.0], [113832.5, 2030.0], [113822.5, 590.0], [113820.0, 1970.0], [113802.5, 1800.0], [113800.0, 6010.0]], "asks": [[113877.5, 66700.0], [113880.0, 42000.0], [113882.5, 1760.0], [113887.5, 530.0], [113890.0, 1760.0], [113892.5, 114950.0], [113900.0, 10960.0], [113902.5, 34580.0], [113905.0, 2480.0], [113907.5, 36340.0], [113910.0, 1500.0], [113912.5, 5000.0], [113917.5, 770.0], [113920.0, 2040.0], [113927.5, 7450.0], [113930.0, 25960.0], [113932.5, 4040.0], [113935.0, 4880.0], [113937.5, 16270.0], [113942.5, 600.0]]}}}
{"jsonrpc": "2.0", "method": "subscription", "params": {"channel": "book.BTC-19SEP25.none.20.100ms", "data": {"timestamp": 1757517881232, "change_id": 116945053018, "instrument_name": "BTC-19SEP25", "bids": [[114070.0, 7510.0], [114067.5, 5430.0], [114065.0, 8140.0], [114062.5, 4960.0], [114060.0, 25210.0], [114057.5, 34940.0], [114055.0, 63500.0], [114050.0, 35440.0], [114047.5, 1650.0], [114045.0, 23570.0], [114042.5, 34940.0], [114040.0, 59320.0], [114037.5, 100350.0], [114020.0, 660.0], [114015.0, 20.0], [113987.5, 640.0], [113980.0, 2100.0], [113977.5, 6340.0], [113962.5, 650.0], [113960.0, 10.0]], "asks": [[114072.5, 16400.0], [114075.0, 49650.0], [114077.5, 44800.0], [114082.5, 650.0], [114090.0, 1010.0], [114095.0, 9090.0], [114097.5, 34940.0], [114100.0, 12830.0], [114102.5, 35100.0], [114112.5, 5000.0], [114117.5, 7010.0], [114120.0, 15640.0], [114127.5, 600.0], [114130.0, 2000.0], [114145.0, 660.0], [114152.5, 1830.0], [114155.0, 6100.0], [114190.0, 650.0], [114197.5, 9020.0], [114200.0, 30000.0]]}}}
{"jsonrpc": "2.0", "method": "subscription", "params": {"channel": "book.BTC-19SEP25.none.20.100ms", "data": {"timestamp": 1757517881475, "change_id": 116945053420, "instrument_name": "BTC-19SEP25", "bids": [[114070.0, 7510.0], [114067.5, 5430.0], [114065.0, 8140.0], [114062.5, 4960.0], [114060.0, 25210.0], [114057.5, 34940.0], [114055.0, 63500.0], [114050.0, 35440.0], [114047.5, 1650.0], [114045.0, 23570.0], [114042.5, 34940.0], [114040.0, 59320.0], [114037.5, 100350.0], [114020.0, 660.0], [114015.0, 20.0], [113987.5, 640.0], [113980.0, 2100.0], [113977.5, 6340.0], [113975.0, 3000.0], [113962.5, 650.0]], "asks": [[114072.5, 16400.0], [114075.0, 49650.0], [114077.5, 44800.0], [114082.5, 35590.0], [114090.0, 1010.0], [114095.0, 9090.0], [114097.5, 34940.0], [114100.0, 12830.0], [114102.5, 35100.0], [114105.0, 5000.0], [114117.5, 7010.0], [114120.0, 15640.0], [114127.5, 600.0], [114130.0, 2000.0], [114145.0, 660.0], [114152.5, 1830.0], [114155.0, 6100.0], [114190.0, 650.0], [114197.5, 9020.0], [114200.0, 30000.0]]}}}
{"jsonrpc": "2.0", "method": "subscription", "params": {"channel": "book.BTC-12SEP25.none.20.100ms", "data": {"timestamp": 1757517881475, "change_id": 116945053419, "instrument_name": "BTC-12SEP25", "bids": [[113875.0, 13210.0], [113872.5, 6050.0], [113870.0, 19690.0], [113867.5, 9900.0], [113865.0, 22750.0], [113862.5, 10800.0], [113860.0, 35700.0], [113857.5, 1980.0], [113855.0, 1760.0], [113852.5, 12450.0], [113850.0, 76190.0], [113847.5, 148180.0], [113845.0, 43980.0], [113842.5, 10220.0], [113840.0, 34580.0], [113832.5, 2030.0], [113822.5, 590.0], [113820.0, 1970.0], [113802.5, 1800.0], [113800.0, 6010.0]], "asks": [[113877.5, 66700.0], [113880.0, 42000.0], [113882.5, 1760.0], [113887.5, 530.0], [113890.0, 1760.0], [113892.5, 114950.0], [113900.0, 10960.0], [113902.5, 34580.0], [113905.0, 7480.0], [113907.5, 36340.0], [113917.5, 770.0], [113920.0, 2040.0], [113927.5, 7450.0], [113930.0, 25960.0], [113932.5, 4040.0], [113935.0, 4880.0], [113937.5, 16270.0], [113942.5, 600.0], [113945.0, 1980.0], [113955.0, 590.0]]}}}
{"jsonrpc": "2.0", "method": "subscription", "params": {"channel": "book.BTC-12SEP25.none.20.100ms", "data": {"timestamp": 1757517881909, "change_id": 116945054121, "instrument_name": "BTC-12SEP25", "bids": [[113875.0, 13210.0], [113872.5, 6050.0], [113870.0, 19690.0], [113867.5, 9900.0], [113865.0, 22750.0], [113862.5, 10800.0], [113860.0, 35700.0], [113857.5, 1980.0], [113855.0, 1760.0], [113852.5, 12450.0], [113850.0, 76190.0], [113847.5, 148180.0], [113845.0, 43980.0], [113842.5, 10220.0], [113840.0, 34580.0], [113832.5, 2030.0], [113822.5, 590.0], [113820.0, 1970.0], [113802.5, 1800.0], [113800.0, 6010.0]], "asks": [[113877.5, 66700.0], [113880.0, 42000.0], [113882.5, 1760.0], [113887.5, 530.0], [113890.0, 1760.0], [113892.5, 114950.0], [113900.0, 10960.0], [113902.5, 34580.0], [113905.0, 7480.0], [113907.5, 36340.0], [113917.5, 770.0], [113920.0, 2040.0], [113927.5, 7450.0], [113930.0, 25430.0], [113932.5, 4040.0], [113935.0, 4880.0], [113937.5, 16270.0], [113942.5, 600.0], [113945.0, 1980.0], [113955.0, 590.0]]}}}
{"jsonrpc": "2.0", "method": "subscription", "params": {"channel": "book.BTC-12SEP25.none.20.100ms", "data": {"timestamp": 1757517882234, "change_id": 116945055039, "instrument_name": "BTC-12SEP25", "bids": [[113875.0, 14790.0], [113872.5, 13950.0], [113870.0, 20180.0], [113867.5, 20700.0], [113865.0, 160.0], [113862.5, 10040.0], [113860.0, 47040.0], [113857.5, 1980.0], [113855.0, 43760.0], [113852.5, 10370.0], [113850.0, 76190.0], [113847.5, 148180.0], [113845.0, 1980.0], [113842.5, 10220.0], [113840.0, 34580.0], [113835.0, 610.0], [113832.5, 2030.0], [113822.5, 590.0], [113820.0, 1970.0], [113802.5, 6290.0]], "asks": [[113877.5, 48000.0], [113880.0, 42000.0], [113895.0, 6000.0], [113897.5, 70000.0], [113905.0, 11850.0], [113907.5, 36340.0], [113917.5, 610.0], [113920.0, 2040.0], [113925.0, 1760.0], [113930.0, 25430.0], [113932.5, 4200.0], [113942.5, 4800.0], [113945.0, 18250.0], [113957.5, 1980.0], [113960.0, 600.0], [113962.5, 2000.0], [113970.0, 590.0], [113972.5, 1960.0], [113982.5, 590.0], [113985.0, 1960.0]]}}}
{"jsonrpc": "2.0", "method": "subscription", "params": {"channel": "book.BTC-19SEP25.none.20.100ms", "data": {"timestamp": 1757517882212, "change_id": 116945055027, "instrument_name": "BTC-19SEP25", "bids": [[114072.5, 15960.0], [114070.0, 13810.0], [114067.5, 5600.0], [114065.0, 48380.0], [114062.5, 4960.0], [114060.0, 21280.0], [114057.5, 34940.0], [114055.0, 10700.0], [114050.0, 49270.0], [114047.5, 49650.0], [114042.5, 34940.0], [114040.0, 18730.0], [114037.5, 100350.0], [114020.0, 660.0], [114015.0, 20.0], [113987.5, 640.0], [113980.0, 2810.0], [113977.5, 6340.0], [113975.0, 3000.0], [113962.5, 650.0]], "asks": [[114075.0, 48000.0], [114077.5, 2800.0], [114087.5, 670.0], [114090.0, 42000.0], [114097.5, 35950.0], [114100.0, 2300.0], [114102.5, 34940.0], [114117.5, 2480.0], [114127.5, 15880.0], [114130.0, 2000.0], [114145.0, 660.0], [114152.5, 1830.0], [114155.0, 6100.0], [114190.0, 650.0], [114197.5, 20.0], [114200.0, 30000.0], [114202.5, 670.0], [114220.0, 44420.0], [114247.5, 5620.0], [114250.0, 18720.0]]}}}
{"jsonrpc": "2.0", "method": "subscription", "params": {"channel": "book.BTC-12SEP25.none.20.100ms", "data": {"timestamp": 1757517882476, "change_id": 116945056001, "instrument_name": "BTC-12SEP25", "bids": [[113875.0, 13210.0], [113872.5, 13950.0], [113870.0, 20180.0], [113867.5, 20700.0], [113865.0, 160.0], [113862.5, 10040.0], [113860.0, 47040.0], [113857.5, 1980.0], [113855.0, 43760.0], [113852.5, 10370.0], [113850.0, 76190.0], [113847.5, 148180.0], [113845.0, 1980.0], [113842.5, 10220.0], [113840.0, 34580.0], [113835.0, 610.0], [113832.5, 2030.0], [113822.5, 590.0], [113820.0, 1970.0], [113802.5, 6290.0]], "asks": [[113877.5, 58800.0], [113880.0, 42000.0], [113885.0, 1760.0], [113895.0, 15200.0], [113897.5, 104580.0], [113902.5, 590.0], [113905.0, 11850.0], [113907.5, 36340.0], [113912.5, 5000.0], [113917.5, 610.0], [113920.0, 2040.0], [113925.0, 1760.0], [113930.0, 25430.0], [113932.5, 4200.0], [113942.5, 4800.0], [113945.0, 18250.0], [113957.5, 1980.0], [113960.0, 600.0], [113962.5, 2000.0], [113970.0, 590.0]]}}}
{"jsonrpc": "2.0", "method": "subscription", "params": {"channel": "book.BTC-19SEP25.none.20.100ms", "data": {"timestamp": 1757517882327, "change_id": 116945056157, "instrument_name": "BTC-19SEP25", "bids": [[114072.5, 15960.0], [114070.0, 13140.0], [114067.5, 3500.0], [114065.0, 48380.0], [114062.5, 160.0], [114060.0, 21280.0], [114057.5, 34940.0], [114055.0, 10700.0], [114050.0, 49270.0], [114047.5, 49650.0], [114042.5, 34940.0], [114040.0, 18730.0], [114037.5, 100350.0], [114020.0, 660.0], [114015.0, 20.0], [113987.5, 640.0], [113982.5, 16040.0], [113980.0, 2810.0], [113977.5, 6340.0], [113975.0, 3000.0]], "asks": [[114075.0, 58800.0], [114077.5, 2800.0], [114080.0, 1650.0], [114085.0, 34940.0], [114087.5, 670.0], [114090.0, 42000.0], [114095.0, 5180.0], [114097.5, 35950.0], [114100.0, 7350.0], [114102.5, 34940.0], [114112.5, 5000.0], [114117.5, 2480.0], [114127.5, 15880.0], [114130.0, 2000.0], [114145.0, 660.0], [114152.5, 1830.0], [114155.0, 6100.0], [114190.0, 650.0], [114197.5, 20.0], [114200.0, 30000.0]]}}}
{"jsonrpc": "2.0", "method": "subscription", "params": {"channel": "book.BTC-19SEP25.none.20.100ms", "data": {"timestamp": 1757517882895, "change_id": 116945056992, "instrument_name": "BTC-19SEP25", "bids": [[114072.5, 15960.0], [114070.0, 13140.0], [114067.5, 3500.0], [114065.0, 48380.0], [114062.5, 160.0], [114060.0, 21280.0], [114057.5, 34940.0], [114055.0, 10700.0], [114050.0, 49270.0], [114047.5, 49650.0], [114042.5, 34940.0], [114040.0, 640.0], [114020.0, 660.0], [114015.0, 20.0], [113987.5, 640.0], [113982.5, 16040.0], [113980.0, 2810.0], [113977.5, 6340.0], [113975.0, 3000.0], [113962.5, 650.0]], "asks": [[114075.0, 58800.0], [114077.5, 4450.0], [114085.0, 34940.0], [114087.5, 670.0], [114090.0, 42000.0], [114095.0, 5180.0], [114097.5, 35950.0], [114100.0, 7350.0], [114102.5, 34940.0], [114105.0, 5000.0], [114117.5, 2480.0], [114127.5, 15880.0], [114130.0, 2000.0], [114145.0, 660.0], [114152.5, 1830.0], [114155.0, 6100.0], [114190.0, 650.0], [114197.5, 20.0], [114200.0, 30000.0], [114202.5, 670.0]]}}}
{"jsonrpc": "2.0", "method": "subscription", "params": {"channel": "book.BTC-12SEP25.none.20.100ms", "data": {"timestamp": 1757517882890, "change_id": 116945056938, "instrument_name": "BTC-12SEP25", "bids": [[113875.0, 13210.0], [113872.5, 13950.0], [113870.0, 20180.0], [113867.5, 20700.0], [113865.0, 160.0], [113862.5, 10040.0], [113860.0, 47040.0], [113857.5, 1980.0], [113855.0, 43760.0], [113852.5, 10370.0], [113850.0, 34580.0], [113847.5, 48000.0], [113845.0, 1980.0], [113842.5, 10220.0], [113840.0, 34580.0], [113835.0, 610.0], [113832.5, 2030.0], [113822.5, 590.0], [113820.0, 1970.0], [113802.5, 6290.0]], "asks": [[113877.5, 58800.0], [113880.0, 42000.0], [113882.5, 1760.0], [113895.0, 15200.0], [113897.5, 104580.0], [113902.5, 2010.0], [113905.0, 16850.0], [113907.5, 36340.0], [113917.5, 610.0], [113920.0, 2040.0], [113925.0, 1760.0], [113930.0, 25430.0], [113932.5, 4200.0], [113942.5, 4800.0], [113945.0, 18250.0], [113957.5, 1980.0], [113960.0, 600.0], [113962.5, 2000.0], [113970.0, 590.0], [113972.5, 1960.0]]}}}
{"jsonrpc": "2.0", "method": "subscription", "params": {"channel": "book.BTC-12SEP25.none.20.100ms", "data": {"timestamp": 1757517883225, "change_id": 116945057347, "instrument_name": "BTC-12SEP25", "bids": [[113875.0, 13950.0], [113872.5, 13950.0], [113870.0, 20180.0], [113867.5, 20700.0], [113865.0, 160.0], [113862.5, 10040.0], [113860.0, 76800.0], [113857.5, 102170.0], [113855.0, 43760.0], [113852.5, 10370.0], [113850.0, 34580.0], [113847.5, 48000.0], [113845.0, 1980.0], [113842.5, 10220.0], [113840.0, 34580.0], [113835.0, 610.0], [113832.5, 2030.0], [113822.5, 590.0], [113820.0, 1970.0], [113802.5, 6290.0]], "asks": [[113877.5, 58800.0], [113880.0, 42000.0], [113895.0, 15200.0], [113897.5, 104580.0], [113902.5, 590.0], [113905.0, 11850.0], [113907.5, 36340.0], [113917.5, 610.0], [113920.0, 2040.0], [113922.5, 5000.0], [113925.0, 1760.0], [113927.5, 7450.0], [113930.0, 25430.0], [113932.5, 4040.0], [113942.5, 4800.0], [113945.0, 18250.0], [113950.0, 160.0], [113957.5, 1980.0], [113960.0, 600.0], [113962.5, 2000.0]]}}}
{"jsonrpc": "2.0", "method": "subscription", "params": {"channel": "book.BTC-19SEP25.none.20.100ms", "data": {"timestamp": 1757517883226, "change_id": 116945057350, "instrument_name": "BTC-19SEP25", "bids": [[114072.5, 15960.0], [114070.0, 13140.0], [114067.5, 3500.0], [114065.0, 48380.0], [114062.5, 160.0], [114060.0, 21280.0], [114057.5, 34940.0], [114055.0, 10700.0], [114050.0, 49270.0], [114047.5, 150010.0], [114042.5, 34940.0], [114040.0, 640.0], [114020.0, 660.0], [114015.0, 20.0], [113987.5, 640.0], [113982.5, 16040.0], [113980.0, 2810.0], [113977.5, 6340.0], [113975.0, 3000.0], [113962.5, 650.0]], "asks": [[114075.0, 58800.0], [114077.5, 2800.0], [114085.0, 34940.0], [114087.5, 670.0], [114090.0, 42000.0], [114095.0, 5180.0], [114097.5, 35950.0], [114100.0, 7350.0], [114102.5, 34940.0], [114117.5, 2320.0], [114125.0, 5000.0], [114127.5, 15880.0], [114130.0, 2000.0], [114135.0, 160.0], [114145.0, 660.0], [114152.5, 1830.0], [114155.0, 6100.0], [114190.0, 650.0], [114197.5, 20.0], [114200.0, 30000.0]]}}}
{"jsonrpc": "2.0", "method": "subscription", "params": {"channel": "book.BTC-12SEP25.none.20.100ms", "data": {"timestamp": 1757517883372, "change_id": 116945059232, "instrument_name": "BTC-12SEP25", "bids": [[113897.5, 9940.0], [113895.0, 7900.0], [113892.5, 7900.0], [113890.0, 160.0], [113885.0, 14940.0], [113882.5, 34580.0], [113880.0, 12800.0], [113872.5, 38380.0], [113870.0, 43400.0], [113867.5, 34580.0], [113865.0, 48000.0], [113857.5, 102170.0], [113845.0, 1980.0], [113832.5, 2030.0], [113820.0, 1970.0], [113807.5, 2040.0], [113800.0, 15710.0], [113795.0, 2040.0], [113792.5, 6010.0], [113767.5, 1960.0]], "asks": [[113900.0, 48000.0], [113905.0, 20000.0], [113907.5, 50000.0], [113915.0, 34780.0], [113920.0, 2240.0], [113922.5, 39580.0], [113930.0, 20.0], [113932.5, 38620.0], [113942.5, 1760.0], [113945.0, 1980.0], [113950.0, 160.0], [113957.5, 1980.0], [113962.5, 2000.0], [113967.5, 15670.0], [113970.0, 24800.0], [113972.5, 1960.0], [113985.0, 1960.0], [113992.5, 2000.0], [113995.0, 30000.0], [114000.0, 50000.0]]}}}
{"jsonrpc": "2.0", "method": "subscription", "params": {"channel": "book.BTC-19SEP25.none.20.100ms", "data": {"timestamp": 1757517883562, "change_id": 116945059500, "instrument_name": "BTC-19SEP25", "bids": [[114075.0, 62530.0], [114072.5, 10600.0], [114067.5, 16580.0], [114065.0, 50990.0], [114062.5, 48000.0], [114057.5, 34940.0], [114055.0, 650.0], [114050.0, 14330.0], [114047.5, 100360.0], [114042.5, 34940.0], [114040.0, 640.0], [114020.0, 660.0], [114015.0, 20.0], [113987.5, 640.0], [113982.5, 16040.0], [113980.0, 10.0], [113975.0, 3000.0], [113962.5, 650.0], [113960.0, 10.0], [113950.0, 660.0]], "asks": [[114077.5, 2800.0], [114100.0, 48000.0], [114102.5, 670.0], [114105.0, 42000.0], [114115.0, 1010.0], [114117.5, 670.0], [114135.0, 1810.0], [114145.0, 660.0], [114150.0, 16180.0], [114155.0, 2000.0], [114190.0, 650.0], [114197.5, 20.0], [114200.0, 30000.0], [114202.5, 670.0], [114207.5, 6100.0], [114220.0, 44420.0], [114227.5, 670.0], [114250.0, 18720.0], [114252.5, 660.0], [114272.5, 31500.0]]}}}
{"jsonrpc": "2.0", "method": "subscription", "params": {"channel": "book.BTC-12SEP25.none.20.100ms", "data": {"timestamp": 1757517883881, "change_id": 116945060667, "instrument_name": "BTC-12SEP25", "bids": [[113897.5, 13340.0], [113895.0, 15850.0], [113892.5, 7900.0], [113890.0, 1920.0], [113887.5, 7720.0], [113885.0, 36710.0], [113882.5, 34580.0], [113880.0, 2000.0], [113875.0, 24530.0], [113872.5, 38380.0], [113870.0, 68170.0], [113867.5, 34580.0], [113865.0, 48000.0], [113860.0, 590.0], [113857.5, 1980.0], [113847.5, 590.0], [113845.0, 1980.0], [113835.0, 610.0], [113832.5, 2030.0], [113822.5, 590.0]], "asks": [[113900.0, 100800.0], [113910.0, 70000.0], [113912.5, 10430.0], [113915.0, 34780.0], [113920.0, 14640.0], [113922.5, 39580.0], [113925.0, 1760.0], [113930.0, 11010.0], [113932.5, 36620.0], [113940.0, 1120.0], [113942.5, 1760.0], [113945.0, 2630.0], [113947.5, 2000.0], [113950.0, 160.0], [113955.0, 590.0], [113957.5, 1980.0], [113965.0, 12140.0], [113967.5, 15670.0], [113970.0, 25390.0], [113972.5, 1960.0]]}}}
{"jsonrpc": "2.0", "method": "subscription", "params": {"channel": "book.BTC-19SEP25.none.20.100ms", "data": {"timestamp": 1757517883884, "change_id": 116945060669, "instrument_name": "BTC-19SEP25", "bids": [[114075.0, 62530.0], [114072.5, 15600.0], [114067.5, 16580.0], [114065.0, 50990.0], [114062.5, 48000.0], [114060.0, 10680.0], [114057.5, 34940.0], [114055.0, 650.0], [114042.5, 34940.0], [114040.0, 640.0], [114020.0, 660.0], [114015.0, 20.0], [113987.5, 640.0], [113982.5, 16040.0], [113980.0, 10.0], [113975.0, 10010.0], [113962.5, 650.0], [113960.0, 10.0], [113950.0, 660.0], [113945.0, 3000.0]], "asks": [[114077.5, 2800.0], [114090.0, 10800.0], [114100.0, 48000.0], [114102.5, 670.0], [114105.0, 42000.0], [114110.0, 1010.0], [114117.5, 2320.0], [114125.0, 1500.0], [114127.5, 5000.0], [114135.0, 1810.0], [114145.0, 660.0], [114150.0, 16180.0], [114155.0, 2000.0], [114190.0, 650.0], [114197.5, 20.0], [114200.0, 30000.0], [114202.5, 670.0], [114207.5, 6100.0], [114220.0, 44420.0], [114227.5, 670.0]]}}}
{"jsonrpc": "2.0", "method": "subscription", "params": {"channel": "book.BTC-19SEP25.none.20.100ms", "data": {"timestamp": 1757517884199, "change_id": 116945062103, "instrument_name": "BTC-19SEP25", "bids": [[114075.0, 62530.0], [114072.5, 10000.0], [114067.5, 25860.0], [114065.0, 86500.0], [114062.5, 48000.0], [114060.0, 10680.0], [114057.5, 34940.0], [114055.0, 650.0], [114042.5, 34940.0], [114040.0, 640.0], [114020.0, 660.0], [114015.0, 20.0], [113987.5, 640.0], [113982.5, 16040.0], [113980.0, 10.0], [113975.0, 10010.0], [113962.5, 650.0], [113960.0, 10.0], [113950.0, 660.0], [113945.0, 3000.0]], "asks": [[114077.5, 2800.0], [114100.0, 48000.0], [114102.5, 670.0], [114105.0, 42000.0], [114110.0, 1010.0], [114117.5, 2320.0], [114135.0, 1810.0], [114137.5, 5000.0], [114145.0, 660.0], [114152.5, 16220.0], [114155.0, 2000.0], [114190.0, 650.0], [114197.5, 20.0], [114200.0, 30000.0], [114202.5, 670.0], [114207.5, 6100.0], [114220.0, 44420.0], [114227.5, 670.0], [114250.0, 18720.0], [114252.5, 660.0]]}}}
{"jsonrpc": "2.0", "method": "subscription", "params": {"channel": "book.BTC-12SEP25.none.20.100ms", "data": {"timestamp": 1757517884174, "change_id": 116945062175, "instrument_name": "BTC-12SEP25", "bids": [[113897.5, 13340.0], [113895.0, 15850.0], [113892.5, 7900.0], [113890.0, 1920.0], [113887.5, 7720.0], [113885.0, 36710.0], [113882.5, 34580.0], [113880.0, 2000.0], [113877.5, 10640.0], [113875.0, 71320.0], [113872.5, 86380.0], [113870.0, 53770.0], [113867.5, 34580.0], [113860.0, 590.0], [113857.5, 1980.0], [113847.5, 590.0], [113845.0, 1980.0], [113835.0, 610.0], [113832.5, 2030.0], [113822.5, 590.0]], "asks": [[113900.0, 90000.0], [113912.5, 10430.0], [113915.0, 104780.0], [113917.5, 670.0], [113920.0, 14640.0], [113922.5, 34580.0], [113925.0, 1760.0], [113930.0, 11010.0], [113932.5, 36620.0], [113937.5, 5000.0], [113940.0, 1120.0], [113942.5, 1760.0], [113945.0, 2630.0], [113947.5, 2000.0], [113950.0, 160.0], [113955.0, 590.0], [113957.5, 1980.0], [113967.5, 12340.0], [113970.0, 41730.0], [113972.5, 1960.0]]}}}
{"jsonrpc": "2.0", "method": "subscription", "params": {"channel": "book.BTC-12SEP25.none.20.100ms", "data": {"timestamp": 1757517884492, "change_id": 116945062673, "instrument_name": "BTC-12SEP25", "bids": [[113897.5, 13340.0], [113895.0, 15850.0], [113892.5, 7900.0], [113890.0, 1920.0], [113887.5, 7720.0], [113885.0, 36710.0], [113882.5, 34580.0], [113880.0, 2000.0], [113877.5, 10640.0], [113875.0, 71320.0], [113872.5, 86380.0], [113870.0, 53770.0], [113867.5, 34580.0], [113860.0, 590.0], [113857.5, 1980.0], [113847.5, 590.0], [113845.0, 1980.0], [113835.0, 610.0], [113832.5, 2030.0], [113822.5, 590.0]], "asks": [[113900.0, 100800.0], [113912.5, 10430.0], [113915.0, 34780.0], [113917.5, 70670.0], [113920.0, 14640.0], [113922.5, 39580.0], [113925.0, 1760.0], [113930.0, 11010.0], [113932.5, 36620.0], [113940.0, 1120.0], [113942.5, 1760.0], [113945.0, 2630.0], [113947.5, 2000.0], [113950.0, 160.0], [113955.0, 590.0], [113957.5, 1980.0], [113967.5, 12340.0], [113970.0, 41730.0], [113972.5, 1960.0], [113975.0, 600.0]]}}}
{"jsonrpc": "2.0", "method": "subscription", "params": {"channel": "book.BTC-19SEP25.none.20.100ms", "data": {"timestamp": 1757517884379, "change_id": 116945062636, "instrument_name": "BTC-19SEP25", "bids": [[114075.0, 62530.0], [114072.5, 10000.0], [114067.5, 25860.0], [114065.0, 86500.0], [114062.5, 48000.0], [114060.0, 10680.0], [114057.5, 34940.0], [114055.0, 650.0], [114042.5, 34940.0], [114020.0, 660.0], [114015.0, 20.0], [113987.5, 640.0], [113982.5, 16040.0], [113980.0, 10.0], [113975.0, 10010.0], [113962.5, 650.0], [113960.0, 10.0], [113950.0, 660.0], [113945.0, 3000.0], [113937.5, 9650.0]], "asks": [[114077.5, 2800.0], [114092.5, 10800.0], [114100.0, 48000.0], [114102.5, 670.0], [114105.0, 43010.0], [114107.5, 34940.0], [114115.0, 700.0], [114117.5, 2320.0], [114130.0, 5000.0], [114135.0, 1810.0], [114145.0, 660.0], [114152.5, 16220.0], [114155.0, 2000.0], [114190.0, 650.0], [114197.5, 20.0], [114200.0, 30000.0], [114202.5, 670.0], [114207.5, 6100.0], [114220.0, 44420.0], [114227.5, 670.0]]}}}
{"jsonrpc": "2.0", "method": "subscription", "params": {"channel": "book.BTC-12SEP25.none.20.100ms", "data": {"timestamp": 1757517884637, "change_id": 116945063072, "instrument_name": "BTC-12SEP25", "bids": [[113897.5, 13340.0], [113895.0, 15850.0], [113892.5, 7900.0], [113890.0, 1920.0], [113887.5, 7720.0], [113885.0, 36710.0], [113882.5, 34580.0], [113880.0, 2000.0], [113877.5, 10640.0], [113875.0, 71320.0], [113872.5, 86380.0], [113870.0, 53770.0], [113867.5, 34580.0], [113860.0, 590.0], [113857.5, 1980.0], [113847.5, 590.0], [113845.0, 1980.0], [113835.0, 610.0], [113832.5, 2030.0], [113822.5, 590.0]], "asks": [[113900.0, 100800.0], [113902.5, 1760.0], [113912.5, 10430.0], [113915.0, 34780.0], [113917.5, 70670.0], [113920.0, 14640.0], [113922.5, 39580.0], [113925.0, 1760.0], [113930.0, 11010.0], [113932.5, 36620.0], [113940.0, 1120.0], [113942.5, 1760.0], [113945.0, 2630.0], [113947.5, 2000.0], [113950.0, 160.0], [113955.0, 590.0], [113957.5, 1980.0], [113967.5, 12340.0], [113970.0, 41730.0], [113972.5, 1960.0]]}}}
{"jsonrpc": "2.0", "method": "subscription", "params": {"channel": "book.BTC-19SEP25.none.20.100ms", "data": {"timestamp": 1757517884635, "change_id": 116945063065, "instrument_name": "BTC-19SEP25", "bids": [[114075.0, 62530.0], [114072.5, 10000.0], [114067.5, 25860.0], [114065.0, 86500.0], [114062.5, 48000.0], [114060.0, 10680.0], [114057.5, 34940.0], [114055.0, 650.0], [114042.5, 34940.0], [114020.0, 660.0], [114015.0, 20.0], [113987.5, 640.0], [113982.5, 16040.0], [113980.0, 10.0], [113975.0, 10010.0], [113962.5, 650.0], [113960.0, 10.0], [113950.0, 660.0], [113945.0, 3000.0], [113937.5, 9650.0]], "asks": [[114077.5, 2800.0], [114092.5, 10800.0], [114097.5, 1650.0], [114100.0, 48000.0], [114102.5, 670.0], [114105.0, 43010.0], [114107.5, 34940.0], [114115.0, 700.0], [114117.5, 2320.0], [114120.0, 1500.0], [114122.5, 5000.0], [114135.0, 1810.0], [114145.0, 660.0], [114152.5, 16220.0], [114155.0, 2000.0], [114190.0, 650.0], [114197.5, 20.0], [114200.0, 30000.0], [114202.5, 670.0], [114207.5, 6100.0]]}}}
{"jsonrpc": "2.0", "method": "subscription", "params": {"channel": "book.BTC-12SEP25.none.20.100ms", "data": {"timestamp": 1757517885025, "change_id": 116945063811, "instrument_name": "BTC-12SEP25", "bids": [[113897.5, 13340.0], [113895.0, 7950.0], [113892.5, 7900.0], [113890.0, 1920.0], [113887.5, 7720.0], [113885.0, 36710.0], [113882.5, 34580.0], [113880.0, 2000.0], [113877.5, 10640.0], [113875.0, 71320.0], [113872.5, 86380.0], [113870.0, 53770.0], [113867.5, 34580.0], [113860.0, 590.0], [113857.5, 1980.0], [113847.5, 590.0], [113845.0, 1980.0], [113835.0, 610.0], [113832.5, 2030.0], [113822.5, 590.0]], "asks": [[113900.0, 102560.0], [113912.5, 10430.0], [113915.0, 34780.0], [113917.5, 70670.0], [113920.0, 14640.0], [113922.5, 39580.0], [113925.0, 1760.0], [113930.0, 11010.0], [113932.5, 36620.0], [113940.0, 1120.0], [113942.5, 1760.0], [113945.0, 2630.0], [113947.5, 2000.0], [113950.0, 160.0], [113955.0, 590.0], [113957.5, 1980.0], [113967.5, 12340.0], [113970.0, 41730.0], [113972.5, 1960.0], [113975.0, 600.0]]}}}
{"jsonrpc": "2.0", "method": "subscription", "params": {"channel": "book.BTC-19SEP25.none.20.100ms", "data": {"timestamp": 1757517885058, "change_id": 116945063845, "instrument_name": "BTC-19SEP25", "bids": [[114075.0, 62530.0], [114072.5, 10000.0], [114067.5, 25860.0], [114065.0, 86500.0], [114062.5, 48000.0], [114060.0, 10680.0], [114057.5, 34940.0], [114055.0, 650.0], [114042.5, 34940.0], [114020.0, 660.0], [114015.0, 20.0], [113987.5, 640.0], [113982.5, 16040.0], [113980.0, 10.0], [113975.0, 10010.0], [113962.5, 650.0], [113960.0, 10.0], [113950.0, 660.0], [113945.0, 3000.0], [113937.5, 9650.0]], "asks": [[114077.5, 2800.0], [114090.0, 5600.0], [114092.5, 10800.0], [114097.5, 7250.0], [114100.0, 48000.0], [114102.5, 670.0], [114105.0, 43010.0], [114107.5, 34940.0], [114115.0, 700.0], [114117.5, 2320.0], [114120.0, 1500.0], [114122.5, 5000.0], [114135.0, 1810.0], [114145.0, 660.0], [114152.5, 16220.0], [114155.0, 2000.0], [114190.0, 650.0], [114197.5, 20.0], [114200.0, 30000.0], [114202.5, 670.0]]}}}
{"jsonrpc": "2.0", "method": "subscription", "params": {"channel": "book.BTC-12SEP25.none.20.100ms", "data": {"timestamp": 1757517885471, "change_id": 116945064454, "instrument_name": "BTC-12SEP25", "bids": [[113897.5, 13340.0], [113895.0, 7950.0], [113892.5, 7900.0], [113890.0, 1920.0], [113887.5, 7720.0], [113885.0, 36710.0], [113882.5, 34580.0], [113880.0, 2000.0], [113877.5, 30060.0], [113875.0, 136080.0], [113872.5, 86380.0], [113870.0, 53770.0], [113867.5, 34580.0], [113860.0, 590.0], [113857.5, 1980.0], [113847.5, 590.0], [113845.0, 1980.0], [113835.0, 610.0], [113832.5, 2030.0], [113822.5, 590.0]], "asks": [[113900.0, 102560.0], [113912.5, 10430.0], [113915.0, 34780.0], [113917.5, 70670.0], [113920.0, 14640.0], [113922.5, 39580.0], [113925.0, 1760.0], [113930.0, 11010.0], [113932.5, 36620.0], [113940.0, 1120.0], [113942.5, 1760.0], [113945.0, 2630.0], [113947.5, 2000.0], [113950.0, 160.0], [113955.0, 590.0], [113957.5, 1980.0], [113967.5, 12340.0], [113970.0, 41730.0], [113972.5, 1960.0], [113975.0, 600.0]]}}}
{"jsonrpc": "2.0", "method": "subscription", "params": {"channel": "book.BTC-19SEP25.none.20.100ms", "data": {"timestamp": 1757517885502, "change_id": 116945064463, "instrument_name": "BTC-19SEP25", "bids": [[114075.0, 62530.0], [114072.5, 10000.0], [114067.5, 25860.0], [114065.0, 86500.0], [114062.5, 48000.0], [114060.0, 10680.0], [114057.5, 34940.0], [114055.0, 650.0], [114045.0, 10480.0], [114042.5, 34940.0], [114020.0, 660.0], [114015.0, 20.0], [113987.5, 640.0], [113985.0, 4820.0], [113982.5, 16040.0], [113980.0, 10.0], [113975.0, 10010.0], [113962.5, 650.0], [113960.0, 10.0], [113950.0, 660.0]], "asks": [[114077.5, 2800.0], [114090.0, 5600.0], [114092.5, 10800.0], [114095.0, 4500.0], [114097.5, 7250.0], [114100.0, 48000.0], [114102.5, 670.0], [114105.0, 43010.0], [114107.5, 34940.0], [114115.0, 700.0], [114117.5, 2320.0], [114120.0, 1500.0], [114122.5, 5000.0], [114132.5, 540.0], [114135.0, 1810.0], [114145.0, 660.0], [114152.5, 16220.0], [114155.0, 2000.0], [114190.0, 650.0], [114197.5, 9020.0]]}}}
{"jsonrpc": "2.0", "method": "subscription", "params": {"channel": "book.BTC-19SEP25.none.20.100ms", "data": {"timestamp": 1757517885768, "change_id": 116945065183, "instrument_name": "BTC-19SEP25", "bids": [[114075.0, 62530.0], [114072.5, 10000.0], [114067.5, 16580.0], [114065.0, 50990.0], [114062.5, 48000.0], [114060.0, 10680.0], [114057.5, 34940.0], [114055.0, 650.0], [114045.0, 10480.0], [114042.5, 34940.0], [114020.0, 660.0], [114015.0, 20.0], [113987.5, 640.0], [113985.0, 4820.0], [113982.5, 16040.0], [113980.0, 10.0], [113975.0, 10010.0], [113962.5, 650.0], [113960.0, 10.0], [113950.0, 660.0]], "asks": [[114077.5, 2800.0], [114090.0, 5600.0], [114092.5, 10800.0], [114095.0, 4500.0], [114097.5, 7250.0], [114100.0, 48000.0], [114102.5, 670.0], [114105.0, 43010.0], [114107.5, 34940.0], [114115.0, 700.0], [114117.5, 2320.0], [114120.0, 1500.0], [114122.5, 5000.0], [114132.5, 540.0], [114135.0, 1810.0], [114145.0, 660.0], [114152.5, 16220.0], [114155.0, 2000.0], [114190.0, 650.0], [114197.5, 9020.0]]}}}
{"jsonrpc": "2.0", "method": "subscription", "params": {"channel": "book.BTC-12SEP25.none.20.100ms", "data": {"timestamp": 1757517885770, "change_id": 116945065186, "instrument_name": "BTC-12SEP25", "bids": [[113897.5, 13340.0], [113895.0, 7950.0], [113892.5, 7900.0], [113890.0, 1920.0], [113887.5, 7720.0], [113885.0, 36710.0], [113882.5, 34580.0], [113880.0, 2000.0], [113877.5, 72060.0], [113875.0, 124740.0], [113872.5, 86380.0], [113870.0, 11770.0], [113867.5, 34580.0], [113860.0, 590.0], [113857.5, 1980.0], [113847.5, 590.0], [113845.0, 1980.0], [113835.0, 610.0], [113832.5, 2030.0], [113822.5, 590.0]], "asks": [[113900.0, 102560.0], [113912.5, 10430.0], [113915.0, 34780.0], [113917.5, 70670.0], [113920.0, 14640.0], [113922.5, 39580.0], [113925.0, 1760.0], [113930.0, 11010.0], [113932.5, 36620.0], [113940.0, 1120.0], [113942.5, 1760.0], [113945.0, 2630.0], [113947.5, 2000.0], [113950.0, 160.0], [113955.0, 590.0], [113957.5, 1980.0], [113967.5, 12340.0], [113970.0, 41730.0], [113972.5, 1960.0], [113975.0, 600.0]]}}}
{"jsonrpc": "2.0", "method": "subscription", "params": {"channel": "book.BTC-12SEP25.none.20.100ms", "data": {"timestamp": 1757517886172, "change_id": 116945065870, "instrument_name": "BTC-12SEP25", "bids": [[113897.5, 14170.0], [113895.0, 9950.0], [113892.5, 7900.0], [113890.0, 9820.0], [113887.5, 14920.0], [113885.0, 36710.0], [113882.5, 34580.0], [113880.0, 2000.0], [113877.5, 72060.0], [113875.0, 124740.0], [113872.5, 86380.0], [113870.0, 11770.0], [113867.5, 34580.0], [113860.0, 590.0], [113857.5, 1980.0], [113847.5, 590.0], [113845.0, 1980.0], [113835.0, 610.0], [113832.5, 2030.0], [113822.5, 590.0]], "asks": [[113900.0, 58800.0], [113907.5, 1760.0], [113912.5, 42000.0], [113915.0, 8880.0], [113917.5, 70000.0], [113920.0, 14640.0], [113922.5, 39580.0], [113925.0, 1760.0], [113930.0, 11010.0], [113932.5, 36620.0], [113940.0, 1120.0], [113942.5, 1760.0], [113945.0, 2630.0], [113947.5, 2000.0], [113950.0, 160.0], [113955.0, 590.0], [113957.5, 1980.0], [113967.5, 7440.0], [113970.0, 25390.0], [113972.5, 1960.0]]}}}
{"jsonrpc": "2.0", "method": "subscription", "params": {"channel": "book.BTC-19SEP25.none.20.100ms", "data": {"timestamp": 1757517886188, "change_id": 116945065878, "instrument_name": "BTC-19SEP25", "bids": [[114075.0, 62530.0], [114072.5, 10000.0], [114067.5, 16580.0], [114065.0, 50990.0], [114062.5, 48000.0], [114060.0, 10680.0], [114057.5, 34940.0], [114055.0, 650.0], [114045.0, 10480.0], [114042.5, 34940.0], [114020.0, 660.0], [114015.0, 20.0], [113987.5, 640.0], [113985.0, 4820.0], [113982.5, 16040.0], [113980.0, 10.0], [113975.0, 10010.0], [113962.5, 650.0], [113960.0, 10.0], [113950.0, 660.0]], "asks": [[114077.5, 2800.0], [114092.5, 10800.0], [114097.5, 5600.0], [114100.0, 48000.0], [114102.5, 2320.0], [114105.0, 42000.0], [114110.0, 1010.0], [114115.0, 1010.0], [114117.5, 2320.0], [114120.0, 1500.0], [114122.5, 5000.0], [114130.0, 670.0], [114132.5, 540.0], [114135.0, 1810.0], [114145.0, 660.0], [114155.0, 2000.0], [114190.0, 650.0], [114197.5, 9020.0], [114200.0, 30000.0], [114202.5, 670.0]]}}}
{"jsonrpc": "2.0", "method": "subscription", "params": {"channel": "book.BTC-19SEP25.none.20.100ms", "data": {"timestamp": 1757517886536, "change_id": 116945066396, "instrument_name": "BTC-19SEP25", "bids": [[114075.0, 62530.0], [114072.5, 10000.0], [114067.5, 45320.0], [114065.0, 151360.0], [114062.5, 48000.0], [114060.0, 10680.0], [114057.5, 34940.0], [114055.0, 650.0], [114045.0, 10480.0], [114042.5, 34940.0], [114020.0, 660.0], [114015.0, 20.0], [113987.5, 640.0], [113985.0, 4820.0], [113982.5, 16040.0], [113980.0, 10.0], [113977.5, 3000.0], [113975.0, 10010.0], [113962.5, 650.0], [113960.0, 10.0]], "asks": [[114077.5, 2800.0], [114092.5, 10800.0], [114097.5, 5600.0], [114100.0, 48000.0], [114102.5, 1650.0], [114105.0, 42000.0], [114110.0, 1010.0], [114117.5, 2320.0], [114120.0, 1500.0], [114122.5, 5000.0], [114130.0, 670.0], [114132.5, 540.0], [114135.0, 1810.0], [114142.5, 5050.0], [114145.0, 16820.0], [114155.0, 2000.0], [114190.0, 650.0], [114197.5, 9020.0], [114200.0, 30000.0], [114202.5, 670.0]]}}}
{"jsonrpc": "2.0", "method": "subscription", "params": {"channel": "book.BTC-12SEP25.none.20.100ms", "data": {"timestamp": 1757517886471, "change_id": 116945066322, "instrument_name": "BTC-12SEP25", "bids": [[113897.5, 14170.0], [113895.0, 9950.0], [113892.5, 7900.0], [113890.0, 9820.0], [113887.5, 14920.0], [113885.0, 36710.0], [113882.5, 34580.0], [113880.0, 2000.0], [113877.5, 72060.0], [113875.0, 124740.0], [113872.5, 86380.0], [113870.0, 11770.0], [113867.5, 34580.0], [113860.0, 590.0], [113857.5, 1980.0], [113847.5, 590.0], [113845.0, 1980.0], [113835.0, 610.0], [113832.5, 2030.0], [113822.5, 590.0]], "asks": [[113900.0, 58800.0], [113905.0, 1760.0], [113912.5, 42000.0], [113915.0, 8880.0], [113917.5, 70000.0], [113920.0, 14640.0], [113922.5, 39580.0], [113925.0, 1760.0], [113930.0, 11010.0], [113932.5, 36620.0], [113940.0, 1120.0], [113942.5, 1760.0], [113945.0, 2630.0], [113947.5, 2000.0], [113950.0, 160.0], [113955.0, 590.0], [113957.5, 1980.0], [113962.5, 16480.0], [113967.5, 7440.0], [113970.0, 25390.0]]}}}
{"jsonrpc": "2.0", "method": "subscription", "params": {"channel": "book.BTC-12SEP25.none.20.100ms", "data": {"timestamp": 1757517886831, "change_id": 116945066980, "instrument_name": "BTC-12SEP25", "bids": [[113897.5, 14170.0], [113895.0, 9950.0], [113892.5, 7900.0], [113890.0, 9820.0], [113887.5, 14920.0], [113885.0, 36710.0], [113882.5, 34580.0], [113880.0, 2000.0], [113877.5, 72060.0], [113875.0, 124740.0], [113872.5, 86380.0], [113870.0, 11770.0], [113867.5, 34580.0], [113860.0, 590.0], [113857.5, 1980.0], [113847.5, 590.0], [113845.0, 1980.0], [113835.0, 610.0], [113832.5, 2030.0], [113822.5, 590.0]], "asks": [[113900.0, 58800.0], [113905.0, 1760.0], [113912.5, 42000.0], [113915.0, 8880.0], [113917.5, 70000.0], [113920.0, 14640.0], [113922.5, 39580.0], [113925.0, 1760.0], [113930.0, 11010.0], [113932.5, 36620.0], [113940.0, 1120.0], [113942.5, 1760.0], [113945.0, 2630.0], [113947.5, 2000.0], [113950.0, 160.0], [113955.0, 590.0], [113957.5, 1980.0], [113962.5, 16480.0], [113967.5, 7440.0], [113970.0, 25390.0]]}}}
{"jsonrpc": "2.0", "method": "subscription", "params": {"channel": "book.BTC-19SEP25.none.20.100ms", "data": {"timestamp": 1757517886720, "change_id": 116945066940, "instrument_name": "BTC-19SEP25", "bids": [[114075.0, 62530.0], [114072.5, 10000.0], [114067.5, 45320.0], [114065.0, 151360.0], [114062.5, 48000.0], [114060.0, 10680.0], [114057.5, 34940.0], [114055.0, 650.0], [114045.0, 10480.0], [114042.5, 34940.0], [114020.0, 660.0], [114015.0, 20.0], [113987.5, 640.0], [113985.0, 4820.0], [113982.5, 16040.0], [113980.0, 10.0], [113977.5, 3000.0], [113975.0, 10010.0], [113962.5, 650.0], [113960.0, 10.0]], "asks": [[114077.5, 2800.0], [114092.5, 10800.0], [114097.5, 5600.0], [114100.0, 48000.0], [114102.5, 1650.0], [114105.0, 42000.0], [114110.0, 1010.0], [114117.5, 2320.0], [114120.0, 1500.0], [114122.5, 5000.0], [114130.0, 670.0], [114132.5, 540.0], [114135.0, 1810.0], [114142.5, 5050.0], [114145.0, 16820.0], [114155.0, 2000.0], [114190.0, 650.0], [114197.5, 9020.0], [114200.0, 30000.0], [114202.5, 670.0]]}}}
{"jsonrpc": "2.0", "method": "subscription", "params": {"channel": "book.BTC-12SEP25.none.20.100ms", "data": {"timestamp": 1757517887117, "change_id": 116945067452, "instrument_name": "BTC-12SEP25", "bids": [[113897.5, 14170.0], [113895.0, 9950.0], [113892.5, 7900.0], [113890.0, 16800.0], [113887.5, 18000.0], [113885.0, 18010.0], [113882.5, 34580.0], [113880.0, 2000.0], [113877.5, 72060.0], [113875.0, 124740.0], [113872.5, 86380.0], [113870.0, 11770.0], [113867.5, 34580.0], [113860.0, 590.0], [113857.5, 1980.0], [113847.5, 590.0], [113845.0, 1980.0], [113835.0, 610.0], [113832.5, 2030.0], [113822.5, 590.0]], "asks": [[113900.0, 49760.0], [113910.0, 40880.0], [113912.5, 42000.0], [113915.0, 8880.0], [113917.5, 70000.0], [113920.0, 14640.0], [113922.5, 39580.0], [113925.0, 1760.0], [113930.0, 11010.0], [113932.5, 36620.0], [113940.0, 1120.0], [113942.5, 1760.0], [113945.0, 2630.0], [113947.5, 2000.0], [113950.0, 160.0], [113955.0, 590.0], [113957.5, 1980.0], [113962.5, 16480.0], [113967.5, 7440.0], [113970.0, 25390.0]]}}}
{"jsonrpc": "2.0", "method": "subscription", "params": {"channel": "book.BTC-19SEP25.none.20.100ms", "data": {"timestamp": 1757517887119, "change_id": 116945067459, "instrument_name": "BTC-19SEP25", "bids": [[114075.0, 62530.0], [114072.5, 24400.0], [114070.0, 48000.0], [114067.5, 45320.0], [114065.0, 136960.0], [114060.0, 10680.0], [114057.5, 34940.0], [114055.0, 650.0], [114045.0, 10480.0], [114042.5, 34940.0], [114020.0, 660.0], [114015.0, 20.0], [113987.5, 640.0], [113985.0, 4820.0], [113982.5, 16040.0], [113980.0, 10.0], [113977.5, 3000.0], [113975.0, 10010.0], [113962.5, 650.0], [113960.0, 10.0]], "asks": [[114077.5, 2800.0], [114097.5, 7250.0], [114100.0, 48000.0], [114102.5, 670.0], [114105.0, 43010.0], [114107.5, 34940.0], [114117.5, 2320.0], [114120.0, 1500.0], [114122.5, 5000.0], [114130.0, 670.0], [114132.5, 540.0], [114135.0, 1810.0], [114142.5, 5050.0], [114145.0, 16820.0], [114155.0, 2000.0], [114190.0, 650.0], [114197.5, 9020.0], [114200.0, 30000.0], [114202.5, 670.0], [114207.5, 6100.0]]}}}
{"jsonrpc": "2.0", "method": "subscription", "params": {"channel": "book.BTC-12SEP25.none.20.100ms", "data": {"timestamp": 1757517887359, "change_id": 116945067600, "instrument_name": "BTC-12SEP25", "bids": [[113897.5, 14170.0], [113895.0, 9950.0], [113892.5, 7900.0], [113890.0, 16800.0], [113887.5, 18000.0], [113885.0, 18010.0], [113882.5, 34580.0], [113880.0, 2000.0], [113877.5, 72060.0], [113875.0, 124740.0], [113872.5, 86380.0], [113870.0, 11770.0], [113867.5, 34580.0], [113860.0, 590.0], [113857.5, 1980.0], [113847.5, 590.0], [113845.0, 1980.0], [113835.0, 610.0], [113832.5, 2030.0], [113822.5, 590.0]], "asks": [[113900.0, 60560.0], [113910.0, 34580.0], [113912.5, 42000.0], [113915.0, 8880.0], [113917.5, 70000.0], [113920.0, 14640.0], [113922.5, 39580.0], [113925.0, 1760.0], [113930.0, 11010.0], [113932.5, 36620.0], [113940.0, 1120.0], [113942.5, 1760.0], [113945.0, 2630.0], [113947.5, 2000.0], [113950.0, 160.0], [113955.0, 590.0], [113957.5, 1980.0], [113962.5, 16480.0], [113967.5, 7440.0], [113970.0, 25390.0]]}}}
{"jsonrpc": "2.0", "method": "subscription", "params": {"channel": "book.BTC-19SEP25.none.20.100ms", "data": {"timestamp": 1757517887377, "change_id": 116945067607, "instrument_name": "BTC-19SEP25", "bids": [[114075.0, 62530.0], [114072.5, 24400.0], [114070.0, 48000.0], [114067.5, 45320.0], [114065.0, 136960.0], [114060.0, 10680.0], [114057.5, 34940.0], [114055.0, 650.0], [114045.0, 10480.0], [114042.5, 34940.0], [114020.0, 660.0], [114015.0, 20.0], [113987.5, 640.0], [113985.0, 4820.0], [113982.5, 16040.0], [113980.0, 10.0], [113977.5, 3000.0], [113975.0, 10010.0], [113962.5, 650.0], [113960.0, 10.0]], "asks": [[114077.5, 2800.0], [114092.5, 10800.0], [114097.5, 7250.0], [114100.0, 48000.0], [114102.5, 670.0], [114105.0, 43010.0], [114107.5, 34940.0], [114117.5, 2320.0], [114120.0, 1500.0], [114122.5, 5000.0], [114130.0, 670.0], [114132.5, 540.0], [114135.0, 1810.0], [114142.5, 5050.0], [114145.0, 16820.0], [114155.0, 2000.0], [114190.0, 650.0], [114197.5, 9020.0], [114200.0, 30000.0], [114202.5, 670.0]]}}}
{"jsonrpc": "2.0", "method": "subscription", "params": {"channel": "book.BTC-19SEP25.none.20.100ms", "data": {"timestamp": 1757517887813, "change_id": 116945068747, "instrument_name": "BTC-19SEP25", "bids": [[114075.0, 62530.0], [114072.5, 24400.0], [114070.0, 48000.0], [114067.5, 45320.0], [114065.0, 136960.0], [114060.0, 10680.0], [114057.5, 34940.0], [114055.0, 650.0], [114045.0, 10480.0], [114042.5, 34940.0], [114020.0, 660.0], [114015.0, 20.0], [113987.5, 640.0], [113985.0, 4820.0], [113982.5, 16040.0], [113980.0, 10.0], [113977.5, 3000.0], [113975.0, 10010.0], [113962.5, 650.0], [113960.0, 10.0]], "asks": [[114077.5, 2800.0], [114092.5, 10800.0], [114097.5, 7250.0], [114100.0, 48000.0], [114105.0, 43010.0], [114107.5, 34940.0], [114117.5, 2320.0], [114120.0, 1500.0], [114122.5, 5000.0], [114130.0, 670.0], [114132.5, 540.0], [114135.0, 1810.0], [114142.5, 5050.0], [114145.0, 16820.0], [114152.5, 600.0], [114155.0, 2000.0], [114190.0, 650.0], [114197.5, 9020.0], [114200.0, 30000.0], [114202.5, 670.0]]}}}
{"jsonrpc": "2.0", "method": "subscription", "params": {"channel": "book.BTC-12SEP25.none.20.100ms", "data": {"timestamp": 1757517887591, "change_id": 116945068153, "instrument_name": "BTC-12SEP25", "bids": [[113897.5, 14170.0], [113895.0, 9950.0], [113892.5, 7900.0], [113890.0, 16800.0], [113887.5, 18000.0], [113885.0, 18010.0], [113882.5, 34580.0], [113880.0, 2000.0], [113877.5, 72060.0], [113875.0, 124740.0], [113872.5, 86380.0], [113870.0, 11770.0], [113867.5, 34580.0], [113860.0, 590.0], [113857.5, 1980.0], [113847.5, 590.0], [113845.0, 1980.0], [113835.0, 610.0], [113832.5, 2030.0], [113822.5, 590.0]], "asks": [[113900.0, 60560.0], [113910.0, 34580.0], [113912.5, 42000.0], [113915.0, 8880.0], [113917.5, 70000.0], [113920.0, 14640.0], [113922.5, 39580.0], [113925.0, 1760.0], [113930.0, 11010.0], [113932.5, 36620.0], [113940.0, 1120.0], [113942.5, 1760.0], [113945.0, 2630.0], [113947.5, 2000.0], [113950.0, 160.0], [113955.0, 590.0], [113957.5, 1980.0], [113962.5, 16480.0], [113967.5, 7440.0], [113970.0, 25390.0]]}}}
{"jsonrpc": "2.0", "method": "subscription", "params": {"channel": "book.BTC-19SEP25.none.20.100ms", "data": {"timestamp": 1757517888145, "change_id": 116945069307, "instrument_name": "BTC-19SEP25", "bids": [[114075.0, 62530.0], [114072.5, 24400.0], [114070.0, 48000.0], [114067.5, 45320.0], [114065.0, 136960.0], [114060.0, 10680.0], [114057.5, 34940.0], [114055.0, 650.0], [114045.0, 10480.0], [114042.5, 34940.0], [114020.0, 660.0], [114015.0, 20.0], [113987.5, 640.0], [113985.0, 4820.0], [113982.5, 16040.0], [113980.0, 10.0], [113977.5, 3000.0], [113975.0, 10010.0], [113962.5, 650.0], [113960.0, 10.0]], "asks": [[114077.5, 2800.0], [114092.5, 10800.0], [114097.5, 7250.0], [114100.0, 48000.0], [114105.0, 43010.0], [114107.5, 34940.0], [114117.5, 2320.0], [114120.0, 1500.0], [114122.5, 5000.0], [114130.0, 670.0], [114132.5, 540.0], [114135.0, 1810.0], [114142.5, 5050.0], [114145.0, 16820.0], [114152.5, 600.0], [114155.0, 2000.0], [114190.0, 650.0], [114197.5, 9020.0], [114200.0, 30000.0], [114202.5, 670.0]]}}}
{"jsonrpc": "2.0", "method": "subscription", "params": {"channel": "book.BTC-12SEP25.none.20.100ms", "data": {"timestamp": 1757517888091, "change_id": 116945069235, "instrument_name": "BTC-12SEP25", "bids": [[113897.5, 14170.0], [113895.0, 9950.0], [113892.5, 7900.0], [113890.0, 16800.0], [113887.5, 18000.0], [113885.0, 18010.0], [113882.5, 34580.0], [113880.0, 2000.0], [113877.5, 72060.0], [113875.0, 124740.0], [113872.5, 86380.0], [113870.0, 11770.0], [113867.5, 34580.0], [113860.0, 590.0], [113857.5, 1980.0], [113847.5, 590.0], [113845.0, 1980.0], [113835.0, 610.0], [113832.5, 2030.0], [113822.5, 590.0]], "asks": [[113900.0, 60560.0], [113910.0, 34580.0], [113912.5, 42000.0], [113915.0, 8880.0], [113917.5, 70000.0], [113920.0, 12600.0], [113922.5, 39580.0], [113925.0, 1760.0], [113930.0, 11010.0], [113932.5, 36620.0], [113940.0, 1120.0], [113942.5, 1760.0], [113945.0, 2630.0], [113947.5, 2000.0], [113950.0, 160.0], [113955.0, 590.0], [113957.5, 1980.0], [113960.0, 4940.0], [113962.5, 16480.0], [113967.5, 7440.0]]}}}
{"jsonrpc": "2.0", "method": "subscription", "params": {"channel": "book.BTC-12SEP25.none.20.100ms", "data": {"timestamp": 1757517888488, "change_id": 116945069585, "instrument_name": "BTC-12SEP25", "bids": [[113897.5, 14170.0], [113895.0, 9950.0], [113892.5, 7900.0], [113890.0, 16800.0], [113887.5, 18000.0], [113885.0, 18010.0], [113882.5, 34580.0], [113880.0, 2000.0], [113877.5, 72060.0], [113875.0, 124740.0], [113872.5, 86380.0], [113870.0, 11770.0], [113867.5, 34580.0], [113860.0, 590.0], [113857.5, 1980.0], [113847.5, 590.0], [113845.0, 1980.0], [113835.0, 610.0], [113832.5, 2030.0], [113822.5, 590.0]], "asks": [[113900.0, 48000.0], [113902.5, 1760.0], [113910.0, 34580.0], [113912.5, 42000.0], [113915.0, 8880.0], [113917.5, 70000.0], [113920.0, 12600.0], [113922.5, 39580.0], [113925.0, 1760.0], [113930.0, 11010.0], [113932.5, 36620.0], [113940.0, 1120.0], [113942.5, 1760.0], [113945.0, 2630.0], [113947.5, 2000.0], [113950.0, 160.0], [113955.0, 590.0], [113957.5, 1980.0], [113967.5, 7440.0], [113970.0, 25390.0]]}}}
{"jsonrpc": "2.0", "method": "subscription", "params": {"channel": "book.BTC-19SEP25.none.20.100ms", "data": {"timestamp": 1757517888407, "change_id": 116945069588, "instrument_name": "BTC-19SEP25", "bids": [[114075.0, 62530.0], [114072.5, 24400.0], [114070.0, 48000.0], [114067.5, 45320.0], [114065.0, 136960.0], [114060.0, 10680.0], [114057.5, 34940.0], [114055.0, 650.0], [114045.0, 10480.0], [114042.5, 34940.0], [114020.0, 660.0], [114015.0, 20.0], [113987.5, 640.0], [113985.0, 4820.0], [113982.5, 16040.0], [113980.0, 10.0], [113977.5, 3000.0], [113975.0, 10010.0], [113962.5, 650.0], [113960.0, 10.0]], "asks": [[114077.5, 2800.0], [114097.5, 5600.0], [114100.0, 49650.0], [114105.0, 43010.0], [114107.5, 34940.0], [114117.5, 2320.0], [114120.0, 1500.0], [114122.5, 5000.0], [114130.0, 670.0], [114132.5, 540.0], [114135.0, 1810.0], [114145.0, 660.0], [114152.5, 600.0], [114155.0, 2000.0], [114165.0, 16330.0], [114190.0, 650.0], [114197.5, 9020.0], [114200.0, 30000.0], [114202.5, 670.0], [114205.0, 1830.0]]}}}
{"jsonrpc": "2.0", "method": "subscription", "params": {"channel": "book.BTC-12SEP25.none.20.100ms", "data": {"timestamp": 1757517888718, "change_id": 116945070195, "instrument_name": "BTC-12SEP25", "bids": [[113897.5, 14170.0], [113895.0, 9950.0], [113892.5, 7900.0], [113890.0, 16800.0], [113887.5, 18000.0], [113885.0, 18010.0], [113882.5, 34580.0], [113880.0, 2000.0], [113877.5, 72060.0], [113875.0, 124740.0], [113872.5, 86380.0], [113870.0, 11770.0], [113867.5, 34580.0], [113860.0, 590.0], [113857.5, 1980.0], [113847.5, 590.0], [113845.0, 1980.0], [113835.0, 610.0], [113832.5, 2030.0], [113822.5, 590.0]], "asks": [[113900.0, 58800.0], [113902.5, 1760.0], [113910.0, 34580.0], [113912.5, 42000.0], [113915.0, 8880.0], [113917.5, 70000.0], [113920.0, 12600.0], [113922.5, 39580.0], [113925.0, 1760.0], [113930.0, 11010.0], [113932.5, 36620.0], [113940.0, 1120.0], [113942.5, 1760.0], [113945.0, 2630.0], [113947.5, 2000.0], [113950.0, 160.0], [113955.0, 590.0], [113957.5, 1980.0], [113967.5, 7440.0], [113970.0, 25390.0]]}}}
{"jsonrpc": "2.0", "method": "subscription", "params": {"channel": "book.BTC-19SEP25.none.20.100ms", "data": {"timestamp": 1757517888802, "change_id": 116945070229, "instrument_name": "BTC-19SEP25", "bids": [[114075.0, 62530.0], [114072.5, 24400.0], [114070.0, 48000.0], [114067.5, 39720.0], [114065.0, 136960.0], [114060.0, 10680.0], [114057.5, 34940.0], [114055.0, 650.0], [114045.0, 10480.0], [114042.5, 34940.0], [114020.0, 660.0], [114015.0, 20.0], [113987.5, 640.0], [113985.0, 4820.0], [113982.5, 16040.0], [113980.0, 10.0], [113977.5, 3000.0], [113975.0, 10010.0], [113962.5, 650.0], [113960.0, 10.0]], "asks": [[114077.5, 2800.0], [114095.0, 10800.0], [114097.5, 5600.0], [114100.0, 49650.0], [114102.5, 670.0], [114105.0, 43010.0], [114107.5, 34940.0], [114117.5, 2320.0], [114120.0, 1500.0], [114122.5, 5000.0], [114130.0, 670.0], [114132.5, 540.0], [114135.0, 1810.0], [114145.0, 660.0], [114152.5, 600.0], [114155.0, 2000.0], [114162.5, 4900.0], [114165.0, 16330.0], [114190.0, 650.0], [114197.5, 9020.0]]}}}
{"jsonrpc": "2.0", "method": "subscription", "params": {"channel": "book.BTC-12SEP25.none.20.100ms", "data": {"timestamp": 1757517888985, "change_id": 116945070677, "instrument_name": "BTC-12SEP25", "bids": [[113897.5, 14170.0], [113895.0, 9950.0], [113892.5, 7900.0], [113890.0, 16800.0], [113887.5, 18000.0], [113885.0, 18010.0], [113882.5, 34580.0], [113880.0, 2000.0], [113877.5, 72060.0], [113875.0, 124740.0], [113872.5, 86380.0], [113870.0, 11770.0], [113867.5, 34580.0], [113860.0, 590.0], [113857.5, 1980.0], [113847.5, 590.0], [113845.0, 1980.0], [113835.0, 610.0], [113832.5, 2030.0], [113822.5, 590.0]], "asks": [[113900.0, 60560.0], [113910.0, 34580.0], [113912.5, 42000.0], [113915.0, 8880.0], [113917.5, 70000.0], [113920.0, 12600.0], [113922.5, 39580.0], [113925.0, 1760.0], [113930.0, 11010.0], [113932.5, 36620.0], [113940.0, 1120.0], [113942.5, 1760.0], [113945.0, 2630.0], [113947.5, 2000.0], [113950.0, 160.0], [113955.0, 590.0], [113957.5, 1980.0], [113967.5, 7440.0], [113970.0, 25390.0], [113972.5, 1960.0]]}}}
{"jsonrpc": "2.0", "method": "subscription", "params": {"channel": "book.BTC-19SEP25.none.20.100ms", "data": {"timestamp": 1757517889014, "change_id": 116945070740, "instrument_name": "BTC-19SEP25", "bids": [[114075.0, 62530.0], [114072.5, 24400.0], [114070.0, 48000.0], [114067.5, 39720.0], [114065.0, 136960.0], [114060.0, 10680.0], [114057.5, 34940.0], [114055.0, 650.0], [114045.0, 10480.0], [114042.5, 34940.0], [114020.0, 660.0], [114015.0, 20.0], [113987.5, 640.0], [113985.0, 4820.0], [113982.5, 16040.0], [113980.0, 10.0], [113977.5, 3000.0], [113975.0, 10010.0], [113962.5, 650.0], [113960.0, 10.0]], "asks": [[114077.5, 2800.0], [114092.5, 5600.0], [114095.0, 10800.0], [114097.5, 5600.0], [114100.0, 49650.0], [114102.5, 670.0], [114105.0, 43010.0], [114107.5, 34940.0], [114117.5, 2320.0], [114120.0, 1500.0], [114122.5, 5000.0], [114130.0, 670.0], [114132.5, 540.0], [114135.0, 1810.0], [114145.0, 660.0], [114152.5, 600.0], [114155.0, 2000.0], [114162.5, 4900.0], [114165.0, 16330.0], [114190.0, 650.0]]}}}
{"jsonrpc": "2.0", "method": "subscription", "params": {"channel": "book.BTC-12SEP25.none.20.100ms", "data": {"timestamp": 1757517889393, "change_id": 116945071172, "instrument_name": "BTC-12SEP25", "bids": [[113897.5, 14170.0], [113895.0, 9950.0], [113892.5, 7900.0], [113890.0, 16800.0], [113887.5, 18000.0], [113885.0, 18010.0], [113882.5, 34580.0], [113880.0, 2000.0], [113877.5, 72060.0], [113875.0, 124740.0], [113872.5, 86380.0], [113870.0, 11770.0], [113867.5, 34580.0], [113860.0, 590.0], [113857.5, 1980.0], [113847.5, 590.0], [113845.0, 1980.0], [113835.0, 610.0], [113832.5, 2030.0], [113822.5, 590.0]], "asks": [[113900.0, 60560.0], [113910.0, 34580.0], [113912.5, 42000.0], [113915.0, 8880.0], [113917.5, 70000.0], [113920.0, 12600.0], [113922.5, 39580.0], [113925.0, 1760.0], [113930.0, 11010.0], [113932.5, 36620.0], [113940.0, 1120.0], [113942.5, 1760.0], [113945.0, 2630.0], [113947.5, 2000.0], [113950.0, 160.0], [113955.0, 590.0], [113957.5, 1980.0], [113967.5, 7440.0], [113970.0, 25390.0], [113972.5, 1960.0]]}}}
{"jsonrpc": "2.0", "method": "subscription", "params": {"channel": "book.BTC-12SEP25.none.20.100ms", "data": {"timestamp": 1757517890125, "change_id": 116945072215, "instrument_name": "BTC-12SEP25", "bids": [[113897.5, 14170.0], [113895.0, 9950.0], [113892.5, 7900.0], [113890.0, 14090.0], [113887.5, 7200.0], [113885.0, 18010.0], [113882.5, 34580.0], [113880.0, 2000.0], [113877.5, 72060.0], [113875.0, 124740.0], [113872.5, 86380.0], [113870.0, 11770.0], [113867.5, 34580.0], [113860.0, 590.0], [113857.5, 1980.0], [113847.5, 590.0], [113845.0, 1980.0], [113835.0, 610.0], [113832.5, 2030.0], [113822.5, 590.0]], "asks": [[113900.0, 60560.0], [113910.0, 34580.0], [113912.5, 43950.0], [113915.0, 8880.0], [113917.5, 70000.0], [113920.0, 12600.0], [113922.5, 39580.0], [113925.0, 1760.0], [113930.0, 11010.0], [113932.5, 36620.0], [113940.0, 1120.0], [113942.5, 1760.0], [113945.0, 2630.0], [113947.5, 2000.0], [113950.0, 160.0], [113955.0, 590.0], [113957.5, 1980.0], [113967.5, 7440.0], [113970.0, 25390.0], [113972.5, 1960.0]]}}}
{"jsonrpc": "2.0", "method": "subscription", "params": {"channel": "book.BTC-19SEP25.none.20.100ms", "data": {"timestamp": 1757517890127, "change_id": 116945072220, "instrument_name": "BTC-19SEP25", "bids": [[114075.0, 51730.0], [114072.5, 24400.0], [114070.0, 48000.0], [114067.5, 39720.0], [114065.0, 136960.0], [114060.0, 10680.0], [114057.5, 34940.0], [114055.0, 650.0], [114045.0, 10480.0], [114042.5, 34940.0], [114020.0, 660.0], [114015.0, 20.0], [113990.0, 6340.0], [113987.5, 640.0], [113985.0, 4820.0], [113982.5, 16040.0], [113980.0, 10.0], [113977.5, 1100.0], [113975.0, 3670.0], [113962.5, 30650.0]], "asks": [[114077.5, 2800.0], [114092.5, 5600.0], [114095.0, 10800.0], [114097.5, 5600.0], [114100.0, 49650.0], [114102.5, 670.0], [114105.0, 43010.0], [114107.5, 34940.0], [114117.5, 2320.0], [114120.0, 1500.0], [114122.5, 5000.0], [114130.0, 670.0], [114132.5, 540.0], [114135.0, 1810.0], [114145.0, 660.0], [114152.5, 600.0], [114155.0, 2000.0], [114162.5, 4900.0], [114165.0, 16330.0], [114190.0, 650.0]]}}}
{"jsonrpc": "2.0", "method": "subscription", "params": {"channel": "book.BTC-12SEP25.none.20.100ms", "data": {"timestamp": 1757517890451, "change_id": 116945072717, "instrument_name": "BTC-12SEP25", "bids": [[113897.5, 12410.0], [113895.0, 9950.0], [113892.5, 7900.0], [113890.0, 15040.0], [113887.5, 18000.0], [113885.0, 18010.0], [113882.5, 34580.0], [113880.0, 2000.0], [113877.5, 72060.0], [113875.0, 124740.0], [113872.5, 84620.0], [113870.0, 11770.0], [113867.5, 34580.0], [113860.0, 590.0], [113857.5, 1980.0], [113847.5, 590.0], [113845.0, 1980.0], [113835.0, 610.0], [113832.5, 2030.0], [113827.5, 1800.0]], "asks": [[113900.0, 58800.0], [113910.0, 41130.0], [113912.5, 43950.0], [113915.0, 8880.0], [113917.5, 70000.0], [113920.0, 12600.0], [113922.5, 39580.0], [113930.0, 11010.0], [113932.5, 36620.0], [113942.5, 590.0], [113945.0, 2630.0], [113947.5, 2000.0], [113950.0, 160.0], [113955.0, 590.0], [113957.5, 1980.0], [113967.5, 7440.0], [113970.0, 25390.0], [113972.5, 1960.0], [113975.0, 600.0], [113977.5, 2000.0]]}}}
{"jsonrpc": "2.0", "method": "subscription", "params": {"channel": "book.BTC-19SEP25.none.20.100ms", "data": {"timestamp": 1757517890478, "change_id": 116945072768, "instrument_name": "BTC-19SEP25", "bids": [[114075.0, 59230.0], [114072.5, 24400.0], [114070.0, 48000.0], [114067.5, 39720.0], [114065.0, 135310.0], [114060.0, 10680.0], [114057.5, 34940.0], [114055.0, 650.0], [114045.0, 10480.0], [114042.5, 34940.0], [114020.0, 660.0], [114015.0, 20.0], [113990.0, 6340.0], [113987.5, 640.0], [113985.0, 4820.0], [113982.5, 16040.0], [113980.0, 10.0], [113977.5, 1100.0], [113975.0, 3670.0], [113962.5, 30650.0]], "asks": [[114077.5, 2800.0], [114092.5, 5600.0], [114095.0, 10800.0], [114097.5, 5600.0], [114100.0, 48000.0], [114102.5, 670.0], [114105.0, 43010.0], [114107.5, 34940.0], [114117.5, 670.0], [114120.0, 1500.0], [114122.5, 5000.0], [114130.0, 670.0], [114135.0, 160.0], [114145.0, 660.0], [114152.5, 600.0], [114155.0, 2000.0], [114162.5, 4900.0], [114165.0, 16330.0], [114190.0, 650.0], [114197.5, 9020.0]]}}}
{"jsonrpc": "2.0", "method": "subscription", "params": {"channel": "book.BTC-12SEP25.none.20.100ms", "data": {"timestamp": 1757517890518, "change_id": 116945072840, "instrument_name": "BTC-12SEP25", "bids": [[113897.5, 14110.0], [113895.0, 9950.0], [113892.5, 7900.0], [113890.0, 15040.0], [113887.5, 18000.0], [113885.0, 18010.0], [113882.5, 34580.0], [113880.0, 2000.0], [113877.5, 72060.0], [113875.0, 126440.0], [113872.5, 84620.0], [113870.0, 11770.0], [113867.5, 34580.0], [113860.0, 590.0], [113857.5, 1980.0], [113847.5, 590.0], [113845.0, 1980.0], [113835.0, 610.0], [113832.5, 2030.0], [113827.5, 1800.0]], "asks": [[113900.0, 58800.0], [113907.5, 1700.0], [113910.0, 41130.0], [113912.5, 43950.0], [113915.0, 8880.0], [113917.5, 70000.0], [113920.0, 12600.0], [113922.5, 39580.0], [113925.0, 1700.0], [113930.0, 11010.0], [113932.5, 36620.0], [113942.5, 590.0], [113945.0, 2630.0], [113947.5, 2000.0], [113950.0, 160.0], [113955.0, 590.0], [113957.5, 1980.0], [113967.5, 7440.0], [113970.0, 25390.0], [113972.5, 1960.0]]}}}
{"jsonrpc": "2.0", "method": "subscription", "params": {"channel": "book.BTC-19SEP25.none.20.100ms", "data": {"timestamp": 1757517890553, "change_id": 116945072913, "instrument_name": "BTC-19SEP25", "bids": [[114075.0, 61020.0], [114072.5, 24400.0], [114070.0, 49790.0], [114067.5, 39720.0], [114065.0, 135310.0], [114060.0, 10680.0], [114057.5, 34940.0], [114055.0, 650.0], [114045.0, 10480.0], [114042.5, 34940.0], [114020.0, 660.0], [114015.0, 20.0], [113990.0, 6340.0], [113987.5, 640.0], [113985.0, 4820.0], [113982.5, 16040.0], [113980.0, 10.0], [113977.5, 1100.0], [113975.0, 3670.0], [113962.5, 30650.0]], "asks": [[114077.5, 2800.0], [114092.5, 5600.0], [114095.0, 10800.0], [114097.5, 5600.0], [114100.0, 48000.0], [114102.5, 670.0], [114105.0, 44800.0], [114107.5, 34940.0], [114117.5, 670.0], [114120.0, 1500.0], [114122.5, 5000.0], [114125.0, 1790.0], [114130.0, 670.0], [114135.0, 160.0], [114145.0, 660.0], [114152.5, 600.0], [114155.0, 2000.0], [114162.5, 4900.0], [114165.0, 16330.0], [114190.0, 650.0]]}}}
{"jsonrpc": "2.0", "method": "subscription", "params": {"channel": "book.BTC-12SEP25.none.20.100ms", "data": {"timestamp": 1757517891091, "change_id": 116945073876, "instrument_name": "BTC-12SEP25", "bids": [[113897.5, 14110.0], [113895.0, 9950.0], [113892.5, 7900.0], [113890.0, 15040.0], [113887.5, 18000.0], [113885.0, 18010.0], [113882.5, 34580.0], [113880.0, 2000.0], [113877.5, 72060.0], [113875.0, 126440.0], [113872.5, 84620.0], [113870.0, 11770.0], [113867.5, 34580.0], [113860.0, 590.0], [113857.5, 1980.0], [113847.5, 590.0], [113845.0, 1980.0], [113835.0, 610.0], [113832.5, 2030.0], [113827.5, 1800.0]], "asks": [[113900.0, 58800.0], [113907.5, 1700.0], [113910.0, 41130.0], [113912.5, 42000.0], [113915.0, 8880.0], [113917.5, 70000.0], [113920.0, 12600.0], [113922.5, 39580.0], [113925.0, 1700.0], [113930.0, 11010.0], [113932.5, 36620.0], [113942.5, 590.0], [113945.0, 2630.0], [113947.5, 2000.0], [113950.0, 160.0], [113955.0, 590.0], [113957.5, 1980.0], [113967.5, 7440.0], [113970.0, 25390.0], [113972.5, 1960.0]]}}}
{"jsonrpc": "2.0", "method": "subscription", "params": {"channel": "book.BTC-19SEP25.none.20.100ms", "data": {"timestamp": 1757517891096, "change_id": 116945073880, "instrument_name": "BTC-19SEP25", "bids": [[114075.0, 61020.0], [114072.5, 24400.0], [114070.0, 49790.0], [114067.5, 39720.0], [114065.0, 135310.0], [114060.0, 10680.0], [114057.5, 34940.0], [114055.0, 650.0], [114045.0, 10480.0], [114042.5, 34940.0], [114020.0, 660.0], [114015.0, 20.0], [113992.5, 1900.0], [113990.0, 6340.0], [113987.5, 640.0], [113985.0, 4820.0], [113982.5, 16040.0], [113980.0, 10.0], [113977.5, 1100.0], [113975.0, 3670.0]], "asks": [[114077.5, 2800.0], [114092.5, 5600.0], [114095.0, 10800.0], [114097.5, 5600.0], [114100.0, 48000.0], [114102.5, 670.0], [114105.0, 44800.0], [114107.5, 34940.0], [114117.5, 670.0], [114120.0, 1500.0], [114122.5, 5000.0], [114125.0, 1790.0], [114130.0, 670.0], [114135.0, 160.0], [114145.0, 660.0], [114152.5, 600.0], [114155.0, 2000.0], [114162.5, 4900.0], [114165.0, 16330.0], [114190.0, 650.0]]}}}
{"jsonrpc": "2.0", "method": "subscription", "params": {"channel": "book.BTC-12SEP25.none.20.100ms", "data": {"timestamp": 1757517891305, "change_id": 116945074478, "instrument_name": "BTC-12SEP25", "bids": [[113897.5, 14110.0], [113895.0, 9950.0], [113892.5, 7900.0], [113890.0, 15040.0], [113887.5, 18000.0], [113885.0, 18010.0], [113882.5, 34580.0], [113880.0, 2000.0], [113877.5, 72060.0], [113875.0, 126440.0], [113872.5, 84620.0], [113870.0, 11770.0], [113867.5, 34580.0], [113860.0, 590.0], [113857.5, 1980.0], [113847.5, 590.0], [113845.0, 1980.0], [113835.0, 610.0], [113832.5, 2030.0], [113827.5, 1800.0]], "asks": [[113900.0, 58800.0], [113907.5, 1700.0], [113910.0, 41130.0], [113912.5, 42000.0], [113915.0, 8880.0], [113917.5, 70000.0], [113920.0, 12600.0], [113922.5, 39580.0], [113925.0, 1700.0], [113930.0, 11010.0], [113932.5, 36620.0], [113942.5, 590.0], [113945.0, 2630.0], [113947.5, 2000.0], [113950.0, 160.0], [113955.0, 590.0], [113957.5, 1980.0], [113967.5, 7440.0], [113970.0, 25390.0], [113972.5, 1960.0]]}}}
{"jsonrpc": "2.0", "method": "subscription", "params": {"channel": "book.BTC-19SEP25.none.20.100ms", "data": {"timestamp": 1757517891485, "change_id": 116945074491, "instrument_name": "BTC-19SEP25", "bids": [[114075.0, 61020.0], [114072.5, 24400.0], [114070.0, 49790.0], [114067.5, 39720.0], [114065.0, 135310.0], [114060.0, 10680.0], [114057.5, 34940.0], [114055.0, 650.0], [114045.0, 10480.0], [114042.5, 34940.0], [114020.0, 660.0], [114015.0, 20.0], [113992.5, 1900.0], [113990.0, 6340.0], [113987.5, 640.0], [113985.0, 4820.0], [113982.5, 16040.0], [113980.0, 10.0], [113977.5, 1100.0], [113975.0, 3670.0]], "asks": [[114077.5, 2800.0], [114092.5, 5600.0], [114097.5, 16400.0], [114100.0, 48000.0], [114105.0, 43010.0], [114107.5, 36730.0], [114117.5, 670.0], [114120.0, 1500.0], [114122.5, 5000.0], [114125.0, 1790.0], [114130.0, 670.0], [114135.0, 160.0], [114145.0, 660.0], [114152.5, 600.0], [114155.0, 2000.0], [114190.0, 650.0], [114197.5, 9020.0], [114200.0, 30000.0], [114202.5, 670.0], [114205.0, 6300.0]]}}}
{"jsonrpc": "2.0", "method": "subscription", "params": {"channel": "book.BTC-12SEP25.none.20.100ms", "data": {"timestamp": 1757517891752, "change_id": 116945075241, "instrument_name": "BTC-12SEP25", "bids": [[113897.5, 14110.0], [113895.0, 12410.0], [113892.5, 7900.0], [113890.0, 23130.0], [113887.5, 7200.0], [113885.0, 18010.0], [113882.5, 34580.0], [113880.0, 2000.0], [113877.5, 72060.0], [113875.0, 126440.0], [113872.5, 84620.0], [113870.0, 11770.0], [113867.5, 34580.0], [113860.0, 590.0], [113857.5, 1980.0], [113847.5, 590.0], [113845.0, 1980.0], [113835.0, 610.0], [113832.5, 2030.0], [113827.5, 1800.0]], "asks": [[113900.0, 58800.0], [113907.5, 1700.0], [113910.0, 41130.0], [113912.5, 42000.0], [113915.0, 8880.0], [113917.5, 70000.0], [113920.0, 12600.0], [113922.5, 39580.0], [113925.0, 1700.0], [113930.0, 11010.0], [113932.5, 36620.0], [113942.5, 590.0], [113945.0, 2630.0], [113947.5, 2000.0], [113950.0, 160.0], [113955.0, 590.0], [113957.5, 1980.0], [113962.5, 4870.0], [113965.0, 16230.0], [113967.5, 7440.0]]}}}
{"jsonrpc": "2.0", "method": "subscription", "params": {"channel": "book.BTC-19SEP25.none.20.100ms", "data": {"timestamp": 1757517891791, "change_id": 116945075299, "instrument_name": "BTC-19SEP25", "bids": [[114075.0, 61020.0], [114072.5, 24400.0], [114070.0, 49790.0], [114067.5, 39720.0], [114065.0, 135310.0], [114060.0, 10680.0], [114057.5, 34940.0], [114055.0, 650.0], [114045.0, 10480.0], [114042.5, 34940.0], [114020.0, 660.0], [114015.0, 20.0], [113992.5, 1900.0], [113990.0, 6340.0], [113987.5, 640.0], [113985.0, 4820.0], [113982.5, 16040.0], [113980.0, 10.0], [113977.5, 1100.0], [113975.0, 3670.0]], "asks": [[114077.5, 2800.0], [114092.5, 5600.0], [114097.5, 16400.0], [114100.0, 48000.0], [114102.5, 2440.0], [114105.0, 43010.0], [114107.5, 34940.0], [114117.5, 670.0], [114120.0, 1500.0], [114122.5, 5000.0], [114125.0, 1790.0], [114130.0, 670.0], [114135.0, 160.0], [114145.0, 5530.0], [114147.5, 16230.0], [114152.5, 600.0], [114155.0, 2000.0], [114190.0, 650.0], [114197.5, 9020.0], [114200.0, 30000.0]]}}}
{"jsonrpc": "2.0", "method": "subscription", "params": {"channel": "book.BTC-19SEP25.none.20.100ms", "data": {"timestamp": 1757517891980, "change_id": 116945075549, "instrument_name": "BTC-19SEP25", "bids": [[114075.0, 61020.0], [114072.5, 24400.0], [114070.0, 49790.0], [114067.5, 39720.0], [114065.0, 135310.0], [114060.0, 10680.0], [114057.5, 34940.0], [114055.0, 650.0], [114045.0, 10480.0], [114042.5, 34940.0], [114020.0, 660.0], [114015.0, 20.0], [113992.5, 1900.0], [113990.0, 6340.0], [113987.5, 640.0], [113985.0, 4820.0], [113982.5, 16040.0], [113980.0, 10.0], [113977.5, 1100.0], [113975.0, 3670.0]], "asks": [[114077.5, 2800.0], [114097.5, 16400.0], [114100.0, 48000.0], [114102.5, 1790.0], [114105.0, 43010.0], [114107.5, 34940.0], [114117.5, 670.0], [114120.0, 1500.0], [114122.5, 5000.0], [114125.0, 1790.0], [114130.0, 670.0], [114135.0, 160.0], [114145.0, 5530.0], [114147.5, 16230.0], [114152.5, 600.0], [114155.0, 2000.0], [114190.0, 650.0], [114197.5, 9020.0], [114200.0, 30000.0], [114202.5, 670.0]]}}}
{"jsonrpc": "2.0", "method": "subscription", "params": {"channel": "book.BTC-12SEP25.none.20.100ms", "data": {"timestamp": 1757517891947, "change_id": 116945075546, "instrument_name": "BTC-12SEP25", "bids": [[113897.5, 14110.0], [113895.0, 12410.0], [113892.5, 7900.0], [113890.0, 15230.0], [113887.5, 7200.0], [113885.0, 18010.0], [113882.5, 34580.0], [113880.0, 2000.0], [113877.5, 72060.0], [113875.0, 126440.0], [113872.5, 84620.0], [113870.0, 11770.0], [113867.5, 34580.0], [113860.0, 590.0], [113857.5, 1980.0], [113847.5, 590.0], [113845.0, 1980.0], [113835.0, 610.0], [113832.5, 2030.0], [113827.5, 1800.0]], "asks": [[113900.0, 58800.0], [113907.5, 1700.0], [113910.0, 41130.0], [113912.5, 42000.0], [113915.0, 8880.0], [113917.5, 70000.0], [113920.0, 12600.0], [113922.5, 39580.0], [113925.0, 1700.0], [113930.0, 11010.0], [113932.5, 36620.0], [113942.5, 590.0], [113945.0, 2630.0], [113947.5, 2000.0], [113950.0, 160.0], [113955.0, 590.0], [113957.5, 1980.0], [113962.5, 4870.0], [113965.0, 16230.0], [113967.5, 7440.0]]}}}
{"jsonrpc": "2.0", "method": "subscription", "params": {"channel": "book.BTC-12SEP25.none.20.100ms", "data": {"timestamp": 1757517892432, "change_id": 116945075873, "instrument_name": "BTC-12SEP25", "bids": [[113897.5, 14110.0], [113895.0, 12410.0], [113892.5, 7900.0], [113890.0, 15230.0], [113887.5, 7200.0], [113885.0, 18010.0], [113882.5, 34580.0], [113880.0, 2000.0], [113877.5, 72060.0], [113875.0, 126440.0], [113872.5, 84620.0], [113870.0, 11770.0], [113867.5, 34580.0], [113860.0, 590.0], [113857.5, 1980.0], [113847.5, 590.0], [113845.0, 1980.0], [113835.0, 610.0], [113832.5, 2030.0], [113827.5, 1800.0]], "asks": [[113900.0, 58800.0], [113907.5, 1700.0], [113910.0, 6550.0], [113912.5, 42000.0], [113915.0, 8880.0], [113917.5, 70000.0], [113920.0, 12600.0], [113922.5, 39580.0], [113925.0, 1700.0], [113930.0, 11010.0], [113932.5, 36620.0], [113942.5, 590.0], [113945.0, 2630.0], [113947.5, 2000.0], [113950.0, 160.0], [113955.0, 590.0], [113957.5, 1980.0], [113962.5, 4870.0], [113965.0, 16230.0], [113967.5, 7440.0]]}}}
{"jsonrpc": "2.0", "method": "subscription", "params": {"channel": "book.BTC-12SEP25.none.20.100ms", "data": {"timestamp": 1757517892807, "change_id": 116945076528, "instrument_name": "BTC-12SEP25", "bids": [[113897.5, 15530.0], [113895.0, 12410.0], [113892.5, 7900.0], [113890.0, 15230.0], [113887.5, 7200.0], [113885.0, 18010.0], [113882.5, 34580.0], [113880.0, 2000.0], [113877.5, 72060.0], [113875.0, 126440.0], [113872.5, 84620.0], [113870.0, 11770.0], [113867.5, 34580.0], [113860.0, 590.0], [113857.5, 1980.0], [113847.5, 590.0], [113845.0, 1980.0], [113835.0, 610.0], [113832.5, 2030.0], [113827.5, 1800.0]], "asks": [[113900.0, 48000.0], [113912.5, 42000.0], [113915.0, 200.0], [113917.5, 70000.0], [113920.0, 12600.0], [113922.5, 39580.0], [113930.0, 11010.0], [113932.5, 36620.0], [113942.5, 590.0], [113945.0, 2630.0], [113947.5, 2000.0], [113950.0, 160.0], [113955.0, 590.0], [113957.5, 1980.0], [113962.5, 4870.0], [113965.0, 16230.0], [113967.5, 7440.0], [113970.0, 25390.0], [113972.5, 1960.0], [113975.0, 600.0]]}}}
{"jsonrpc": "2.0", "method": "subscription", "params": {"channel": "book.BTC-19SEP25.none.20.100ms", "data": {"timestamp": 1757517892805, "change_id": 116945076521, "instrument_name": "BTC-19SEP25", "bids": [[114075.0, 61020.0], [114072.5, 24400.0], [114070.0, 49790.0], [114067.5, 39720.0], [114065.0, 135310.0], [114060.0, 10680.0], [114057.5, 34940.0], [114055.0, 650.0], [114045.0, 10480.0], [114042.5, 34940.0], [114020.0, 660.0], [114015.0, 20.0], [113992.5, 1900.0], [113990.0, 6340.0], [113987.5, 640.0], [113985.0, 4820.0], [113982.5, 16040.0], [113980.0, 10.0], [113977.5, 1100.0], [113975.0, 3670.0]], "asks": [[114077.5, 2800.0], [114097.5, 5600.0], [114100.0, 48000.0], [114105.0, 43010.0], [114107.5, 34940.0], [114117.5, 670.0], [114122.5, 5000.0], [114130.0, 670.0], [114135.0, 160.0], [114145.0, 5530.0], [114147.5, 16230.0], [114152.5, 600.0], [114155.0, 2000.0], [114190.0, 650.0], [114197.5, 9020.0], [114200.0, 30000.0], [114202.5, 670.0], [114205.0, 1830.0], [114207.5, 6100.0], [114217.5, 13330.0]]}}}
{"jsonrpc": "2.0", "method": "subscription", "params": {"channel": "book.BTC-12SEP25.none.20.100ms", "data": {"timestamp": 1757517893053, "change_id": 116945077344, "instrument_name": "BTC-12SEP25", "bids": [[113897.5, 14110.0], [113895.0, 12410.0], [113892.5, 7900.0], [113890.0, 15230.0], [113887.5, 7200.0], [113885.0, 18010.0], [113882.5, 34580.0], [113880.0, 2000.0], [113877.5, 72060.0], [113875.0, 126440.0], [113872.5, 84620.0], [113870.0, 11770.0], [113867.5, 34580.0], [113860.0, 590.0], [113857.5, 1980.0], [113847.5, 590.0], [113845.0, 1980.0], [113835.0, 610.0], [113832.5, 2030.0], [113827.5, 1800.0]], "asks": [[113900.0, 58800.0], [113910.0, 1700.0], [113912.5, 42000.0], [113915.0, 7370.0], [113917.5, 70000.0], [113920.0, 12600.0], [113922.5, 34580.0], [113925.0, 1700.0], [113930.0, 11010.0], [113932.5, 36620.0], [113937.5, 5000.0], [113942.5, 590.0], [113945.0, 2630.0], [113947.5, 2000.0], [113950.0, 160.0], [113955.0, 590.0], [113957.5, 1980.0], [113962.5, 4870.0], [113965.0, 16230.0], [113967.5, 7440.0]]}}}
{"jsonrpc": "2.0", "method": "subscription", "params": {"channel": "book.BTC-19SEP25.none.20.100ms", "data": {"timestamp": 1757517892944, "change_id": 116945077376, "instrument_name": "BTC-19SEP25", "bids": [[114095.0, 10760.0], [114092.5, 3470.0], [114090.0, 5600.0], [114087.5, 12120.0], [114085.0, 47890.0], [114082.5, 5000.0], [114077.5, 18310.0], [114075.0, 76940.0], [114072.5, 15050.0], [114070.0, 49790.0], [114067.5, 39720.0], [114065.0, 135310.0], [114055.0, 650.0], [114020.0, 660.0], [114015.0, 20.0], [113997.5, 1900.0], [113995.0, 6340.0], [113987.5, 640.0], [113985.0, 4820.0], [113982.5, 16040.0]], "asks": [[114097.5, 5600.0], [114100.0, 58800.0], [114105.0, 43790.0], [114107.5, 34940.0], [114117.5, 35610.0], [114120.0, 1550.0], [114125.0, 12290.0], [114127.5, 34940.0], [114130.0, 670.0], [114135.0, 1660.0], [114137.5, 5000.0], [114145.0, 5530.0], [114147.5, 16230.0], [114152.5, 600.0], [114155.0, 2000.0], [114190.0, 650.0], [114197.5, 9020.0], [114200.0, 30000.0], [114202.5, 670.0], [114205.0, 1830.0]]}}}
{"jsonrpc": "2.0", "method": "subscription", "params": {"channel": "book.BTC-12SEP25.none.20.100ms", "data": {"timestamp": 1757517893436, "change_id": 116945077855, "instrument_name": "BTC-12SEP25", "bids": [[113897.5, 12410.0], [113895.0, 12410.0], [113892.5, 7900.0], [113890.0, 15230.0], [113887.5, 7200.0], [113885.0, 18010.0], [113882.5, 34580.0], [113880.0, 2000.0], [113877.5, 72060.0], [113875.0, 126440.0], [113872.5, 84620.0], [113870.0, 11770.0], [113867.5, 34580.0], [113860.0, 590.0], [113857.5, 1980.0], [113847.5, 590.0], [113845.0, 1980.0], [113835.0, 610.0], [113832.5, 2030.0], [113827.5, 1800.0]], "asks": [[113900.0, 58800.0], [113912.5, 42000.0], [113915.0, 9070.0], [113917.5, 70000.0], [113920.0, 12600.0], [113922.5, 34580.0], [113930.0, 16010.0], [113932.5, 36620.0], [113942.5, 590.0], [113945.0, 2630.0], [113947.5, 2000.0], [113950.0, 1860.0], [113955.0, 590.0], [113957.5, 1980.0], [113962.5, 4870.0], [113965.0, 16230.0], [113967.5, 7440.0], [113970.0, 25390.0], [113972.5, 1960.0], [113975.0, 600.0]]}}}
{"jsonrpc": "2.0", "method": "subscription", "params": {"channel": "book.BTC-19SEP25.none.20.100ms", "data": {"timestamp": 1757517893438, "change_id": 116945077847, "instrument_name": "BTC-19SEP25", "bids": [[114095.0, 10760.0], [114092.5, 1680.0], [114090.0, 5600.0], [114087.5, 12120.0], [114085.0, 47890.0], [114082.5, 5000.0], [114077.5, 18310.0], [114075.0, 76940.0], [114072.5, 15050.0], [114070.0, 48000.0], [114067.5, 39720.0], [114065.0, 135310.0], [114055.0, 650.0], [114020.0, 660.0], [114015.0, 20.0], [113997.5, 1900.0], [113995.0, 6340.0], [113987.5, 640.0], [113985.0, 4820.0], [113982.5, 16040.0]], "asks": [[114097.5, 5600.0], [114100.0, 58800.0], [114105.0, 42000.0], [114107.5, 36730.0], [114117.5, 35610.0], [114120.0, 1550.0], [114125.0, 12290.0], [114127.5, 34940.0], [114130.0, 5670.0], [114135.0, 160.0], [114145.0, 5530.0], [114147.5, 16230.0], [114152.5, 600.0], [114155.0, 2000.0], [114190.0, 650.0], [114197.5, 9020.0], [114200.0, 30000.0], [114202.5, 670.0], [114205.0, 1830.0], [114207.5, 6100.0]]}}}
{"jsonrpc": "2.0", "method": "subscription", "params": {"channel": "book.BTC-12SEP25.none.20.100ms", "data": {"timestamp": 1757517893602, "change_id": 116945078227, "instrument_name": "BTC-12SEP25", "bids": [[113897.5, 14110.0], [113895.0, 12410.0], [113892.5, 7900.0], [113890.0, 15230.0], [113887.5, 7200.0], [113885.0, 18010.0], [113882.5, 34580.0], [113880.0, 2000.0], [113877.5, 72060.0], [113875.0, 126440.0], [113872.5, 84620.0], [113870.0, 11770.0], [113867.5, 34580.0], [113860.0, 590.0], [113857.5, 1980.0], [113847.5, 590.0], [113845.0, 1980.0], [113835.0, 610.0], [113832.5, 2030.0], [113827.5, 1800.0]], "asks": [[113900.0, 58800.0], [113912.5, 42000.0], [113915.0, 9070.0], [113917.5, 70000.0], [113920.0, 12600.0], [113922.5, 34580.0], [113930.0, 16010.0], [113932.5, 36620.0], [113942.5, 590.0], [113945.0, 2630.0], [113947.5, 2000.0], [113950.0, 1860.0], [113955.0, 590.0], [113957.5, 1980.0], [113962.5, 4870.0], [113965.0, 16230.0], [113967.5, 7440.0], [113970.0, 25390.0], [113972.5, 1960.0], [113975.0, 600.0]]}}}
{"jsonrpc": "2.0", "method": "subscription", "params": {"channel": "book.BTC-19SEP25.none.20.100ms", "data": {"timestamp": 1757517893617, "change_id": 116945078239, "instrument_name": "BTC-19SEP25", "bids": [[114095.0, 12550.0], [114092.5, 1680.0], [114090.0, 5600.0], [114087.5, 12120.0], [114085.0, 47890.0], [114082.5, 5000.0], [114077.5, 18310.0], [114075.0, 76940.0], [114072.5, 15050.0], [114070.0, 49790.0], [114067.5, 39720.0], [114065.0, 135310.0], [114055.0, 650.0], [114020.0, 660.0], [114015.0, 20.0], [113997.5, 1900.0], [113995.0, 6340.0], [113987.5, 640.0], [113985.0, 4820.0], [113982.5, 16040.0]], "asks": [[114097.5, 5600.0], [114100.0, 58800.0], [114105.0, 42000.0], [114107.5, 36730.0], [114117.5, 35610.0], [114120.0, 1550.0], [114125.0, 12290.0], [114127.5, 34940.0], [114130.0, 5670.0], [114135.0, 160.0], [114145.0, 5530.0], [114147.5, 16230.0], [114152.5, 600.0], [114155.0, 2000.0], [114190.0, 650.0], [114197.5, 9020.0], [114200.0, 30000.0], [114202.5, 670.0], [114205.0, 1830.0], [114207.5, 6100.0]]}}}
{"jsonrpc": "2.0", "method": "subscription", "params": {"channel": "book.BTC-19SEP25.none.20.100ms", "data": {"timestamp": 1757517893980, "change_id": 116945078822, "instrument_name": "BTC-19SEP25", "bids": [[114095.0, 12550.0], [114092.5, 1680.0], [114090.0, 5600.0], [114087.5, 12120.0], [114085.0, 47890.0], [114082.5, 5000.0], [114077.5, 18310.0], [114075.0, 76940.0], [114072.5, 15050.0], [114070.0, 49790.0], [114067.5, 39720.0], [114065.0, 135310.0], [114055.0, 650.0], [114020.0, 660.0], [114015.0, 20.0], [114002.5, 900.0], [114000.0, 3000.0], [113997.5, 1900.0], [113995.0, 6340.0], [113987.5, 640.0]], "asks": [[114097.5, 5600.0], [114100.0, 58800.0], [114105.0, 42000.0], [114107.5, 36730.0], [114117.5, 35610.0], [114120.0, 1550.0], [114125.0, 12290.0], [114127.5, 34940.0], [114130.0, 5670.0], [114135.0, 160.0], [114145.0, 5530.0], [114147.5, 16230.0], [114152.5, 600.0], [114155.0, 2000.0], [114190.0, 650.0], [114197.5, 9020.0], [114200.0, 30000.0], [114202.5, 670.0], [114205.0, 1830.0], [114207.5, 6100.0]]}}}
{"jsonrpc": "2.0", "method": "subscription", "params": {"channel": "book.BTC-12SEP25.none.20.100ms", "data": {"timestamp": 1757517894448, "change_id": 116945079131, "instrument_name": "BTC-12SEP25", "bids": [[113897.5, 14110.0], [113895.0, 12410.0], [113892.5, 7900.0], [113890.0, 15230.0], [113887.5, 7200.0], [113885.0, 18010.0], [113882.5, 34580.0], [113880.0, 2000.0], [113877.5, 72060.0], [113875.0, 126440.0], [113872.5, 84620.0], [113870.0, 11770.0], [113867.5, 34580.0], [113860.0, 590.0], [113857.5, 1980.0], [113847.5, 590.0], [113845.0, 1980.0], [113835.0, 610.0], [113832.5, 2030.0], [113827.5, 1800.0]], "asks": [[113900.0, 58800.0], [113910.0, 1700.0], [113912.5, 42000.0], [113915.0, 7370.0], [113917.5, 70000.0], [113920.0, 12600.0], [113922.5, 34580.0], [113930.0, 16010.0], [113932.5, 36620.0], [113942.5, 590.0], [113945.0, 2630.0], [113947.5, 2000.0], [113950.0, 1860.0], [113955.0, 590.0], [113957.5, 1980.0], [113962.5, 4870.0], [113965.0, 16230.0], [113967.5, 7440.0], [113970.0, 25390.0], [113972.5, 1960.0]]}}}
{"jsonrpc": "2.0", "method": "subscription", "params": {"channel": "book.BTC-19SEP25.none.20.100ms", "data": {"timestamp": 1757517894774, "change_id": 116945079630, "instrument_name": "BTC-19SEP25", "bids": [[114095.0, 12550.0], [114092.5, 2970.0], [114090.0, 10600.0], [114087.5, 12120.0], [114085.0, 46390.0], [114077.5, 18310.0], [114075.0, 76940.0], [114072.5, 15050.0], [114070.0, 49790.0], [114067.5, 39720.0], [114065.0, 135310.0], [114055.0, 650.0], [114020.0, 660.0], [114015.0, 20.0], [114002.5, 900.0], [114000.0, 3000.0], [113997.5, 1900.0], [113995.0, 6340.0], [113987.5, 640.0], [113985.0, 4820.0]], "asks": [[114097.5, 5600.0], [114100.0, 58800.0], [114105.0, 42000.0], [114107.5, 36730.0], [114117.5, 35610.0], [114120.0, 1550.0], [114125.0, 12290.0], [114127.5, 34940.0], [114130.0, 5670.0], [114135.0, 160.0], [114145.0, 5530.0], [114147.5, 16230.0], [114152.5, 600.0], [114155.0, 2000.0], [114190.0, 650.0], [114197.5, 9020.0], [114200.0, 30000.0], [114202.5, 670.0], [114205.0, 1830.0], [114207.5, 6100.0]]}}}
{"jsonrpc": "2.0", "method": "subscription", "params": {"channel": "book.BTC-12SEP25.none.20.100ms", "data": {"timestamp": 1757517894641, "change_id": 116945079518, "instrument_name": "BTC-12SEP25", "bids": [[113897.5, 14110.0], [113895.0, 12410.0], [113892.5, 7900.0], [113890.0, 15230.0], [113887.5, 7200.0], [113885.0, 18010.0], [113882.5, 34580.0], [113880.0, 2000.0], [113877.5, 72060.0], [113875.0, 126440.0], [113872.5, 84620.0], [113870.0, 11770.0], [113867.5, 34580.0], [113860.0, 590.0], [113857.5, 1980.0], [113847.5, 590.0], [113845.0, 1980.0], [113835.0, 610.0], [113832.5, 2030.0], [113827.5, 1800.0]], "asks": [[113900.0, 58800.0], [113910.0, 36280.0], [113912.5, 42000.0], [113915.0, 7370.0], [113917.5, 70000.0], [113920.0, 12600.0], [113922.5, 34580.0], [113930.0, 16010.0], [113932.5, 36620.0], [113942.5, 590.0], [113945.0, 2630.0], [113947.5, 2000.0], [113950.0, 1860.0], [113955.0, 590.0], [113957.5, 1980.0], [113962.5, 4870.0], [113965.0, 16230.0], [113967.5, 7440.0], [113970.0, 25390.0], [113972.5, 1960.0]]}}}
