{"jsonrpc": "2.0", "id": 1, "result": ["book.BTC-22AUG25.none.20.100ms"], "usIn": 1755654937233219, "usOut": 1755654937233439, "usDiff": 220, "testnet": false}
{"jsonrpc": "2.0", "method": "subscription", "params": {"channel": "book.BTC-22AUG25.none.20.100ms", "data": {"timestamp": 1755654936967, "change_id": 114173569968, "instrument_name": "BTC-22AUG25", "bids": [[113070.0, 1500.0], [113065.0, 5000.0], [113062.5, 25610.0], [113060.0, 130390.0], [113050.0, 4050.0], [113047.5, 3490.0], [113045.0, 10000.0], [113037.5, 1100.0], [113035.0, 3650.0], [113025.0, 1650.0], [113022.5, 5490.0], [113012.5, 6030.0], [113010.0, 20090.0], [113000.0, 1030.0], [112997.5, 3420.0], [112992.5, 15000.0], [112990.0, 50000.0], [112965.0, 1030.0], [112962.5, 3420.0], [112960.0, 3000.0]], "asks": [[113082.5, 3300.0], [113085.0, 8300.0], [113087.5, 6950.0], [113090.0, 6030.0], [113092.5, 3300.0], [113095.0, 11480.0], [113097.5, 3300.0], [113100.0, 7590.0], [113102.5, 13300.0], [113105.0, 3480.0], [113107.5, 40.0], [113127.5, 1020.0], [113130.0, 3410.0], [113152.5, 1030.0], [113155.0, 3420.0], [113165.0, 1050.0], [113167.5, 3490.0], [113177.5, 3000.0], [113180.0, 10000.0], [113185.0, 1060.0]]}}}
{"jsonrpc": "2.0", "method": "subscription", "params": {"channel": "book.BTC-22AUG25.none.20.100ms", "data": {"timestamp": 1755654937443, "change_id": 114173570910, "instrument_name": "BTC-22AUG25", "bids": [[113070.0, 1500.0], [113065.0, 5000.0], [113062.5, 25610.0], [113060.0, 130390.0], [113050.0, 4050.0], [113047.5, 3490.0], [113045.0, 10000.0], [113037.5, 1100.0], [113035.0, 3650.0], [113025.0, 1650.0], [113022.5, 5490.0], [113012.5, 6030.0], [113010.0, 20090.0], [113000.0, 1030.0], [112997.5, 3420.0], [112992.5, 15000.0], [112990.0, 50000.0], [112965.0, 1030.0], [112962.5, 3420.0], [112960.0, 3000.0]], "asks": [[113082.5, 3300.0], [113085.0, 8300.0], [113087.5, 6950.0], [113090.0, 6030.0], [113092.5, 3300.0], [113095.0, 9500.0], [113097.5, 3300.0], [113100.0, 7590.0], [113102.5, 13300.0], [113105.0, 3480.0], [113107.5, 40.0], [113127.5, 1020.0], [113130.0, 3410.0], [113152.5, 1030.0], [113155.0, 3420.0], [113165.0, 1050.0], [113167.5, 3490.0], [113177.5, 3000.0], [113180.0, 10000.0], [113185.0, 1060.0]]}}}
{"jsonrpc": "2.0", "method": "subscription", "params": {"channel": "book.BTC-22AUG25.none.20.100ms", "data": {"timestamp": 1755654937874, "change_id": 114173571672, "instrument_name": "BTC-22AUG25", "bids": [[113070.0, 1500.0], [113065.0, 5000.0], [113062.5, 25610.0], [113060.0, 130390.0], [113050.0, 4050.0], [113047.5, 3490.0], [113045.0, 10000.0], [113037.5, 1100.0], [113035.0, 3650.0], [113025.0, 1650.0], [113022.5, 5490.0], [113012.5, 6030.0], [113010.0, 20090.0], [113000.0, 1030.0], [112997.5, 3420.0], [112992.5, 15000.0], [112990.0, 50000.0], [112965.0, 1030.0], [112962.5, 3420.0], [112960.0, 3000.0]], "asks": [[113082.5, 3300.0], [113085.0, 8300.0], [113087.5, 6950.0], [113090.0, 6030.0], [113092.5, 3300.0], [113095.0, 10410.0], [113097.5, 3300.0], [113100.0, 7590.0], [113102.5, 13300.0], [113105.0, 3480.0], [113107.5, 40.0], [113127.5, 1020.0], [113130.0, 3410.0], [113152.5, 1030.0], [113155.0, 3420.0], [113165.0, 1050.0], [113167.5, 3490.0], [113177.5, 3000.0], [113180.0, 10000.0], [113185.0, 1060.0]]}}}
{"jsonrpc": "2.0", "method": "subscription", "params": {"channel": "book.BTC-22AUG25.none.20.100ms", "data": {"timestamp": 1755654938172, "change_id": 114173571910, "instrument_name": "BTC-22AUG25", "bids": [[113070.0, 1500.0], [113065.0, 5000.0], [113062.5, 25610.0], [113060.0, 130390.0], [113050.0, 4050.0], [113047.5, 3490.0], [113045.0, 10000.0], [113037.5, 1100.0], [113035.0, 3650.0], [113025.0, 1650.0], [113022.5, 5490.0], [113012.5, 6030.0], [113010.0, 20090.0], [113000.0, 1030.0], [112997.5, 3420.0], [112992.5, 15000.0], [112990.0, 50000.0], [112965.0, 1030.0], [112962.5, 3420.0], [112960.0, 3000.0]], "asks": [[113082.5, 3300.0], [113085.0, 8300.0], [113087.5, 6950.0], [113092.5, 3300.0], [113095.0, 9500.0], [113097.5, 3300.0], [113100.0, 7590.0], [113102.5, 13300.0], [113105.0, 3480.0], [113107.5, 40.0], [113127.5, 1020.0], [113130.0, 3410.0], [113152.5, 1030.0], [113155.0, 3420.0], [113165.0, 1050.0], [113167.5, 3490.0], [113177.5, 3000.0], [113180.0, 10000.0], [113185.0, 1060.0], [113187.5, 3530.0]]}}}
{"jsonrpc": "2.0", "method": "subscription", "params": {"channel": "book.BTC-22AUG25.none.20.100ms", "data": {"timestamp": 1755654938502, "change_id": 114173572507, "instrument_name": "BTC-22AUG25", "bids": [[113070.0, 1500.0], [113065.0, 5000.0], [113062.5, 25610.0], [113060.0, 124360.0], [113050.0, 4050.0], [113047.5, 3490.0], [113045.0, 10000.0], [113037.5, 1100.0], [113035.0, 3650.0], [113025.0, 1650.0], [113022.5, 5490.0], [113012.5, 6030.0], [113010.0, 20090.0], [113000.0, 1030.0], [112997.5, 3420.0], [112992.5, 15000.0], [112990.0, 50000.0], [112965.0, 1030.0], [112962.5, 3420.0], [112960.0, 3000.0]], "asks": [[113082.5, 3300.0], [113085.0, 8300.0], [113087.5, 6950.0], [113090.0, 6030.0], [113092.5, 3300.0], [113095.0, 10640.0], [113097.5, 3300.0], [113100.0, 7590.0], [113102.5, 13300.0], [113105.0, 3480.0], [113107.5, 40.0], [113127.5, 1020.0], [113130.0, 3410.0], [113152.5, 1030.0], [113155.0, 3420.0], [113165.0, 1050.0], [113167.5, 3490.0], [113177.5, 3000.0], [113180.0, 10000.0], [113185.0, 1060.0]]}}}
{"jsonrpc": "2.0", "method": "subscription", "params": {"channel": "book.BTC-22AUG25.none.20.100ms", "data": {"timestamp": 1755654938746, "change_id": 114173572802, "instrument_name": "BTC-22AUG25", "bids": [[113070.0, 1500.0], [113065.0, 5000.0], [113062.5, 25610.0], [113060.0, 130390.0], [113050.0, 4050.0], [113047.5, 3490.0], [113045.0, 10000.0], [113037.5, 1100.0], [113035.0, 3650.0], [113025.0, 1650.0], [113022.5, 5490.0], [113012.5, 6030.0], [113010.0, 20090.0], [113000.0, 1030.0], [112997.5, 3420.0], [112992.5, 15000.0], [112990.0, 50000.0], [112965.0, 1030.0], [112962.5, 3420.0], [112960.0, 3000.0]], "asks": [[113082.5, 3300.0], [113085.0, 8300.0], [113087.5, 6950.0], [113090.0, 6030.0], [113092.5, 3300.0], [113095.0, 9500.0], [113097.5, 3300.0], [113100.0, 7590.0], [113102.5, 13300.0], [113105.0, 3480.0], [113107.5, 40.0], [113127.5, 1020.0], [113130.0, 3410.0], [113152.5, 1030.0], [113155.0, 3420.0], [113165.0, 1050.0], [113167.5, 3490.0], [113177.5, 3000.0], [113180.0, 10000.0], [113185.0, 1060.0]]}}}
{"jsonrpc": "2.0", "method": "subscription", "params": {"channel": "book.BTC-22AUG25.none.20.100ms", "data": {"timestamp": 1755654939517, "change_id": 114173574182, "instrument_name": "BTC-22AUG25", "bids": [[113067.5, 2350.0], [113065.0, 7830.0], [113062.5, 25610.0], [113060.0, 124360.0], [113057.5, 6030.0], [113055.0, 5000.0], [113050.0, 4050.0], [113047.5, 3490.0], [113045.0, 10000.0], [113037.5, 1100.0], [113035.0, 3650.0], [113025.0, 1650.0], [113022.5, 5490.0], [113010.0, 20090.0], [113000.0, 1030.0], [112997.5, 3420.0], [112992.5, 15000.0], [112990.0, 50000.0], [112962.5, 3420.0], [112960.0, 3000.0]], "asks": [[113080.0, 8300.0], [113082.5, 6850.0], [113085.0, 3300.0], [113087.5, 3460.0], [113090.0, 6030.0], [113092.5, 3300.0], [113095.0, 11480.0], [113097.5, 3300.0], [113100.0, 7590.0], [113102.5, 13300.0], [113105.0, 3480.0], [113107.5, 40.0], [113127.5, 1020.0], [113130.0, 3410.0], [113155.0, 3420.0], [113165.0, 1050.0], [113167.5, 3490.0], [113177.5, 3000.0], [113180.0, 10000.0], [113185.0, 1060.0]]}}}
{"jsonrpc": "2.0", "method": "subscription", "params": {"channel": "book.BTC-22AUG25.none.20.100ms", "data": {"timestamp": 1755654939865, "change_id": 114173574895, "instrument_name": "BTC-22AUG25", "bids": [[113060.0, 6420.0], [113057.5, 6030.0], [113055.0, 3550.0], [113050.0, 3000.0], [113045.0, 10000.0], [113037.5, 1100.0], [113035.0, 3650.0], [113025.0, 1650.0], [113022.5, 5490.0], [113010.0, 20090.0], [113000.0, 1030.0], [112997.5, 3420.0], [112992.5, 15000.0], [112990.0, 50000.0], [112962.5, 3420.0], [112960.0, 3000.0], [112957.5, 10000.0], [112945.0, 8450.0], [112942.5, 3490.0], [112940.0, 25100.0]], "asks": [[113080.0, 8300.0], [113082.5, 6850.0], [113085.0, 3300.0], [113087.5, 3460.0], [113090.0, 6030.0], [113092.5, 3300.0], [113095.0, 11480.0], [113097.5, 3300.0], [113100.0, 7590.0], [113102.5, 13300.0], [113105.0, 3480.0], [113107.5, 40.0], [113127.5, 1020.0], [113130.0, 3410.0], [113155.0, 3420.0], [113165.0, 1050.0], [113167.5, 3490.0], [113177.5, 3000.0], [113180.0, 10000.0], [113185.0, 1060.0]]}}}
{"jsonrpc": "2.0", "method": "subscription", "params": {"channel": "book.BTC-22AUG25.none.20.100ms", "data": {"timestamp": 1755654940192, "change_id": 114173575289, "instrument_name": "BTC-22AUG25", "bids": [[113060.0, 1810.0], [113057.5, 6030.0], [113055.0, 1070.0], [113052.5, 3550.0], [113050.0, 3000.0], [113045.0, 10000.0], [113037.5, 1100.0], [113035.0, 3650.0], [113025.0, 1650.0], [113022.5, 5490.0], [113010.0, 20090.0], [113000.0, 1030.0], [112997.5, 3420.0], [112992.5, 15000.0], [112990.0, 50000.0], [112962.5, 3420.0], [112960.0, 3000.0], [112957.5, 10000.0], [112945.0, 8450.0], [112942.5, 3490.0]], "asks": [[113080.0, 8300.0], [113085.0, 3300.0], [113087.5, 3460.0], [113090.0, 9330.0], [113092.5, 6850.0], [113095.0, 11400.0], [113097.5, 3300.0], [113100.0, 7590.0], [113102.5, 13300.0], [113105.0, 3480.0], [113107.5, 40.0], [113127.5, 1020.0], [113130.0, 3410.0], [113155.0, 3420.0], [113165.0, 1050.0], [113167.5, 3490.0], [113177.5, 3000.0], [113180.0, 10000.0], [113185.0, 1060.0], [113187.5, 3530.0]]}}}
{"jsonrpc": "2.0", "method": "subscription", "params": {"channel": "book.BTC-22AUG25.none.20.100ms", "data": {"timestamp": 1755654940502, "change_id": 114173575792, "instrument_name": "BTC-22AUG25", "bids": [[113072.5, 2350.0], [113070.0, 7830.0], [113067.5, 22050.0], [113065.0, 124370.0], [113060.0, 6810.0], [113057.5, 6030.0], [113055.0, 1070.0], [113052.5, 3550.0], [113050.0, 3000.0], [113045.0, 10000.0], [113037.5, 1100.0], [113035.0, 3650.0], [113025.0, 1650.0], [113022.5, 5490.0], [113010.0, 20090.0], [113000.0, 1030.0], [112997.5, 3420.0], [112992.5, 15000.0], [112990.0, 50000.0], [112965.0, 1030.0]], "asks": [[113080.0, 8300.0], [113085.0, 3300.0], [113087.5, 3460.0], [113090.0, 9330.0], [113092.5, 6850.0], [113095.0, 11400.0], [113097.5, 3300.0], [113100.0, 7590.0], [113102.5, 13300.0], [113105.0, 3480.0], [113107.5, 40.0], [113127.5, 1020.0], [113130.0, 3410.0], [113155.0, 3420.0], [113165.0, 1050.0], [113167.5, 3490.0], [113177.5, 3000.0], [113180.0, 10000.0], [113185.0, 1060.0], [113187.5, 3530.0]]}}}
{"jsonrpc": "2.0", "method": "subscription", "params": {"channel": "book.BTC-22AUG25.none.20.100ms", "data": {"timestamp": 1755654940800, "change_id": 114173576354, "instrument_name": "BTC-22AUG25", "bids": [[113072.5, 2360.0], [113070.0, 7870.0], [113067.5, 22050.0], [113065.0, 124370.0], [113060.0, 5000.0], [113055.0, 1070.0], [113052.5, 3550.0], [113050.0, 3000.0], [113045.0, 10000.0], [113037.5, 1100.0], [113035.0, 3650.0], [113025.0, 1650.0], [113022.5, 5490.0], [113010.0, 20090.0], [112997.5, 3420.0], [112992.5, 15000.0], [112990.0, 50000.0], [112965.0, 1030.0], [112962.5, 3420.0], [112960.0, 3000.0]], "asks": [[113080.0, 8300.0], [113085.0, 3300.0], [113087.5, 3460.0], [113090.0, 9330.0], [113092.5, 6850.0], [113095.0, 11400.0], [113097.5, 3300.0], [113100.0, 7590.0], [113102.5, 13300.0], [113105.0, 3480.0], [113107.5, 40.0], [113127.5, 1020.0], [113130.0, 3410.0], [113155.0, 3420.0], [113165.0, 1050.0], [113167.5, 3490.0], [113177.5, 3000.0], [113180.0, 10000.0], [113185.0, 1060.0], [113187.5, 3530.0]]}}}
{"jsonrpc": "2.0", "method": "subscription", "params": {"channel": "book.BTC-22AUG25.none.20.100ms", "data": {"timestamp": 1755654941100, "change_id": 114173576851, "instrument_name": "BTC-22AUG25", "bids": [[113072.5, 2360.0], [113070.0, 7870.0], [113067.5, 22050.0], [113065.0, 124370.0], [113060.0, 11030.0], [113055.0, 1070.0], [113052.5, 3550.0], [113050.0, 3000.0], [113045.0, 10000.0], [113037.5, 1100.0], [113035.0, 3650.0], [113025.0, 1650.0], [113022.5, 5490.0], [113010.0, 20090.0], [112997.5, 3420.0], [112992.5, 15000.0], [112990.0, 50000.0], [112965.0, 1030.0], [112962.5, 3420.0], [112960.0, 3000.0]], "asks": [[113077.5, 3300.0], [113080.0, 5000.0], [113085.0, 3300.0], [113087.5, 3460.0], [113090.0, 9330.0], [113092.5, 6850.0], [113095.0, 11150.0], [113097.5, 3300.0], [113100.0, 7590.0], [113102.5, 13300.0], [113105.0, 3480.0], [113107.5, 40.0], [113127.5, 1020.0], [113130.0, 3410.0], [113155.0, 3420.0], [113165.0, 1050.0], [113167.5, 3490.0], [113177.5, 3000.0], [113180.0, 10000.0], [113185.0, 1060.0]]}}}
{"jsonrpc": "2.0", "method": "subscription", "params": {"channel": "book.BTC-22AUG25.none.20.100ms", "data": {"timestamp": 1755654941517, "change_id": 114173577857, "instrument_name": "BTC-22AUG25", "bids": [[113080.0, 1070.0], [113077.5, 3550.0], [113067.5, 36210.0], [113065.0, 124370.0], [113055.0, 1070.0], [113052.5, 3550.0], [113045.0, 10000.0], [113035.0, 3650.0], [113022.5, 5490.0], [113012.5, 6030.0], [113010.0, 20090.0], [112997.5, 3420.0], [112990.0, 60000.0], [112965.0, 1030.0], [112962.5, 3420.0], [112942.5, 3490.0], [112940.0, 7530.0], [112937.5, 25100.0], [112927.5, 1060.0], [112925.0, 3530.0]], "asks": [[113087.5, 160.0], [113090.0, 3300.0], [113092.5, 3300.0], [113095.0, 9500.0], [113097.5, 3300.0], [113100.0, 3300.0], [113102.5, 13300.0], [113105.0, 3480.0], [113107.5, 40.0], [113127.5, 1020.0], [113130.0, 3410.0], [113152.5, 1030.0], [113155.0, 3420.0], [113165.0, 1050.0], [113167.5, 3490.0], [113180.0, 10000.0], [113185.0, 1060.0], [113187.5, 3530.0], [113197.5, 40.0], [113200.0, 3490.0]]}}}
{"jsonrpc": "2.0", "method": "subscription", "params": {"channel": "book.BTC-22AUG25.none.20.100ms", "data": {"timestamp": 1755654941765, "change_id": 114173578746, "instrument_name": "BTC-22AUG25", "bids": [[113085.0, 6780.0], [113080.0, 5000.0], [113075.0, 6030.0], [113067.5, 3550.0], [113065.0, 124370.0], [113052.5, 3550.0], [113045.0, 10000.0], [113035.0, 3650.0], [113022.5, 5490.0], [113010.0, 20090.0], [112997.5, 3420.0], [112990.0, 60000.0], [112942.5, 3490.0], [112937.5, 25100.0], [112925.0, 3530.0], [112917.5, 20000.0], [112912.5, 3550.0], [112905.0, 2560.0], [112900.0, 13750.0], [112882.5, 3490.0]], "asks": [[113090.0, 3300.0], [113092.5, 3300.0], [113095.0, 14500.0], [113097.5, 3300.0], [113100.0, 3300.0], [113102.5, 9330.0], [113105.0, 3640.0], [113107.5, 40.0], [113117.5, 3550.0], [113120.0, 10000.0], [113155.0, 3420.0], [113167.5, 3490.0], [113180.0, 10000.0], [113187.5, 3530.0], [113197.5, 40.0], [113200.0, 3490.0], [113212.5, 3490.0], [113215.0, 24290.0], [113217.5, 15930.0], [113220.0, 41200.0]]}}}
{"jsonrpc": "2.0", "method": "subscription", "params": {"channel": "book.BTC-22AUG25.none.20.100ms", "data": {"timestamp": 1755654942115, "change_id": 114173579337, "instrument_name": "BTC-22AUG25", "bids": [[113082.5, 1500.0], [113080.0, 5000.0], [113077.5, 1810.0], [113075.0, 6030.0], [113067.5, 33250.0], [113065.0, 124370.0], [113055.0, 1070.0], [113052.5, 3550.0], [113047.5, 3160.0], [113045.0, 10000.0], [113037.5, 1050.0], [113035.0, 3490.0], [113025.0, 1650.0], [113022.5, 5490.0], [113012.5, 6030.0], [113010.0, 20090.0], [113000.0, 1030.0], [112997.5, 3420.0], [112992.5, 18000.0], [112990.0, 60000.0]], "asks": [[113092.5, 3300.0], [113095.0, 14500.0], [113100.0, 3300.0], [113102.5, 9330.0], [113105.0, 6940.0], [113107.5, 40.0], [113115.0, 4070.0], [113117.5, 3550.0], [113120.0, 10000.0], [113152.5, 1030.0], [113155.0, 3420.0], [113165.0, 1050.0], [113167.5, 3490.0], [113177.5, 3000.0], [113180.0, 10000.0], [113185.0, 1060.0], [113187.5, 3530.0], [113197.5, 1090.0], [113200.0, 3490.0], [113212.5, 10780.0]]}}}
{"jsonrpc": "2.0", "method": "subscription", "params": {"channel": "book.BTC-22AUG25.none.20.100ms", "data": {"timestamp": 1755654942492, "change_id": 114173580020, "instrument_name": "BTC-22AUG25", "bids": [[113082.5, 1500.0], [113080.0, 5000.0], [113077.5, 1810.0], [113075.0, 6030.0], [113067.5, 33250.0], [113065.0, 124370.0], [113055.0, 1070.0], [113052.5, 3550.0], [113047.5, 3160.0], [113045.0, 10000.0], [113037.5, 1050.0], [113035.0, 3490.0], [113025.0, 1650.0], [113022.5, 5490.0], [113012.5, 6030.0], [113010.0, 20090.0], [113000.0, 1030.0], [112997.5, 3420.0], [112992.5, 18000.0], [112990.0, 60000.0]], "asks": [[113092.5, 3300.0], [113095.0, 14500.0], [113100.0, 3300.0], [113102.5, 9330.0], [113105.0, 6940.0], [113107.5, 40.0], [113115.0, 4070.0], [113117.5, 3550.0], [113120.0, 10000.0], [113152.5, 1030.0], [113155.0, 3420.0], [113165.0, 1050.0], [113167.5, 3490.0], [113177.5, 3000.0], [113180.0, 10000.0], [113185.0, 1060.0], [113187.5, 3530.0], [113197.5, 1090.0], [113200.0, 3490.0], [113212.5, 10780.0]]}}}
{"jsonrpc": "2.0", "method": "subscription", "params": {"channel": "book.BTC-22AUG25.none.20.100ms", "data": {"timestamp": 1755654942836, "change_id": 114173580813, "instrument_name": "BTC-22AUG25", "bids": [[113085.0, 2570.0], [113082.5, 3550.0], [113080.0, 5000.0], [113077.5, 1810.0], [113075.0, 6030.0], [113067.5, 37940.0], [113065.0, 124370.0], [113060.0, 3000.0], [113057.5, 10000.0], [113052.5, 3550.0], [113047.5, 160.0], [113037.5, 1050.0], [113035.0, 3490.0], [113025.0, 1650.0], [113022.5, 5490.0], [113012.5, 6030.0], [113010.0, 20090.0], [113000.0, 1030.0], [112997.5, 3420.0], [112992.5, 18000.0]], "asks": [[113092.5, 3300.0], [113095.0, 9500.0], [113100.0, 3300.0], [113102.5, 8300.0], [113105.0, 13040.0], [113107.5, 40.0], [113115.0, 3670.0], [113117.5, 3550.0], [113120.0, 10000.0], [113152.5, 1030.0], [113155.0, 3420.0], [113165.0, 1050.0], [113167.5, 3490.0], [113177.5, 3000.0], [113180.0, 14820.0], [113182.5, 16080.0], [113185.0, 1060.0], [113187.5, 3530.0], [113197.5, 1090.0], [113200.0, 3490.0]]}}}
{"jsonrpc": "2.0", "method": "subscription", "params": {"channel": "book.BTC-22AUG25.none.20.100ms", "data": {"timestamp": 1755654943165, "change_id": 114173581321, "instrument_name": "BTC-22AUG25", "bids": [[113085.0, 3710.0], [113082.5, 7980.0], [113080.0, 5000.0], [113077.5, 1810.0], [113075.0, 6030.0], [113070.0, 1070.0], [113067.5, 3550.0], [113060.0, 3000.0], [113057.5, 10000.0], [113055.0, 1070.0], [113052.5, 3550.0], [113047.5, 160.0], [113037.5, 1050.0], [113035.0, 3490.0], [113025.0, 1650.0], [113022.5, 5490.0], [113012.5, 6030.0], [113010.0, 20090.0], [113000.0, 1030.0], [112997.5, 3420.0]], "asks": [[113092.5, 3300.0], [113095.0, 9500.0], [113100.0, 3300.0], [113102.5, 8300.0], [113105.0, 13040.0], [113107.5, 40.0], [113112.5, 3300.0], [113115.0, 6970.0], [113117.5, 3550.0], [113120.0, 10000.0], [113152.5, 1030.0], [113155.0, 3420.0], [113165.0, 1050.0], [113167.5, 3490.0], [113177.5, 3000.0], [113180.0, 14820.0], [113182.5, 16080.0], [113185.0, 1060.0], [113187.5, 3530.0], [113197.5, 1090.0]]}}}
{"jsonrpc": "2.0", "method": "subscription", "params": {"channel": "book.BTC-22AUG25.none.20.100ms", "data": {"timestamp": 1755654943499, "change_id": 114173581910, "instrument_name": "BTC-22AUG25", "bids": [[113085.0, 1500.0], [113080.0, 29640.0], [113077.5, 124380.0], [113075.0, 6030.0], [113070.0, 1070.0], [113067.5, 3550.0], [113060.0, 3000.0], [113057.5, 10000.0], [113055.0, 1070.0], [113052.5, 3550.0], [113047.5, 160.0], [113037.5, 1050.0], [113035.0, 3490.0], [113025.0, 1650.0], [113022.5, 5490.0], [113012.5, 6030.0], [113010.0, 20090.0], [113000.0, 1030.0], [112997.5, 3420.0], [112992.5, 18000.0]], "asks": [[113092.5, 3300.0], [113095.0, 9500.0], [113100.0, 3300.0], [113102.5, 8300.0], [113105.0, 13040.0], [113107.5, 40.0], [113112.5, 3300.0], [113115.0, 6970.0], [113117.5, 3550.0], [113120.0, 10000.0], [113152.5, 1030.0], [113155.0, 3420.0], [113165.0, 1050.0], [113167.5, 3490.0], [113177.5, 3000.0], [113180.0, 14820.0], [113182.5, 16080.0], [113185.0, 1060.0], [113187.5, 3530.0], [113197.5, 1090.0]]}}}
{"jsonrpc": "2.0", "method": "subscription", "params": {"channel": "book.BTC-22AUG25.none.20.100ms", "data": {"timestamp": 1755654943690, "change_id": 114173582282, "instrument_name": "BTC-22AUG25", "bids": [[113085.0, 1500.0], [113080.0, 29640.0], [113077.5, 124380.0], [113075.0, 6030.0], [113070.0, 1070.0], [113067.5, 3550.0], [113060.0, 3000.0], [113057.5, 10000.0], [113055.0, 1070.0], [113052.5, 3550.0], [113047.5, 160.0], [113037.5, 1050.0], [113035.0, 3490.0], [113025.0, 1650.0], [113022.5, 5490.0], [113012.5, 6030.0], [113010.0, 20090.0], [113000.0, 1030.0], [112997.5, 3420.0], [112992.5, 18000.0]], "asks": [[113092.5, 3300.0], [113095.0, 9500.0], [113100.0, 3300.0], [113102.5, 8300.0], [113105.0, 13040.0], [113107.5, 40.0], [113112.5, 3300.0], [113115.0, 6970.0], [113117.5, 3550.0], [113120.0, 10000.0], [113152.5, 1030.0], [113155.0, 3420.0], [113165.0, 1050.0], [113167.5, 3490.0], [113177.5, 3000.0], [113180.0, 14820.0], [113182.5, 16080.0], [113185.0, 1060.0], [113187.5, 3530.0], [113197.5, 1090.0]]}}}
{"jsonrpc": "2.0", "method": "subscription", "params": {"channel": "book.BTC-22AUG25.none.20.100ms", "data": {"timestamp": 1755654944143, "change_id": 114173583130, "instrument_name": "BTC-22AUG25", "bids": [[113085.0, 2390.0], [113082.5, 7950.0], [113080.0, 24640.0], [113077.5, 124380.0], [113075.0, 6030.0], [113072.5, 5000.0], [113070.0, 1070.0], [113067.5, 3550.0], [113060.0, 3000.0], [113057.5, 10000.0], [113055.0, 1070.0], [113052.5, 3550.0], [113047.5, 160.0], [113037.5, 1050.0], [113035.0, 3490.0], [113025.0, 1650.0], [113022.5, 5490.0], [113012.5, 6030.0], [113010.0, 20090.0], [113000.0, 1030.0]], "asks": [[113092.5, 3300.0], [113095.0, 9500.0], [113100.0, 3300.0], [113102.5, 3300.0], [113105.0, 13040.0], [113107.5, 40.0], [113110.0, 1980.0], [113112.5, 3300.0], [113115.0, 4370.0], [113117.5, 3550.0], [113127.5, 1070.0], [113130.0, 6550.0], [113132.5, 10000.0], [113152.5, 1030.0], [113155.0, 3420.0], [113165.0, 1050.0], [113167.5, 3490.0], [113177.5, 3000.0], [113180.0, 10000.0], [113185.0, 1060.0]]}}}
{"jsonrpc": "2.0", "method": "subscription", "params": {"channel": "book.BTC-22AUG25.none.20.100ms", "data": {"timestamp": 1755654944465, "change_id": 114173583730, "instrument_name": "BTC-22AUG25", "bids": [[113085.0, 2390.0], [113082.5, 7950.0], [113080.0, 24640.0], [113077.5, 124380.0], [113072.5, 5000.0], [113070.0, 7100.0], [113067.5, 3550.0], [113060.0, 3000.0], [113057.5, 10000.0], [113055.0, 1070.0], [113052.5, 3550.0], [113047.5, 160.0], [113037.5, 1050.0], [113035.0, 3490.0], [113025.0, 1650.0], [113022.5, 5490.0], [113012.5, 6030.0], [113010.0, 20090.0], [113000.0, 1030.0], [112997.5, 3420.0]], "asks": [[113092.5, 3300.0], [113095.0, 9500.0], [113097.5, 6030.0], [113100.0, 3300.0], [113102.5, 3300.0], [113105.0, 7010.0], [113107.5, 40.0], [113110.0, 1980.0], [113112.5, 3300.0], [113115.0, 7230.0], [113117.5, 3550.0], [113120.0, 10000.0], [113127.5, 1070.0], [113130.0, 3550.0], [113152.5, 1030.0], [113155.0, 3420.0], [113165.0, 1050.0], [113167.5, 3490.0], [113177.5, 3000.0], [113180.0, 10000.0]]}}}
{"jsonrpc": "2.0", "method": "subscription", "params": {"channel": "book.BTC-22AUG25.none.20.100ms", "data": {"timestamp": 1755654944740, "change_id": 114173584032, "instrument_name": "BTC-22AUG25", "bids": [[113085.0, 2380.0], [113082.5, 7920.0], [113080.0, 24640.0], [113077.5, 124380.0], [113072.5, 5000.0], [113070.0, 7100.0], [113067.5, 3550.0], [113060.0, 3000.0], [113057.5, 10000.0], [113055.0, 1070.0], [113052.5, 3550.0], [113047.5, 160.0], [113037.5, 1050.0], [113035.0, 3490.0], [113025.0, 1650.0], [113022.5, 5490.0], [113012.5, 6030.0], [113010.0, 20090.0], [113000.0, 1030.0], [112997.5, 3420.0]], "asks": [[113092.5, 3300.0], [113095.0, 9500.0], [113097.5, 6030.0], [113100.0, 3300.0], [113102.5, 3300.0], [113105.0, 7010.0], [113107.5, 40.0], [113110.0, 1980.0], [113112.5, 3300.0], [113115.0, 7230.0], [113117.5, 3550.0], [113120.0, 10000.0], [113127.5, 1070.0], [113130.0, 3550.0], [113152.5, 1030.0], [113155.0, 3420.0], [113165.0, 1050.0], [113167.5, 3490.0], [113177.5, 3000.0], [113180.0, 10000.0]]}}}
{"jsonrpc": "2.0", "method": "subscription", "params": {"channel": "book.BTC-22AUG25.none.20.100ms", "data": {"timestamp": 1755654945146, "change_id": 114173584556, "instrument_name": "BTC-22AUG25", "bids": [[113085.0, 2380.0], [113082.5, 7920.0], [113080.0, 24640.0], [113077.5, 129380.0], [113072.5, 1810.0], [113070.0, 7100.0], [113067.5, 3550.0], [113060.0, 3000.0], [113057.5, 10000.0], [113055.0, 1070.0], [113052.5, 3550.0], [113047.5, 160.0], [113037.5, 1050.0], [113035.0, 3490.0], [113025.0, 1650.0], [113022.5, 5490.0], [113012.5, 6030.0], [113010.0, 20090.0], [113000.0, 1030.0], [112997.5, 3420.0]], "asks": [[113092.5, 8300.0], [113095.0, 12800.0], [113097.5, 6030.0], [113102.5, 3300.0], [113105.0, 7010.0], [113107.5, 3340.0], [113112.5, 3300.0], [113115.0, 3300.0], [113117.5, 3550.0], [113120.0, 10000.0], [113127.5, 1070.0], [113130.0, 3550.0], [113152.5, 1030.0], [113155.0, 3420.0], [113165.0, 1050.0], [113167.5, 3490.0], [113177.5, 3000.0], [113180.0, 10000.0], [113185.0, 1060.0], [113187.5, 3530.0]]}}}
{"jsonrpc": "2.0", "method": "subscription", "params": {"channel": "book.BTC-22AUG25.none.20.100ms", "data": {"timestamp": 1755654945361, "change_id": 114173584918, "instrument_name": "BTC-22AUG25", "bids": [[113085.0, 1070.0], [113082.5, 3550.0], [113080.0, 24640.0], [113077.5, 124380.0], [113072.5, 1810.0], [113070.0, 7100.0], [113067.5, 3550.0], [113060.0, 3000.0], [113057.5, 10000.0], [113055.0, 1070.0], [113052.5, 3550.0], [113047.5, 160.0], [113037.5, 1050.0], [113035.0, 3490.0], [113025.0, 1650.0], [113022.5, 5490.0], [113012.5, 6030.0], [113010.0, 20090.0], [113000.0, 1030.0], [112997.5, 3420.0]], "asks": [[113092.5, 3300.0], [113095.0, 12800.0], [113097.5, 6030.0], [113102.5, 3300.0], [113105.0, 7010.0], [113107.5, 3340.0], [113112.5, 3300.0], [113115.0, 7370.0], [113117.5, 3550.0], [113120.0, 10000.0], [113127.5, 1070.0], [113130.0, 3550.0], [113152.5, 1030.0], [113155.0, 3420.0], [113165.0, 1050.0], [113167.5, 3490.0], [113177.5, 3000.0], [113180.0, 10000.0], [113185.0, 1060.0], [113187.5, 3530.0]]}}}
{"jsonrpc": "2.0", "method": "subscription", "params": {"channel": "book.BTC-22AUG25.none.20.100ms", "data": {"timestamp": 1755654945680, "change_id": 114173585565, "instrument_name": "BTC-22AUG25", "bids": [[113085.0, 1070.0], [113082.5, 3550.0], [113080.0, 24640.0], [113077.5, 124380.0], [113072.5, 1810.0], [113070.0, 7100.0], [113067.5, 3550.0], [113060.0, 3000.0], [113057.5, 10000.0], [113055.0, 1070.0], [113052.5, 3550.0], [113047.5, 160.0], [113037.5, 1050.0], [113035.0, 3490.0], [113025.0, 1650.0], [113022.5, 5490.0], [113012.5, 6030.0], [113010.0, 20090.0], [113000.0, 1030.0], [112997.5, 3420.0]], "asks": [[113092.5, 3300.0], [113095.0, 12800.0], [113097.5, 6030.0], [113102.5, 3300.0], [113105.0, 7010.0], [113107.5, 3340.0], [113112.5, 3300.0], [113115.0, 7370.0], [113117.5, 3550.0], [113120.0, 10000.0], [113127.5, 1070.0], [113130.0, 3550.0], [113152.5, 1030.0], [113155.0, 3420.0], [113165.0, 1050.0], [113167.5, 3490.0], [113177.5, 3000.0], [113180.0, 10000.0], [113185.0, 1060.0], [113187.5, 3530.0]]}}}
{"jsonrpc": "2.0", "method": "subscription", "params": {"channel": "book.BTC-22AUG25.none.20.100ms", "data": {"timestamp": 1755654945891, "change_id": 114173586156, "instrument_name": "BTC-22AUG25", "bids": [[113085.0, 1070.0], [113082.5, 3550.0], [113080.0, 24640.0], [113077.5, 124380.0], [113072.5, 1810.0], [113070.0, 7100.0], [113067.5, 3550.0], [113060.0, 3000.0], [113057.5, 10000.0], [113055.0, 1070.0], [113052.5, 3550.0], [113047.5, 160.0], [113037.5, 1050.0], [113035.0, 3490.0], [113025.0, 1650.0], [113022.5, 5490.0], [113012.5, 6030.0], [113010.0, 20090.0], [113000.0, 1030.0], [112997.5, 3420.0]], "asks": [[113092.5, 3300.0], [113095.0, 12800.0], [113097.5, 6030.0], [113102.5, 3300.0], [113105.0, 7010.0], [113107.5, 40.0], [113110.0, 1330.0], [113112.5, 3300.0], [113115.0, 7370.0], [113117.5, 3550.0], [113120.0, 10000.0], [113127.5, 1070.0], [113130.0, 3550.0], [113152.5, 1030.0], [113155.0, 3420.0], [113165.0, 1050.0], [113167.5, 3490.0], [113177.5, 3000.0], [113180.0, 10000.0], [113185.0, 1060.0]]}}}
{"jsonrpc": "2.0", "method": "subscription", "params": {"channel": "book.BTC-22AUG25.none.20.100ms", "data": {"timestamp": 1755654946460, "change_id": 114173586725, "instrument_name": "BTC-22AUG25", "bids": [[113085.0, 2430.0], [113082.5, 8550.0], [113080.0, 24640.0], [113077.5, 124380.0], [113072.5, 6030.0], [113070.0, 1070.0], [113067.5, 3550.0], [113060.0, 3000.0], [113057.5, 10000.0], [113055.0, 1070.0], [113052.5, 3550.0], [113047.5, 160.0], [113037.5, 1050.0], [113035.0, 3490.0], [113025.0, 1650.0], [113022.5, 5490.0], [113012.5, 6030.0], [113010.0, 20090.0], [113000.0, 1030.0], [112997.5, 3420.0]], "asks": [[113092.5, 3300.0], [113095.0, 12800.0], [113097.5, 6030.0], [113100.0, 5000.0], [113102.5, 3300.0], [113105.0, 7010.0], [113107.5, 40.0], [113110.0, 1330.0], [113112.5, 3300.0], [113115.0, 7370.0], [113117.5, 3550.0], [113120.0, 10000.0], [113127.5, 1070.0], [113130.0, 3550.0], [113152.5, 1030.0], [113155.0, 3420.0], [113165.0, 1050.0], [113167.5, 3490.0], [113177.5, 3000.0], [113180.0, 10000.0]]}}}
{"jsonrpc": "2.0", "method": "subscription", "params": {"channel": "book.BTC-22AUG25.none.20.100ms", "data": {"timestamp": 1755654946693, "change_id": 114173587122, "instrument_name": "BTC-22AUG25", "bids": [[113085.0, 1070.0], [113082.5, 5000.0], [113080.0, 24640.0], [113077.5, 124380.0], [113072.5, 6030.0], [113070.0, 1070.0], [113067.5, 3550.0], [113060.0, 3000.0], [113057.5, 10000.0], [113055.0, 1070.0], [113052.5, 3550.0], [113047.5, 160.0], [113037.5, 1050.0], [113035.0, 3490.0], [113025.0, 1650.0], [113022.5, 5490.0], [113012.5, 6030.0], [113010.0, 20090.0], [113000.0, 1030.0], [112997.5, 3420.0]], "asks": [[113092.5, 3300.0], [113095.0, 12800.0], [113097.5, 6030.0], [113100.0, 5000.0], [113102.5, 3300.0], [113105.0, 7010.0], [113107.5, 40.0], [113110.0, 1980.0], [113112.5, 3300.0], [113115.0, 7370.0], [113117.5, 3550.0], [113120.0, 10000.0], [113127.5, 1070.0], [113130.0, 3550.0], [113152.5, 1030.0], [113155.0, 3420.0], [113165.0, 1050.0], [113167.5, 3490.0], [113177.5, 3000.0], [113180.0, 10000.0]]}}}
{"jsonrpc": "2.0", "method": "subscription", "params": {"channel": "book.BTC-22AUG25.none.20.100ms", "data": {"timestamp": 1755654946880, "change_id": 114173587442, "instrument_name": "BTC-22AUG25", "bids": [[113085.0, 1070.0], [113082.5, 5000.0], [113080.0, 24640.0], [113077.5, 124380.0], [113072.5, 6030.0], [113070.0, 1070.0], [113067.5, 3550.0], [113060.0, 3000.0], [113057.5, 10000.0], [113055.0, 1070.0], [113052.5, 3550.0], [113047.5, 160.0], [113037.5, 1050.0], [113035.0, 3490.0], [113025.0, 1650.0], [113022.5, 5490.0], [113012.5, 6030.0], [113010.0, 20090.0], [113000.0, 1030.0], [112997.5, 3420.0]], "asks": [[113092.5, 3300.0], [113095.0, 12800.0], [113097.5, 9330.0], [113100.0, 5000.0], [113102.5, 3300.0], [113105.0, 7010.0], [113107.5, 3340.0], [113110.0, 1980.0], [113112.5, 3300.0], [113115.0, 7370.0], [113117.5, 3550.0], [113120.0, 10000.0], [113127.5, 1070.0], [113130.0, 3550.0], [113152.5, 1030.0], [113155.0, 3420.0], [113165.0, 1050.0], [113167.5, 3490.0], [113177.5, 3000.0], [113180.0, 10000.0]]}}}
{"jsonrpc": "2.0", "method": "subscription", "params": {"channel": "book.BTC-22AUG25.none.20.100ms", "data": {"timestamp": 1755654947450, "change_id": 114173588106, "instrument_name": "BTC-22AUG25", "bids": [[113085.0, 2400.0], [113082.5, 7990.0], [113080.0, 24640.0], [113077.5, 124380.0], [113075.0, 5000.0], [113072.5, 6030.0], [113070.0, 1070.0], [113067.5, 3550.0], [113060.0, 3000.0], [113057.5, 10000.0], [113055.0, 1070.0], [113052.5, 3550.0], [113047.5, 160.0], [113037.5, 1050.0], [113035.0, 3490.0], [113025.0, 1650.0], [113022.5, 5490.0], [113012.5, 6030.0], [113010.0, 20090.0], [113000.0, 1030.0]], "asks": [[113092.5, 3300.0], [113095.0, 17800.0], [113097.5, 9330.0], [113102.5, 3300.0], [113105.0, 7010.0], [113107.5, 3340.0], [113110.0, 1980.0], [113112.5, 3300.0], [113115.0, 7370.0], [113117.5, 3550.0], [113120.0, 10000.0], [113127.5, 1070.0], [113130.0, 3550.0], [113152.5, 1030.0], [113155.0, 3420.0], [113165.0, 1050.0], [113167.5, 3490.0], [113177.5, 3000.0], [113180.0, 10000.0], [113185.0, 1060.0]]}}}
{"jsonrpc": "2.0", "method": "subscription", "params": {"channel": "book.BTC-22AUG25.none.20.100ms", "data": {"timestamp": 1755654947696, "change_id": 114173588481, "instrument_name": "BTC-22AUG25", "bids": [[113085.0, 2360.0], [113082.5, 7860.0], [113080.0, 24640.0], [113077.5, 124380.0], [113075.0, 5000.0], [113072.5, 6030.0], [113070.0, 1070.0], [113067.5, 3550.0], [113060.0, 3000.0], [113057.5, 10000.0], [113055.0, 1070.0], [113052.5, 3550.0], [113047.5, 160.0], [113037.5, 1050.0], [113035.0, 3490.0], [113025.0, 1650.0], [113022.5, 5490.0], [113012.5, 6030.0], [113010.0, 20090.0], [113000.0, 1030.0]], "asks": [[113092.5, 3300.0], [113095.0, 17800.0], [113097.5, 9330.0], [113102.5, 3300.0], [113105.0, 7010.0], [113107.5, 3340.0], [113110.0, 1980.0], [113112.5, 3300.0], [113115.0, 7370.0], [113117.5, 3550.0], [113120.0, 10000.0], [113127.5, 1070.0], [113130.0, 3550.0], [113152.5, 1030.0], [113155.0, 3420.0], [113165.0, 1050.0], [113167.5, 3490.0], [113177.5, 3000.0], [113180.0, 10000.0], [113185.0, 1060.0]]}}}
{"jsonrpc": "2.0", "method": "subscription", "params": {"channel": "book.BTC-22AUG25.none.20.100ms", "data": {"timestamp": 1755654948092, "change_id": 114173588988, "instrument_name": "BTC-22AUG25", "bids": [[113080.0, 3520.0], [113077.5, 6740.0], [113075.0, 5000.0], [113072.5, 1810.0], [113070.0, 7100.0], [113067.5, 3550.0], [113060.0, 3000.0], [113057.5, 10000.0], [113055.0, 1070.0], [113052.5, 3550.0], [113047.5, 160.0], [113037.5, 1050.0], [113035.0, 3490.0], [113025.0, 1650.0], [113022.5, 5490.0], [113012.5, 6030.0], [113010.0, 20090.0], [113000.0, 1030.0], [112997.5, 3420.0], [112992.5, 18000.0]], "asks": [[113092.5, 3300.0], [113095.0, 17800.0], [113097.5, 6030.0], [113102.5, 3300.0], [113105.0, 7010.0], [113107.5, 3340.0], [113110.0, 1980.0], [113112.5, 3300.0], [113115.0, 7370.0], [113117.5, 3550.0], [113120.0, 10000.0], [113127.5, 1070.0], [113130.0, 3550.0], [113152.5, 1030.0], [113155.0, 3420.0], [113165.0, 1050.0], [113167.5, 3490.0], [113177.5, 3000.0], [113180.0, 10000.0], [113185.0, 1060.0]]}}}
{"jsonrpc": "2.0", "method": "subscription", "params": {"channel": "book.BTC-22AUG25.none.20.100ms", "data": {"timestamp": 1755654948460, "change_id": 114173589555, "instrument_name": "BTC-22AUG25", "bids": [[113080.0, 1500.0], [113075.0, 5000.0], [113072.5, 1810.0], [113070.0, 7100.0], [113067.5, 3550.0], [113060.0, 3000.0], [113057.5, 10000.0], [113055.0, 1070.0], [113052.5, 3550.0], [113047.5, 160.0], [113037.5, 1050.0], [113035.0, 3490.0], [113025.0, 1650.0], [113022.5, 5490.0], [113012.5, 6030.0], [113010.0, 20090.0], [113000.0, 1030.0], [112997.5, 3420.0], [112992.5, 18000.0], [112990.0, 60000.0]], "asks": [[113092.5, 3300.0], [113095.0, 17800.0], [113102.5, 3300.0], [113105.0, 7010.0], [113107.5, 3340.0], [113112.5, 3300.0], [113115.0, 4060.0], [113117.5, 3550.0], [113120.0, 10000.0], [113127.5, 1070.0], [113130.0, 3550.0], [113152.5, 1030.0], [113155.0, 3420.0], [113165.0, 1050.0], [113167.5, 3490.0], [113177.5, 3000.0], [113180.0, 10000.0], [113185.0, 1060.0], [113187.5, 3530.0], [113197.5, 1090.0]]}}}
{"jsonrpc": "2.0", "method": "subscription", "params": {"channel": "book.BTC-22AUG25.none.20.100ms", "data": {"timestamp": 1755654948762, "change_id": 114173589841, "instrument_name": "BTC-22AUG25", "bids": [[113087.5, 1070.0], [113085.0, 5050.0], [113080.0, 32320.0], [113077.5, 124380.0], [113070.0, 7100.0], [113067.5, 3550.0], [113060.0, 3000.0], [113057.5, 10000.0], [113055.0, 1070.0], [113052.5, 3550.0], [113047.5, 160.0], [113037.5, 1050.0], [113035.0, 3490.0], [113025.0, 1650.0], [113022.5, 5490.0], [113012.5, 6030.0], [113010.0, 20090.0], [112997.5, 3420.0], [112992.5, 18000.0], [112990.0, 60000.0]], "asks": [[113092.5, 3300.0], [113095.0, 17800.0], [113100.0, 6030.0], [113102.5, 3300.0], [113105.0, 3460.0], [113107.5, 3340.0], [113112.5, 3300.0], [113115.0, 6210.0], [113117.5, 3550.0], [113120.0, 10000.0], [113127.5, 1070.0], [113130.0, 3550.0], [113152.5, 1030.0], [113155.0, 3420.0], [113165.0, 1050.0], [113167.5, 3490.0], [113177.5, 3000.0], [113180.0, 10000.0], [113185.0, 1060.0], [113187.5, 3530.0]]}}}
{"jsonrpc": "2.0", "method": "subscription", "params": {"channel": "book.BTC-22AUG25.none.20.100ms", "data": {"timestamp": 1755654949117, "change_id": 114173590340, "instrument_name": "BTC-22AUG25", "bids": [[113085.0, 1500.0], [113080.0, 32320.0], [113077.5, 124380.0], [113070.0, 7100.0], [113067.5, 3550.0], [113065.0, 16150.0], [113060.0, 3000.0], [113057.5, 10000.0], [113055.0, 1070.0], [113052.5, 3550.0], [113047.5, 160.0], [113037.5, 1050.0], [113035.0, 3490.0], [113025.0, 1650.0], [113022.5, 5490.0], [113010.0, 3420.0], [112997.5, 3420.0], [112992.5, 18000.0], [112990.0, 60000.0], [112987.5, 1070.0]], "asks": [[113092.5, 3300.0], [113095.0, 14500.0], [113100.0, 6030.0], [113102.5, 3300.0], [113105.0, 6960.0], [113107.5, 40.0], [113110.0, 1400.0], [113112.5, 3300.0], [113115.0, 6210.0], [113117.5, 3550.0], [113120.0, 10000.0], [113127.5, 1070.0], [113130.0, 3550.0], [113152.5, 1030.0], [113155.0, 3420.0], [113165.0, 1050.0], [113167.5, 3490.0], [113177.5, 3000.0], [113180.0, 10000.0], [113185.0, 1060.0]]}}}
{"jsonrpc": "2.0", "method": "subscription", "params": {"channel": "book.BTC-22AUG25.none.20.100ms", "data": {"timestamp": 1755654949178, "change_id": 114173590376, "instrument_name": "BTC-22AUG25", "bids": [[113085.0, 1500.0], [113080.0, 32320.0], [113077.5, 124380.0], [113070.0, 7100.0], [113067.5, 3550.0], [113065.0, 16150.0], [113060.0, 3000.0], [113057.5, 10000.0], [113055.0, 1070.0], [113052.5, 3550.0], [113047.5, 160.0], [113037.5, 1050.0], [113035.0, 3490.0], [113025.0, 1650.0], [113022.5, 5490.0], [112997.5, 3420.0], [112992.5, 18000.0], [112990.0, 60000.0], [112987.5, 1070.0], [112985.0, 3550.0]], "asks": [[113092.5, 3300.0], [113095.0, 14500.0], [113100.0, 6030.0], [113102.5, 3300.0], [113105.0, 6960.0], [113107.5, 40.0], [113110.0, 1400.0], [113112.5, 3300.0], [113115.0, 6210.0], [113117.5, 3550.0], [113120.0, 10000.0], [113127.5, 1070.0], [113130.0, 3550.0], [113152.5, 1030.0], [113155.0, 3420.0], [113165.0, 1050.0], [113167.5, 3490.0], [113177.5, 3000.0], [113180.0, 10000.0], [113185.0, 1060.0]]}}}
{"jsonrpc": "2.0", "method": "subscription", "params": {"channel": "book.BTC-22AUG25.none.20.100ms", "data": {"timestamp": 1755654949596, "change_id": 114173590920, "instrument_name": "BTC-22AUG25", "bids": [[113085.0, 1500.0], [113080.0, 32320.0], [113077.5, 124380.0], [113070.0, 7100.0], [113067.5, 3550.0], [113065.0, 16150.0], [113060.0, 3000.0], [113057.5, 10000.0], [113055.0, 1070.0], [113052.5, 3550.0], [113047.5, 160.0], [113037.5, 1050.0], [113035.0, 3490.0], [113025.0, 1650.0], [113022.5, 5490.0], [112997.5, 3420.0], [112992.5, 18000.0], [112990.0, 60000.0], [112987.5, 1070.0], [112985.0, 3550.0]], "asks": [[113092.5, 3300.0], [113095.0, 14500.0], [113100.0, 6030.0], [113102.5, 3300.0], [113105.0, 6960.0], [113107.5, 40.0], [113110.0, 1400.0], [113112.5, 3300.0], [113115.0, 6210.0], [113117.5, 3550.0], [113120.0, 10000.0], [113127.5, 1070.0], [113130.0, 3550.0], [113152.5, 1030.0], [113155.0, 3420.0], [113165.0, 1050.0], [113167.5, 3490.0], [113177.5, 3000.0], [113180.0, 10000.0], [113185.0, 1060.0]]}}}
{"jsonrpc": "2.0", "method": "subscription", "params": {"channel": "book.BTC-22AUG25.none.20.100ms", "data": {"timestamp": 1755654949963, "change_id": 114173591429, "instrument_name": "BTC-22AUG25", "bids": [[113085.0, 1500.0], [113080.0, 32320.0], [113077.5, 124380.0], [113070.0, 1070.0], [113067.5, 3550.0], [113065.0, 16150.0], [113060.0, 3000.0], [113057.5, 10000.0], [113055.0, 1070.0], [113052.5, 3550.0], [113047.5, 160.0], [113037.5, 1050.0], [113035.0, 3490.0], [113025.0, 1650.0], [113022.5, 5490.0], [113000.0, 1030.0], [112997.5, 3420.0], [112992.5, 18000.0], [112990.0, 60000.0], [112987.5, 1070.0]], "asks": [[113092.5, 3300.0], [113095.0, 14500.0], [113097.5, 3300.0], [113100.0, 6030.0], [113102.5, 3300.0], [113105.0, 6960.0], [113107.5, 3340.0], [113110.0, 1400.0], [113112.5, 3300.0], [113115.0, 6210.0], [113117.5, 3550.0], [113120.0, 10000.0], [113127.5, 1070.0], [113130.0, 3550.0], [113152.5, 1030.0], [113155.0, 3420.0], [113165.0, 1050.0], [113167.5, 3490.0], [113177.5, 3000.0], [113180.0, 10000.0]]}}}
{"jsonrpc": "2.0", "method": "subscription", "params": {"channel": "book.BTC-22AUG25.none.20.100ms", "data": {"timestamp": 1755654950278, "change_id": 114173591970, "instrument_name": "BTC-22AUG25", "bids": [[113085.0, 1500.0], [113080.0, 32320.0], [113077.5, 124380.0], [113072.5, 6030.0], [113070.0, 1070.0], [113067.5, 3550.0], [113065.0, 16150.0], [113060.0, 3000.0], [113057.5, 10000.0], [113055.0, 1070.0], [113052.5, 3550.0], [113047.5, 160.0], [113037.5, 1050.0], [113035.0, 3490.0], [113025.0, 1650.0], [113022.5, 5490.0], [113000.0, 1030.0], [112997.5, 3420.0], [112992.5, 18000.0], [112990.0, 60000.0]], "asks": [[113092.5, 3300.0], [113095.0, 14500.0], [113097.5, 3300.0], [113100.0, 6030.0], [113102.5, 3300.0], [113105.0, 6960.0], [113107.5, 3340.0], [113110.0, 1980.0], [113112.5, 3300.0], [113115.0, 6210.0], [113117.5, 3550.0], [113120.0, 10000.0], [113127.5, 1070.0], [113130.0, 3550.0], [113152.5, 1030.0], [113155.0, 3420.0], [113165.0, 1050.0], [113167.5, 3490.0], [113177.5, 3000.0], [113180.0, 10000.0]]}}}
{"jsonrpc": "2.0", "method": "subscription", "params": {"channel": "book.BTC-22AUG25.none.20.100ms", "data": {"timestamp": 1755654951099, "change_id": 114173593076, "instrument_name": "BTC-22AUG25", "bids": [[113087.5, 5000.0], [113085.0, 5000.0], [113080.0, 27320.0], [113077.5, 124380.0], [113072.5, 6030.0], [113067.5, 8400.0], [113065.0, 16150.0], [113060.0, 3000.0], [113057.5, 10000.0], [113055.0, 1530.0], [113052.5, 5550.0], [113047.5, 160.0], [113037.5, 1050.0], [113035.0, 3490.0], [113025.0, 1050.0], [113022.5, 3490.0], [113000.0, 1030.0], [112997.5, 3420.0], [112992.5, 18000.0], [112990.0, 60000.0]], "asks": [[113092.5, 3300.0], [113095.0, 9500.0], [113097.5, 3300.0], [113102.5, 8300.0], [113105.0, 3460.0], [113107.5, 3340.0], [113112.5, 3300.0], [113115.0, 6210.0], [113117.5, 3550.0], [113120.0, 10000.0], [113127.5, 1070.0], [113130.0, 3550.0], [113152.5, 1030.0], [113155.0, 3420.0], [113165.0, 1050.0], [113167.5, 3490.0], [113177.5, 3000.0], [113180.0, 10000.0], [113185.0, 1060.0], [113187.5, 3530.0]]}}}
{"jsonrpc": "2.0", "method": "subscription", "params": {"channel": "book.BTC-22AUG25.none.20.100ms", "data": {"timestamp": 1755654951388, "change_id": 114173595648, "instrument_name": "BTC-22AUG25", "bids": [[113085.0, 2860.0], [113082.5, 9530.0], [113080.0, 25820.0], [113077.5, 124380.0], [113067.5, 8400.0], [113065.0, 16150.0], [113060.0, 3000.0], [113057.5, 10000.0], [113052.5, 5550.0], [113047.5, 160.0], [113037.5, 1050.0], [113035.0, 3490.0], [113022.5, 3490.0], [112997.5, 3420.0], [112992.5, 18000.0], [112990.0, 60000.0], [112987.5, 1070.0], [112985.0, 3550.0], [112962.5, 4910.0], [112960.0, 16370.0]], "asks": [[113102.5, 8300.0], [113105.0, 3460.0], [113107.5, 9370.0], [113110.0, 1210.0], [113112.5, 3300.0], [113115.0, 6460.0], [113117.5, 3550.0], [113120.0, 10000.0], [113127.5, 1070.0], [113130.0, 3550.0], [113152.5, 1030.0], [113155.0, 3420.0], [113165.0, 1050.0], [113167.5, 3490.0], [113177.5, 3000.0], [113180.0, 10000.0], [113187.5, 3530.0], [113197.5, 1090.0], [113200.0, 3490.0], [113210.0, 15760.0]]}}}
{"jsonrpc": "2.0", "method": "subscription", "params": {"channel": "book.BTC-22AUG25.none.20.100ms", "data": {"timestamp": 1755654951698, "change_id": 114173596327, "instrument_name": "BTC-22AUG25", "bids": [[113085.0, 1050.0], [113082.5, 3500.0], [113080.0, 32520.0], [113077.5, 124380.0], [113067.5, 8400.0], [113065.0, 16150.0], [113060.0, 3000.0], [113057.5, 10000.0], [113052.5, 5550.0], [113047.5, 160.0], [113022.5, 3490.0], [112997.5, 3420.0], [112992.5, 18000.0], [112990.0, 60000.0], [112987.5, 1070.0], [112985.0, 3550.0], [112962.5, 4910.0], [112960.0, 16370.0], [112952.5, 25100.0], [112945.0, 1050.0]], "asks": [[113102.5, 8300.0], [113105.0, 3460.0], [113107.5, 9370.0], [113112.5, 3300.0], [113115.0, 7370.0], [113117.5, 3550.0], [113120.0, 10000.0], [113127.5, 1070.0], [113130.0, 3550.0], [113152.5, 1030.0], [113155.0, 3420.0], [113165.0, 1050.0], [113167.5, 3490.0], [113177.5, 3000.0], [113180.0, 10000.0], [113187.5, 3530.0], [113197.5, 1090.0], [113200.0, 3490.0], [113210.0, 15760.0], [113212.5, 3490.0]]}}}
{"jsonrpc": "2.0", "method": "subscription", "params": {"channel": "book.BTC-22AUG25.none.20.100ms", "data": {"timestamp": 1755654951972, "change_id": 114173596747, "instrument_name": "BTC-22AUG25", "bids": [[113085.0, 2730.0], [113082.5, 3500.0], [113080.0, 6030.0], [113067.5, 8400.0], [113065.0, 16150.0], [113060.0, 3000.0], [113057.5, 10000.0], [113052.5, 5550.0], [113047.5, 160.0], [113022.5, 3490.0], [112997.5, 3420.0], [112992.5, 18000.0], [112990.0, 60000.0], [112987.5, 1070.0], [112985.0, 3550.0], [112962.5, 4910.0], [112960.0, 16370.0], [112952.5, 25100.0], [112945.0, 1050.0], [112942.5, 3490.0]], "asks": [[113102.5, 8300.0], [113105.0, 3460.0], [113107.5, 6070.0], [113112.5, 3300.0], [113115.0, 7370.0], [113117.5, 6850.0], [113120.0, 10000.0], [113122.5, 990.0], [113125.0, 3300.0], [113127.5, 1070.0], [113130.0, 3550.0], [113152.5, 1030.0], [113155.0, 3420.0], [113165.0, 1050.0], [113167.5, 3490.0], [113177.5, 3000.0], [113180.0, 10000.0], [113185.0, 1060.0], [113187.5, 3530.0], [113197.5, 1090.0]]}}}
{"jsonrpc": "2.0", "method": "subscription", "params": {"channel": "book.BTC-22AUG25.none.20.100ms", "data": {"timestamp": 1755654952379, "change_id": 114173597323, "instrument_name": "BTC-22AUG25", "bids": [[113087.5, 22490.0], [113085.0, 127120.0], [113082.5, 3500.0], [113080.0, 6030.0], [113067.5, 8400.0], [113065.0, 16150.0], [113060.0, 3160.0], [113057.5, 10000.0], [113052.5, 5550.0], [113022.5, 3490.0], [112997.5, 3420.0], [112992.5, 18000.0], [112990.0, 60000.0], [112987.5, 1070.0], [112985.0, 3550.0], [112962.5, 4910.0], [112960.0, 16370.0], [112952.5, 25100.0], [112945.0, 1050.0], [112942.5, 3490.0]], "asks": [[113102.5, 8300.0], [113105.0, 3460.0], [113107.5, 6070.0], [113112.5, 3300.0], [113115.0, 8420.0], [113117.5, 6850.0], [113120.0, 10000.0], [113122.5, 990.0], [113125.0, 3300.0], [113127.5, 1070.0], [113130.0, 3550.0], [113152.5, 1030.0], [113155.0, 3420.0], [113165.0, 1050.0], [113167.5, 3490.0], [113177.5, 3000.0], [113180.0, 10000.0], [113185.0, 1060.0], [113187.5, 3530.0], [113197.5, 1090.0]]}}}
{"jsonrpc": "2.0", "method": "subscription", "params": {"channel": "book.BTC-22AUG25.none.20.100ms", "data": {"timestamp": 1755654952631, "change_id": 114173597799, "instrument_name": "BTC-22AUG25", "bids": [[113087.5, 22490.0], [113085.0, 127120.0], [113082.5, 3500.0], [113080.0, 6030.0], [113067.5, 8400.0], [113065.0, 16150.0], [113060.0, 3160.0], [113057.5, 10000.0], [113052.5, 5550.0], [113022.5, 3490.0], [112997.5, 3420.0], [112992.5, 18000.0], [112990.0, 60000.0], [112987.5, 1070.0], [112985.0, 3550.0], [112962.5, 4910.0], [112960.0, 16370.0], [112952.5, 25100.0], [112945.0, 1050.0], [112942.5, 3490.0]], "asks": [[113102.5, 8300.0], [113105.0, 3460.0], [113107.5, 6070.0], [113112.5, 3300.0], [113115.0, 4350.0], [113117.5, 6850.0], [113120.0, 10000.0], [113122.5, 990.0], [113125.0, 3300.0], [113127.5, 1070.0], [113130.0, 3550.0], [113152.5, 1030.0], [113155.0, 3420.0], [113165.0, 1050.0], [113167.5, 3490.0], [113177.5, 3000.0], [113180.0, 10000.0], [113185.0, 1060.0], [113187.5, 3530.0], [113197.5, 1090.0]]}}}
{"jsonrpc": "2.0", "method": "subscription", "params": {"channel": "book.BTC-22AUG25.none.20.100ms", "data": {"timestamp": 1755654952981, "change_id": 114173598470, "instrument_name": "BTC-22AUG25", "bids": [[113087.5, 22490.0], [113085.0, 127120.0], [113082.5, 3500.0], [113080.0, 6030.0], [113067.5, 8400.0], [113065.0, 16150.0], [113060.0, 3160.0], [113057.5, 10000.0], [113055.0, 1670.0], [113052.5, 5550.0], [113025.0, 1050.0], [113022.5, 3490.0], [112997.5, 3420.0], [112992.5, 18000.0], [112990.0, 60000.0], [112987.5, 1070.0], [112985.0, 3550.0], [112962.5, 4910.0], [112960.0, 16370.0], [112955.0, 7530.0]], "asks": [[113102.5, 8300.0], [113105.0, 3460.0], [113107.5, 6070.0], [113112.5, 3300.0], [113115.0, 4350.0], [113117.5, 6850.0], [113120.0, 13300.0], [113122.5, 990.0], [113125.0, 3300.0], [113127.5, 1070.0], [113130.0, 3550.0], [113152.5, 1030.0], [113155.0, 3420.0], [113165.0, 1050.0], [113167.5, 3490.0], [113177.5, 3000.0], [113180.0, 10000.0], [113185.0, 1060.0], [113187.5, 3530.0], [113197.5, 1090.0]]}}}
{"jsonrpc": "2.0", "method": "subscription", "params": {"channel": "book.BTC-22AUG25.none.20.100ms", "data": {"timestamp": 1755654953366, "change_id": 114173599070, "instrument_name": "BTC-22AUG25", "bids": [[113087.5, 22490.0], [113085.0, 127120.0], [113082.5, 3500.0], [113072.5, 3000.0], [113070.0, 10000.0], [113067.5, 8400.0], [113065.0, 16150.0], [113060.0, 160.0], [113055.0, 1670.0], [113052.5, 5550.0], [113025.0, 1050.0], [113022.5, 3490.0], [112997.5, 3420.0], [112992.5, 18000.0], [112990.0, 60000.0], [112987.5, 1070.0], [112985.0, 3550.0], [112962.5, 4910.0], [112960.0, 16370.0], [112955.0, 7530.0]], "asks": [[113102.5, 8300.0], [113105.0, 3460.0], [113107.5, 6070.0], [113112.5, 3300.0], [113115.0, 7520.0], [113117.5, 6850.0], [113120.0, 13300.0], [113122.5, 990.0], [113125.0, 3300.0], [113127.5, 1070.0], [113130.0, 3550.0], [113152.5, 1030.0], [113155.0, 3420.0], [113165.0, 1050.0], [113167.5, 3490.0], [113177.5, 3000.0], [113180.0, 10000.0], [113185.0, 1060.0], [113187.5, 3530.0], [113197.5, 1090.0]]}}}
{"jsonrpc": "2.0", "method": "subscription", "params": {"channel": "book.BTC-22AUG25.none.20.100ms", "data": {"timestamp": 1755654953528, "change_id": 114173599411, "instrument_name": "BTC-22AUG25", "bids": [[113087.5, 27490.0], [113085.0, 127120.0], [113082.5, 3500.0], [113080.0, 6030.0], [113072.5, 3000.0], [113070.0, 10000.0], [113067.5, 8400.0], [113065.0, 16150.0], [113060.0, 160.0], [113055.0, 1670.0], [113052.5, 5550.0], [113025.0, 1050.0], [113022.5, 3490.0], [112997.5, 3420.0], [112992.5, 18000.0], [112990.0, 60000.0], [112987.5, 1070.0], [112985.0, 3550.0], [112962.5, 4910.0], [112960.0, 16370.0]], "asks": [[113102.5, 8300.0], [113105.0, 3460.0], [113107.5, 6070.0], [113112.5, 3300.0], [113115.0, 8620.0], [113117.5, 6850.0], [113120.0, 13300.0], [113122.5, 990.0], [113125.0, 3300.0], [113127.5, 1070.0], [113130.0, 3550.0], [113152.5, 1030.0], [113155.0, 3420.0], [113165.0, 1050.0], [113167.5, 3490.0], [113177.5, 3000.0], [113180.0, 10000.0], [113185.0, 1060.0], [113187.5, 3530.0], [113197.5, 1090.0]]}}}
{"jsonrpc": "2.0", "method": "subscription", "params": {"channel": "book.BTC-22AUG25.none.20.100ms", "data": {"timestamp": 1755654954087, "change_id": 114173600235, "instrument_name": "BTC-22AUG25", "bids": [[113087.5, 22490.0], [113085.0, 127120.0], [113080.0, 11030.0], [113067.5, 8400.0], [113065.0, 16150.0], [113057.5, 3000.0], [113055.0, 11670.0], [113052.5, 5550.0], [113025.0, 1050.0], [113022.5, 3490.0], [113000.0, 1030.0], [112997.5, 3420.0], [112992.5, 18000.0], [112990.0, 60000.0], [112987.5, 1070.0], [112985.0, 3550.0], [112962.5, 4910.0], [112960.0, 16370.0], [112955.0, 7530.0], [112952.5, 25100.0]], "asks": [[113095.0, 3300.0], [113097.5, 8300.0], [113100.0, 3500.0], [113102.5, 3300.0], [113105.0, 3460.0], [113107.5, 9370.0], [113110.0, 740.0], [113112.5, 3300.0], [113115.0, 8620.0], [113117.5, 6850.0], [113120.0, 10000.0], [113127.5, 1070.0], [113130.0, 3550.0], [113152.5, 1030.0], [113155.0, 3420.0], [113165.0, 1050.0], [113167.5, 3490.0], [113177.5, 3000.0], [113180.0, 10000.0], [113185.0, 1060.0]]}}}
{"jsonrpc": "2.0", "method": "subscription", "params": {"channel": "book.BTC-22AUG25.none.20.100ms", "data": {"timestamp": 1755654954377, "change_id": 114173600931, "instrument_name": "BTC-22AUG25", "bids": [[113087.5, 22490.0], [113085.0, 127120.0], [113080.0, 9670.0], [113067.5, 8400.0], [113065.0, 16150.0], [113062.5, 4670.0], [113057.5, 3000.0], [113055.0, 11670.0], [113052.5, 5550.0], [113045.0, 160.0], [113025.0, 1050.0], [113022.5, 3490.0], [113000.0, 1030.0], [112997.5, 3420.0], [112995.0, 2560.0], [112992.5, 18000.0], [112990.0, 60000.0], [112987.5, 1070.0], [112985.0, 3550.0], [112962.5, 4910.0]], "asks": [[113095.0, 3300.0], [113097.5, 12970.0], [113100.0, 3500.0], [113102.5, 3300.0], [113105.0, 3460.0], [113107.5, 3340.0], [113110.0, 2130.0], [113112.5, 3300.0], [113115.0, 8620.0], [113117.5, 6850.0], [113120.0, 10000.0], [113127.5, 1070.0], [113130.0, 3550.0], [113135.0, 1400.0], [113137.5, 4670.0], [113152.5, 1030.0], [113155.0, 3420.0], [113165.0, 1050.0], [113167.5, 3490.0], [113177.5, 3000.0]]}}}
{"jsonrpc": "2.0", "method": "subscription", "params": {"channel": "book.BTC-22AUG25.none.20.100ms", "data": {"timestamp": 1755654954717, "change_id": 114173601402, "instrument_name": "BTC-22AUG25", "bids": [[113087.5, 22490.0], [113085.0, 127120.0], [113082.5, 4670.0], [113080.0, 5000.0], [113067.5, 8400.0], [113065.0, 16150.0], [113062.5, 4670.0], [113057.5, 3000.0], [113055.0, 11670.0], [113052.5, 5550.0], [113045.0, 160.0], [113025.0, 1050.0], [113022.5, 3490.0], [113000.0, 1030.0], [112997.5, 3420.0], [112995.0, 2560.0], [112992.5, 18000.0], [112990.0, 60000.0], [112987.5, 1070.0], [112985.0, 3550.0]], "asks": [[113095.0, 3300.0], [113097.5, 12970.0], [113100.0, 3500.0], [113102.5, 3300.0], [113105.0, 3460.0], [113107.5, 3340.0], [113110.0, 2130.0], [113112.5, 3300.0], [113115.0, 8620.0], [113117.5, 6850.0], [113120.0, 10000.0], [113127.5, 1070.0], [113130.0, 3550.0], [113135.0, 1400.0], [113137.5, 4670.0], [113152.5, 1030.0], [113155.0, 3420.0], [113165.0, 1050.0], [113167.5, 3490.0], [113177.5, 3000.0]]}}}
{"jsonrpc": "2.0", "method": "subscription", "params": {"channel": "book.BTC-22AUG25.none.20.100ms", "data": {"timestamp": 1755654955351, "change_id": 114173602271, "instrument_name": "BTC-22AUG25", "bids": [[113087.5, 22490.0], [113085.0, 127120.0], [113082.5, 4670.0], [113080.0, 5000.0], [113067.5, 8400.0], [113065.0, 17550.0], [113062.5, 4670.0], [113057.5, 3000.0], [113055.0, 11670.0], [113052.5, 5550.0], [113045.0, 160.0], [113025.0, 1050.0], [113022.5, 3490.0], [113000.0, 1670.0], [112997.5, 3420.0], [112995.0, 2560.0], [112992.5, 18000.0], [112990.0, 60000.0], [112987.5, 1070.0], [112985.0, 3550.0]], "asks": [[113095.0, 3300.0], [113097.5, 12970.0], [113102.5, 3300.0], [113105.0, 3460.0], [113107.5, 3340.0], [113112.5, 3300.0], [113115.0, 4350.0], [113117.5, 6850.0], [113120.0, 10000.0], [113127.5, 1070.0], [113130.0, 3550.0], [113135.0, 1400.0], [113137.5, 4670.0], [113152.5, 1030.0], [113155.0, 3420.0], [113165.0, 1050.0], [113167.5, 3490.0], [113177.5, 3000.0], [113180.0, 10000.0], [113185.0, 1060.0]]}}}
{"jsonrpc": "2.0", "method": "subscription", "params": {"channel": "book.BTC-22AUG25.none.20.100ms", "data": {"timestamp": 1755654955780, "change_id": 114173602787, "instrument_name": "BTC-22AUG25", "bids": [[113087.5, 22490.0], [113085.0, 127120.0], [113082.5, 4670.0], [113080.0, 5000.0], [113067.5, 8400.0], [113065.0, 17550.0], [113062.5, 4670.0], [113057.5, 3000.0], [113055.0, 11670.0], [113052.5, 5550.0], [113045.0, 160.0], [113025.0, 1050.0], [113022.5, 3490.0], [113000.0, 1670.0], [112997.5, 3420.0], [112995.0, 2560.0], [112992.5, 18000.0], [112990.0, 60000.0], [112987.5, 1070.0], [112985.0, 3550.0]], "asks": [[113095.0, 3300.0], [113097.5, 9670.0], [113102.5, 3300.0], [113105.0, 3460.0], [113107.5, 40.0], [113110.0, 2300.0], [113112.5, 3300.0], [113115.0, 9410.0], [113117.5, 6850.0], [113120.0, 10000.0], [113127.5, 1070.0], [113130.0, 3550.0], [113135.0, 1400.0], [113137.5, 4670.0], [113152.5, 1030.0], [113155.0, 3420.0], [113165.0, 1050.0], [113167.5, 3490.0], [113177.5, 3000.0], [113180.0, 10000.0]]}}}
{"jsonrpc": "2.0", "method": "subscription", "params": {"channel": "book.BTC-22AUG25.none.20.100ms", "data": {"timestamp": 1755654956328, "change_id": 114173603823, "instrument_name": "BTC-22AUG25", "bids": [[113087.5, 22490.0], [113085.0, 127120.0], [113082.5, 4670.0], [113080.0, 5000.0], [113067.5, 8400.0], [113065.0, 17550.0], [113062.5, 4670.0], [113057.5, 3000.0], [113055.0, 11670.0], [113052.5, 5550.0], [113045.0, 160.0], [113025.0, 1050.0], [113022.5, 3490.0], [113000.0, 1670.0], [112997.5, 3420.0], [112995.0, 2560.0], [112992.5, 18000.0], [112990.0, 60000.0], [112987.5, 1070.0], [112985.0, 3550.0]], "asks": [[113095.0, 3300.0], [113097.5, 9670.0], [113102.5, 3300.0], [113105.0, 3460.0], [113107.5, 40.0], [113110.0, 2300.0], [113112.5, 3300.0], [113115.0, 9410.0], [113117.5, 6850.0], [113120.0, 10000.0], [113127.5, 1070.0], [113130.0, 3550.0], [113135.0, 1400.0], [113137.5, 4670.0], [113152.5, 1030.0], [113155.0, 3420.0], [113165.0, 1050.0], [113167.5, 3490.0], [113177.5, 3000.0], [113180.0, 10000.0]]}}}
{"jsonrpc": "2.0", "method": "subscription", "params": {"channel": "book.BTC-22AUG25.none.20.100ms", "data": {"timestamp": 1755654957042, "change_id": 114173605426, "instrument_name": "BTC-22AUG25", "bids": [[113070.0, 1070.0], [113067.5, 3550.0], [113057.5, 3000.0], [113055.0, 10000.0], [113052.5, 5550.0], [113035.0, 16420.0], [113030.0, 160.0], [113025.0, 4670.0], [113022.5, 3490.0], [112997.5, 3420.0], [112995.0, 2560.0], [112992.5, 18000.0], [112990.0, 60000.0], [112987.5, 1070.0], [112985.0, 3550.0], [112962.5, 4910.0], [112960.0, 38910.0], [112942.5, 3490.0], [112925.0, 3530.0], [112917.5, 20000.0]], "asks": [[113087.5, 7970.0], [113090.0, 3500.0], [113095.0, 3300.0], [113097.5, 3300.0], [113100.0, 3080.0], [113102.5, 3300.0], [113105.0, 6960.0], [113107.5, 40.0], [113112.5, 3300.0], [113115.0, 4350.0], [113117.5, 3550.0], [113120.0, 10000.0], [113130.0, 3550.0], [113137.5, 4670.0], [113152.5, 1030.0], [113155.0, 3420.0], [113167.5, 3490.0], [113180.0, 10000.0], [113187.5, 3530.0], [113197.5, 40.0]]}}}
{"jsonrpc": "2.0", "method": "subscription", "params": {"channel": "book.BTC-22AUG25.none.20.100ms", "data": {"timestamp": 1755654957349, "change_id": 114173606450, "instrument_name": "BTC-22AUG25", "bids": [[113082.5, 7990.0], [113080.0, 4670.0], [113077.5, 84000.0], [113067.5, 3550.0], [113062.5, 4670.0], [113055.0, 10000.0], [113052.5, 5550.0], [113042.5, 160.0], [113035.0, 16420.0], [113022.5, 3490.0], [112997.5, 3420.0], [112995.0, 2560.0], [112990.0, 60000.0], [112985.0, 3550.0], [112960.0, 38910.0], [112942.5, 3490.0], [112925.0, 3530.0], [112917.5, 20000.0], [112857.5, 3490.0], [112847.5, 41040.0]], "asks": [[113095.0, 3300.0], [113097.5, 3300.0], [113102.5, 3300.0], [113105.0, 6800.0], [113107.5, 200.0], [113112.5, 3300.0], [113115.0, 4350.0], [113117.5, 3550.0], [113120.0, 10000.0], [113130.0, 3550.0], [113137.5, 4670.0], [113155.0, 3420.0], [113167.5, 3490.0], [113180.0, 10000.0], [113187.5, 3530.0], [113197.5, 40.0], [113200.0, 3490.0], [113210.0, 15760.0], [113212.5, 3490.0], [113215.0, 24290.0]]}}}
{"jsonrpc": "2.0", "method": "subscription", "params": {"channel": "book.BTC-22AUG25.none.20.100ms", "data": {"timestamp": 1755654957614, "change_id": 114173606859, "instrument_name": "BTC-22AUG25", "bids": [[113085.0, 3620.0], [113082.5, 7990.0], [113080.0, 27690.0], [113077.5, 84000.0], [113070.0, 1070.0], [113067.5, 3550.0], [113065.0, 1400.0], [113062.5, 4670.0], [113057.5, 3000.0], [113055.0, 10000.0], [113052.5, 5550.0], [113042.5, 160.0], [113035.0, 16420.0], [113022.5, 3490.0], [112997.5, 3420.0], [112995.0, 2560.0], [112990.0, 60000.0], [112985.0, 3550.0], [112960.0, 38910.0], [112942.5, 3490.0]], "asks": [[113095.0, 8300.0], [113097.5, 7970.0], [113102.5, 3300.0], [113105.0, 6800.0], [113107.5, 200.0], [113110.0, 2300.0], [113112.5, 3300.0], [113115.0, 8420.0], [113117.5, 3550.0], [113120.0, 10000.0], [113127.5, 1070.0], [113130.0, 3550.0], [113137.5, 4670.0], [113155.0, 3420.0], [113167.5, 3490.0], [113180.0, 10000.0], [113187.5, 3530.0], [113197.5, 40.0], [113200.0, 3490.0], [113210.0, 15760.0]]}}}
{"jsonrpc": "2.0", "method": "subscription", "params": {"channel": "book.BTC-22AUG25.none.20.100ms", "data": {"timestamp": 1755654958054, "change_id": 114173607854, "instrument_name": "BTC-22AUG25", "bids": [[113077.5, 84000.0], [113070.0, 1070.0], [113067.5, 3550.0], [113057.5, 3000.0], [113055.0, 11670.0], [113052.5, 5550.0], [113042.5, 160.0], [113035.0, 16420.0], [113022.5, 3490.0], [112997.5, 3420.0], [112995.0, 2560.0], [112990.0, 60000.0], [112985.0, 3550.0], [112962.5, 11670.0], [112960.0, 38910.0], [112942.5, 3490.0], [112925.0, 3530.0], [112917.5, 20000.0], [112857.5, 3490.0], [112847.5, 41040.0]], "asks": [[113095.0, 8460.0], [113102.5, 3300.0], [113105.0, 6800.0], [113107.5, 40.0], [113110.0, 970.0], [113112.5, 3300.0], [113115.0, 9020.0], [113117.5, 6850.0], [113120.0, 10000.0], [113130.0, 3550.0], [113155.0, 3420.0], [113167.5, 3490.0], [113180.0, 10000.0], [113187.5, 3530.0], [113197.5, 40.0], [113200.0, 3490.0], [113210.0, 15760.0], [113212.5, 3490.0], [113215.0, 24290.0], [113220.0, 41200.0]]}}}
{"jsonrpc": "2.0", "method": "subscription", "params": {"channel": "book.BTC-22AUG25.none.20.100ms", "data": {"timestamp": 1755654958381, "change_id": 114173608299, "instrument_name": "BTC-22AUG25", "bids": [[113087.5, 1400.0], [113085.0, 6170.0], [113080.0, 30200.0], [113077.5, 84000.0], [113070.0, 1070.0], [113067.5, 3550.0], [113062.5, 4670.0], [113057.5, 3000.0], [113055.0, 11670.0], [113052.5, 5550.0], [113042.5, 160.0], [113035.0, 16420.0], [113022.5, 3490.0], [112997.5, 3420.0], [112995.0, 2560.0], [112990.0, 60000.0], [112985.0, 3550.0], [112962.5, 11670.0], [112960.0, 38910.0], [112942.5, 3490.0]], "asks": [[113095.0, 8460.0], [113100.0, 4670.0], [113102.5, 3300.0], [113105.0, 3300.0], [113107.5, 40.0], [113110.0, 2170.0], [113112.5, 3300.0], [113115.0, 9020.0], [113117.5, 6850.0], [113120.0, 10000.0], [113127.5, 1070.0], [113130.0, 3550.0], [113135.0, 1400.0], [113137.5, 4670.0], [113155.0, 3420.0], [113167.5, 3490.0], [113180.0, 10000.0], [113187.5, 3530.0], [113197.5, 40.0], [113200.0, 3490.0]]}}}
{"jsonrpc": "2.0", "method": "subscription", "params": {"channel": "book.BTC-22AUG25.none.20.100ms", "data": {"timestamp": 1755654958467, "change_id": 114173608497, "instrument_name": "BTC-22AUG25", "bids": [[113087.5, 1400.0], [113085.0, 6170.0], [113080.0, 30200.0], [113077.5, 84000.0], [113070.0, 1070.0], [113067.5, 3550.0], [113062.5, 4670.0], [113057.5, 3000.0], [113055.0, 11670.0], [113052.5, 5550.0], [113042.5, 160.0], [113035.0, 16420.0], [113022.5, 3490.0], [112997.5, 3420.0], [112995.0, 2560.0], [112990.0, 60000.0], [112985.0, 3550.0], [112962.5, 11670.0], [112960.0, 38910.0], [112942.5, 3490.0]], "asks": [[113095.0, 8460.0], [113100.0, 4670.0], [113102.5, 3300.0], [113105.0, 3300.0], [113107.5, 40.0], [113110.0, 2170.0], [113112.5, 3300.0], [113115.0, 9020.0], [113117.5, 6850.0], [113120.0, 10000.0], [113127.5, 1070.0], [113130.0, 3550.0], [113135.0, 1400.0], [113137.5, 4670.0], [113155.0, 3420.0], [113167.5, 3490.0], [113180.0, 10000.0], [113187.5, 3530.0], [113197.5, 40.0], [113200.0, 3490.0]]}}}
{"jsonrpc": "2.0", "method": "subscription", "params": {"channel": "book.BTC-22AUG25.none.20.100ms", "data": {"timestamp": 1755654958745, "change_id": 114173608707, "instrument_name": "BTC-22AUG25", "bids": [[113087.5, 1400.0], [113085.0, 6170.0], [113080.0, 30200.0], [113077.5, 84000.0], [113070.0, 1070.0], [113067.5, 3550.0], [113062.5, 4670.0], [113057.5, 3000.0], [113055.0, 11670.0], [113052.5, 5550.0], [113042.5, 160.0], [113035.0, 16420.0], [113022.5, 3490.0], [112997.5, 3420.0], [112995.0, 2560.0], [112990.0, 60000.0], [112985.0, 3550.0], [112962.5, 11670.0], [112960.0, 38910.0], [112942.5, 3490.0]], "asks": [[113095.0, 8460.0], [113100.0, 4670.0], [113105.0, 3300.0], [113107.5, 3340.0], [113110.0, 2170.0], [113112.5, 3300.0], [113115.0, 9020.0], [113117.5, 6850.0], [113120.0, 10000.0], [113127.5, 1070.0], [113130.0, 3550.0], [113135.0, 1400.0], [113137.5, 4670.0], [113155.0, 3420.0], [113167.5, 3490.0], [113180.0, 10000.0], [113187.5, 3530.0], [113197.5, 40.0], [113200.0, 3490.0], [113210.0, 15760.0]]}}}
{"jsonrpc": "2.0", "method": "subscription", "params": {"channel": "book.BTC-22AUG25.none.20.100ms", "data": {"timestamp": 1755654959358, "change_id": 114173609680, "instrument_name": "BTC-22AUG25", "bids": [[113087.5, 1400.0], [113085.0, 6170.0], [113080.0, 30200.0], [113077.5, 84000.0], [113070.0, 1070.0], [113067.5, 3550.0], [113065.0, 1400.0], [113062.5, 4670.0], [113057.5, 3000.0], [113055.0, 11830.0], [113052.5, 5550.0], [113037.5, 4930.0], [113035.0, 16420.0], [112997.5, 3420.0], [112995.0, 2560.0], [112992.5, 18000.0], [112990.0, 60000.0], [112985.0, 3550.0], [112960.0, 13810.0], [112952.5, 25100.0]], "asks": [[113092.5, 6880.0], [113095.0, 8460.0], [113097.5, 3300.0], [113100.0, 4670.0], [113105.0, 7880.0], [113107.5, 3340.0], [113110.0, 2170.0], [113112.5, 3300.0], [113115.0, 9020.0], [113117.5, 6850.0], [113120.0, 10000.0], [113127.5, 1070.0], [113130.0, 3550.0], [113135.0, 1400.0], [113137.5, 4670.0], [113167.5, 3490.0], [113180.0, 10000.0], [113187.5, 3530.0], [113197.5, 40.0], [113200.0, 3490.0]]}}}
{"jsonrpc": "2.0", "method": "subscription", "params": {"channel": "book.BTC-22AUG25.none.20.100ms", "data": {"timestamp": 1755654959694, "change_id": 114173610180, "instrument_name": "BTC-22AUG25", "bids": [[113085.0, 1500.0], [113080.0, 30200.0], [113077.5, 84000.0], [113070.0, 1070.0], [113067.5, 3550.0], [113062.5, 4670.0], [113057.5, 3000.0], [113055.0, 11830.0], [113052.5, 5550.0], [113037.5, 4930.0], [113035.0, 16420.0], [112997.5, 3420.0], [112995.0, 2560.0], [112992.5, 18000.0], [112990.0, 60000.0], [112985.0, 3550.0], [112960.0, 13810.0], [112952.5, 25100.0], [112945.0, 1050.0], [112942.5, 3490.0]], "asks": [[113092.5, 3300.0], [113095.0, 8460.0], [113097.5, 3300.0], [113100.0, 4670.0], [113105.0, 7880.0], [113107.5, 3340.0], [113110.0, 2170.0], [113112.5, 3300.0], [113115.0, 9020.0], [113117.5, 6850.0], [113120.0, 10000.0], [113127.5, 1070.0], [113130.0, 3550.0], [113135.0, 1400.0], [113137.5, 4670.0], [113167.5, 3490.0], [113180.0, 10000.0], [113187.5, 3530.0], [113197.5, 40.0], [113200.0, 3490.0]]}}}
{"jsonrpc": "2.0", "method": "subscription", "params": {"channel": "book.BTC-22AUG25.none.20.100ms", "data": {"timestamp": 1755654959923, "change_id": 114173610600, "instrument_name": "BTC-22AUG25", "bids": [[113085.0, 1500.0], [113080.0, 30200.0], [113077.5, 84000.0], [113070.0, 1070.0], [113067.5, 3550.0], [113065.0, 1400.0], [113062.5, 4670.0], [113057.5, 3000.0], [113055.0, 11830.0], [113052.5, 5550.0], [113037.5, 4930.0], [113035.0, 16420.0], [112997.5, 3420.0], [112995.0, 2560.0], [112992.5, 18000.0], [112990.0, 60000.0], [112985.0, 3550.0], [112960.0, 13810.0], [112952.5, 25100.0], [112945.0, 1050.0]], "asks": [[113092.5, 3300.0], [113095.0, 8460.0], [113097.5, 3300.0], [113100.0, 4670.0], [113102.5, 3300.0], [113105.0, 6880.0], [113107.5, 3340.0], [113110.0, 2170.0], [113112.5, 3300.0], [113115.0, 9020.0], [113117.5, 6850.0], [113120.0, 10000.0], [113127.5, 1070.0], [113130.0, 3550.0], [113135.0, 1400.0], [113137.5, 4670.0], [113167.5, 3490.0], [113180.0, 10000.0], [113187.5, 3530.0], [113197.5, 40.0]]}}}
{"jsonrpc": "2.0", "method": "subscription", "params": {"channel": "book.BTC-22AUG25.none.20.100ms", "data": {"timestamp": 1755654960330, "change_id": 114173611167, "instrument_name": "BTC-22AUG25", "bids": [[113085.0, 1400.0], [113082.5, 4670.0], [113080.0, 25200.0], [113077.5, 84000.0], [113072.5, 5000.0], [113070.0, 1070.0], [113067.5, 3550.0], [113065.0, 1400.0], [113062.5, 4670.0], [113057.5, 3000.0], [113055.0, 11830.0], [113052.5, 5550.0], [113037.5, 4930.0], [113035.0, 16420.0], [113000.0, 1790.0], [112997.5, 3420.0], [112995.0, 2560.0], [112992.5, 18000.0], [112990.0, 60000.0], [112985.0, 3550.0]], "asks": [[113092.5, 3300.0], [113095.0, 8460.0], [113097.5, 3300.0], [113102.5, 3300.0], [113105.0, 7880.0], [113107.5, 3340.0], [113110.0, 2170.0], [113112.5, 3300.0], [113115.0, 9020.0], [113117.5, 6850.0], [113120.0, 10000.0], [113127.5, 1070.0], [113130.0, 3550.0], [113135.0, 1400.0], [113137.5, 4670.0], [113167.5, 3490.0], [113177.5, 3000.0], [113180.0, 10000.0], [113187.5, 3530.0], [113197.5, 40.0]]}}}
{"jsonrpc": "2.0", "method": "subscription", "params": {"channel": "book.BTC-22AUG25.none.20.100ms", "data": {"timestamp": 1755654960623, "change_id": 114173611401, "instrument_name": "BTC-22AUG25", "bids": [[113085.0, 1400.0], [113082.5, 4670.0], [113080.0, 25200.0], [113077.5, 84000.0], [113072.5, 5000.0], [113070.0, 1070.0], [113067.5, 3550.0], [113065.0, 1400.0], [113062.5, 4670.0], [113057.5, 3000.0], [113055.0, 11830.0], [113052.5, 5550.0], [113037.5, 4930.0], [113035.0, 16420.0], [113000.0, 1790.0], [112997.5, 3420.0], [112995.0, 2560.0], [112992.5, 18000.0], [112990.0, 60000.0], [112985.0, 3550.0]], "asks": [[113092.5, 3300.0], [113095.0, 8460.0], [113097.5, 7970.0], [113102.5, 3300.0], [113105.0, 7880.0], [113107.5, 3340.0], [113110.0, 2170.0], [113112.5, 3300.0], [113115.0, 9020.0], [113117.5, 6850.0], [113120.0, 10000.0], [113127.5, 1070.0], [113130.0, 3550.0], [113135.0, 1400.0], [113137.5, 4670.0], [113167.5, 3490.0], [113177.5, 3000.0], [113180.0, 10000.0], [113187.5, 3530.0], [113197.5, 40.0]]}}}
{"jsonrpc": "2.0", "method": "subscription", "params": {"channel": "book.BTC-22AUG25.none.20.100ms", "data": {"timestamp": 1755654961031, "change_id": 114173612159, "instrument_name": "BTC-22AUG25", "bids": [[113085.0, 1400.0], [113080.0, 25200.0], [113077.5, 84000.0], [113072.5, 5000.0], [113070.0, 1070.0], [113067.5, 3550.0], [113065.0, 1400.0], [113062.5, 4670.0], [113057.5, 3000.0], [113055.0, 11830.0], [113052.5, 5550.0], [113037.5, 4930.0], [113035.0, 16420.0], [113000.0, 1790.0], [112997.5, 3420.0], [112995.0, 2560.0], [112992.5, 18000.0], [112990.0, 60000.0], [112985.0, 3550.0], [112962.5, 4140.0]], "asks": [[113090.0, 8300.0], [113092.5, 3300.0], [113095.0, 3460.0], [113097.5, 4670.0], [113100.0, 470.0], [113102.5, 3300.0], [113105.0, 10760.0], [113107.5, 13340.0], [113110.0, 2170.0], [113112.5, 3300.0], [113115.0, 5420.0], [113117.5, 3550.0], [113127.5, 1070.0], [113130.0, 3550.0], [113135.0, 1400.0], [113137.5, 4670.0], [113167.5, 3490.0], [113177.5, 3000.0], [113180.0, 10000.0], [113187.5, 3530.0]]}}}
{"jsonrpc": "2.0", "method": "subscription", "params": {"channel": "book.BTC-22AUG25.none.20.100ms", "data": {"timestamp": 1755654961355, "change_id": 114173613716, "instrument_name": "BTC-22AUG25", "bids": [[113070.0, 101460.0], [113067.5, 6860.0], [113065.0, 25000.0], [113057.5, 4670.0], [113052.5, 3550.0], [113035.0, 16420.0], [113032.5, 10000.0], [113027.5, 3580.0], [113025.0, 4670.0], [113022.5, 160.0], [113020.0, 2000.0], [112997.5, 3420.0], [112995.0, 2560.0], [112990.0, 60000.0], [112985.0, 3550.0], [112960.0, 13810.0], [112942.5, 28590.0], [112925.0, 3530.0], [112917.5, 20000.0], [112857.5, 3490.0]], "asks": [[113077.5, 8250.0], [113082.5, 3460.0], [113085.0, 3300.0], [113087.5, 3300.0], [113092.5, 6880.0], [113095.0, 3300.0], [113102.5, 3300.0], [113105.0, 6880.0], [113107.5, 10040.0], [113117.5, 3550.0], [113130.0, 3550.0], [113137.5, 4670.0], [113147.5, 10000.0], [113167.5, 3490.0], [113187.5, 3530.0], [113197.5, 40.0], [113200.0, 3490.0], [113210.0, 15760.0], [113212.5, 3490.0], [113215.0, 24290.0]]}}}
{"jsonrpc": "2.0", "method": "subscription", "params": {"channel": "book.BTC-22AUG25.none.20.100ms", "data": {"timestamp": 1755654961661, "change_id": 114173614501, "instrument_name": "BTC-22AUG25", "bids": [[113072.5, 7890.0], [113070.0, 101460.0], [113067.5, 7500.0], [113065.0, 25000.0], [113062.5, 1500.0], [113060.0, 6400.0], [113057.5, 4670.0], [113055.0, 1070.0], [113052.5, 3550.0], [113035.0, 16420.0], [113032.5, 10000.0], [113027.5, 3580.0], [113025.0, 4670.0], [113022.5, 160.0], [113020.0, 2000.0], [112997.5, 3420.0], [112995.0, 2560.0], [112990.0, 60000.0], [112985.0, 3550.0], [112960.0, 13810.0]], "asks": [[113075.0, 5000.0], [113077.5, 4670.0], [113082.5, 3460.0], [113085.0, 3300.0], [113090.0, 3160.0], [113092.5, 6880.0], [113095.0, 13300.0], [113100.0, 4670.0], [113102.5, 3300.0], [113105.0, 6880.0], [113107.5, 40.0], [113130.0, 3550.0], [113142.5, 3580.0], [113147.5, 10000.0], [113167.5, 3490.0], [113187.5, 3530.0], [113197.5, 40.0], [113200.0, 3490.0], [113210.0, 15760.0], [113212.5, 3490.0]]}}}
{"jsonrpc": "2.0", "method": "subscription", "params": {"channel": "book.BTC-22AUG25.none.20.100ms", "data": {"timestamp": 1755654962010, "change_id": 114173615177, "instrument_name": "BTC-22AUG25", "bids": [[113070.0, 6760.0], [113067.5, 7500.0], [113065.0, 25000.0], [113060.0, 1400.0], [113057.5, 4670.0], [113055.0, 2430.0], [113052.5, 8550.0], [113032.5, 10000.0], [113027.5, 3580.0], [113025.0, 4670.0], [113022.5, 160.0], [113020.0, 2000.0], [112997.5, 3420.0], [112995.0, 2560.0], [112990.0, 60000.0], [112985.0, 3550.0], [112960.0, 13810.0], [112942.5, 28590.0], [112925.0, 3530.0], [112917.5, 20000.0]], "asks": [[113075.0, 5000.0], [113077.5, 4670.0], [113082.5, 3460.0], [113090.0, 4670.0], [113092.5, 6880.0], [113095.0, 10000.0], [113097.5, 1400.0], [113100.0, 7720.0], [113102.5, 3300.0], [113105.0, 6880.0], [113107.5, 40.0], [113130.0, 3550.0], [113142.5, 3580.0], [113147.5, 10000.0], [113167.5, 3490.0], [113187.5, 3530.0], [113197.5, 40.0], [113200.0, 3490.0], [113210.0, 15760.0], [113212.5, 3490.0]]}}}
{"jsonrpc": "2.0", "method": "subscription", "params": {"channel": "book.BTC-22AUG25.none.20.100ms", "data": {"timestamp": 1755654962204, "change_id": 114173615542, "instrument_name": "BTC-22AUG25", "bids": [[113070.0, 7890.0], [113067.5, 7500.0], [113065.0, 25000.0], [113060.0, 1400.0], [113057.5, 4670.0], [113055.0, 2430.0], [113052.5, 8550.0], [113032.5, 10000.0], [113027.5, 3580.0], [113025.0, 4670.0], [113022.5, 160.0], [113020.0, 2000.0], [113015.0, 3580.0], [113012.5, 15910.0], [112997.5, 3420.0], [112995.0, 2560.0], [112990.0, 60000.0], [112985.0, 3550.0], [112960.0, 13810.0], [112942.5, 28590.0]], "asks": [[113075.0, 5000.0], [113077.5, 4670.0], [113082.5, 3460.0], [113090.0, 4670.0], [113092.5, 6880.0], [113095.0, 10000.0], [113097.5, 1400.0], [113100.0, 7720.0], [113102.5, 3300.0], [113105.0, 11910.0], [113107.5, 40.0], [113130.0, 3550.0], [113142.5, 3580.0], [113147.5, 10000.0], [113167.5, 3490.0], [113187.5, 3530.0], [113197.5, 40.0], [113200.0, 3490.0], [113210.0, 15760.0], [113212.5, 3490.0]]}}}
{"jsonrpc": "2.0", "method": "subscription", "params": {"channel": "book.BTC-22AUG25.none.20.100ms", "data": {"timestamp": 1755654962674, "change_id": 114173617986, "instrument_name": "BTC-22AUG25", "bids": [[113037.5, 25000.0], [113027.5, 3580.0], [113015.0, 3580.0], [112997.5, 13420.0], [112995.0, 2560.0], [112990.0, 60000.0], [112987.5, 2160.0], [112985.0, 3550.0], [112960.0, 13810.0], [112942.5, 3490.0], [112925.0, 3530.0], [112917.5, 20000.0], [112912.5, 16050.0], [112857.5, 3490.0], [112847.5, 41040.0], [112840.0, 27820.0], [112835.0, 40.0], [112790.0, 3440.0], [112787.5, 105000.0], [112752.5, 3580.0]], "asks": [[113065.0, 3580.0], [113067.5, 3300.0], [113070.0, 3460.0], [113072.5, 3300.0], [113075.0, 8300.0], [113082.5, 13300.0], [113087.5, 3300.0], [113092.5, 3580.0], [113100.0, 4670.0], [113105.0, 8610.0], [113107.5, 40.0], [113130.0, 3550.0], [113142.5, 3580.0], [113147.5, 10000.0], [113150.0, 16000.0], [113167.5, 3490.0], [113187.5, 3530.0], [113197.5, 40.0], [113200.0, 3490.0], [113212.5, 3490.0]]}}}
{"jsonrpc": "2.0", "method": "subscription", "params": {"channel": "book.BTC-22AUG25.none.20.100ms", "data": {"timestamp": 1755654963013, "change_id": 114173620197, "instrument_name": "BTC-22AUG25", "bids": [[113035.0, 104560.0], [113025.0, 3580.0], [113022.5, 25000.0], [113012.5, 3580.0], [112997.5, 13420.0], [112995.0, 2560.0], [112990.0, 50000.0], [112987.5, 2160.0], [112985.0, 3550.0], [112977.5, 15710.0], [112972.5, 3580.0], [112960.0, 13810.0], [112942.5, 3490.0], [112925.0, 3530.0], [112917.5, 20000.0], [112912.5, 3580.0], [112895.0, 25100.0], [112857.5, 3490.0], [112847.5, 41040.0], [112840.0, 27820.0]], "asks": [[113042.5, 4670.0], [113052.5, 3580.0], [113057.5, 160.0], [113067.5, 3300.0], [113070.0, 13300.0], [113092.5, 3580.0], [113105.0, 3580.0], [113107.5, 40.0], [113130.0, 3550.0], [113142.5, 3580.0], [113147.5, 10000.0], [113150.0, 16000.0], [113167.5, 3490.0], [113187.5, 3530.0], [113197.5, 40.0], [113200.0, 3490.0], [113212.5, 3490.0], [113215.0, 24290.0], [113220.0, 41200.0], [113225.0, 3490.0]]}}}
{"jsonrpc": "2.0", "method": "subscription", "params": {"channel": "book.BTC-22AUG25.none.20.100ms", "data": {"timestamp": 1755654963337, "change_id": 114173621641, "instrument_name": "BTC-22AUG25", "bids": [[113037.5, 6870.0], [113030.0, 2480.0], [113027.5, 4670.0], [113025.0, 11080.0], [113022.5, 25000.0], [113015.0, 1070.0], [113012.5, 3580.0], [113000.0, 4790.0], [112997.5, 13420.0], [112992.5, 15000.0], [112990.0, 52900.0], [112987.5, 6830.0], [112985.0, 3550.0], [112980.0, 4710.0], [112977.5, 15710.0], [112975.0, 1070.0], [112972.5, 3580.0], [112960.0, 3550.0], [112945.0, 1050.0], [112942.5, 3490.0]], "asks": [[113042.5, 4670.0], [113052.5, 3580.0], [113057.5, 160.0], [113060.0, 1400.0], [113062.5, 4670.0], [113067.5, 7290.0], [113070.0, 13300.0], [113090.0, 1070.0], [113092.5, 3580.0], [113102.5, 1070.0], [113105.0, 3580.0], [113107.5, 40.0], [113127.5, 1070.0], [113130.0, 3550.0], [113140.0, 1070.0], [113142.5, 3580.0], [113145.0, 7800.0], [113147.5, 10000.0], [113150.0, 16000.0], [113165.0, 1050.0]]}}}
{"jsonrpc": "2.0", "method": "subscription", "params": {"channel": "book.BTC-22AUG25.none.20.100ms", "data": {"timestamp": 1755654963673, "change_id": 114173623162, "instrument_name": "BTC-22AUG25", "bids": [[113040.0, 1070.0], [113037.5, 8250.0], [113027.5, 2570.0], [113025.0, 16080.0], [113022.5, 25000.0], [113012.5, 3580.0], [113010.0, 10000.0], [113000.0, 160.0], [112997.5, 3420.0], [112992.5, 15000.0], [112990.0, 51140.0], [112987.5, 6670.0], [112985.0, 3550.0], [112980.0, 4710.0], [112977.5, 15710.0], [112972.5, 3580.0], [112960.0, 3550.0], [112957.5, 10000.0], [112942.5, 3490.0], [112925.0, 3530.0]], "asks": [[113045.0, 5000.0], [113052.5, 4670.0], [113057.5, 160.0], [113067.5, 10870.0], [113070.0, 13300.0], [113090.0, 1070.0], [113092.5, 3580.0], [113097.5, 1400.0], [113100.0, 4670.0], [113102.5, 1070.0], [113105.0, 3580.0], [113107.5, 40.0], [113130.0, 3550.0], [113142.5, 3580.0], [113147.5, 10000.0], [113150.0, 16000.0], [113167.5, 3490.0], [113187.5, 3530.0], [113195.0, 20000.0], [113197.5, 40.0]]}}}
{"jsonrpc": "2.0", "method": "subscription", "params": {"channel": "book.BTC-22AUG25.none.20.100ms", "data": {"timestamp": 1755654963976, "change_id": 114173624216, "instrument_name": "BTC-22AUG25", "bids": [[113052.5, 1400.0], [113050.0, 4670.0], [113042.5, 3580.0], [113025.0, 8250.0], [113022.5, 10000.0], [113012.5, 3740.0], [112997.5, 3420.0], [112990.0, 50000.0], [112987.5, 2000.0], [112985.0, 3550.0], [112977.5, 15710.0], [112960.0, 3550.0], [112957.5, 10000.0], [112942.5, 3490.0], [112925.0, 3530.0], [112912.5, 3580.0], [112895.0, 25100.0], [112887.5, 3580.0], [112872.5, 20000.0], [112857.5, 3490.0]], "asks": [[113057.5, 160.0], [113060.0, 9070.0], [113065.0, 3300.0], [113067.5, 11550.0], [113070.0, 10000.0], [113092.5, 3580.0], [113100.0, 4670.0], [113105.0, 3580.0], [113107.5, 40.0], [113142.5, 3580.0], [113147.5, 10000.0], [113150.0, 16000.0], [113167.5, 3490.0], [113187.5, 3530.0], [113195.0, 20000.0], [113197.5, 40.0], [113200.0, 3490.0], [113212.5, 3490.0], [113215.0, 24290.0], [113220.0, 41200.0]]}}}
{"jsonrpc": "2.0", "method": "subscription", "params": {"channel": "book.BTC-22AUG25.none.20.100ms", "data": {"timestamp": 1755654964339, "change_id": 114173625277, "instrument_name": "BTC-22AUG25", "bids": [[113047.5, 1080.0], [113045.0, 4950.0], [113042.5, 6030.0], [113040.0, 5000.0], [113032.5, 124330.0], [113025.0, 6580.0], [113022.5, 10000.0], [113015.0, 1120.0], [113012.5, 3740.0], [113000.0, 1030.0], [112997.5, 3420.0], [112992.5, 15000.0], [112990.0, 50000.0], [112987.5, 2000.0], [112985.0, 3550.0], [112980.0, 4710.0], [112977.5, 15710.0], [112972.5, 3580.0], [112962.5, 1070.0], [112960.0, 6550.0]], "asks": [[113057.5, 160.0], [113060.0, 14070.0], [113065.0, 3300.0], [113067.5, 6880.0], [113070.0, 16030.0], [113092.5, 3580.0], [113105.0, 3580.0], [113107.5, 40.0], [113142.5, 3580.0], [113147.5, 10000.0], [113150.0, 16000.0], [113167.5, 3490.0], [113187.5, 3530.0], [113195.0, 20000.0], [113197.5, 40.0], [113200.0, 3490.0], [113212.5, 3490.0], [113215.0, 24290.0], [113220.0, 41200.0], [113225.0, 3490.0]]}}}
{"jsonrpc": "2.0", "method": "subscription", "params": {"channel": "book.BTC-22AUG25.none.20.100ms", "data": {"timestamp": 1755654964559, "change_id": 114173626006, "instrument_name": "BTC-22AUG25", "bids": [[113052.5, 9610.0], [113037.5, 3580.0], [113032.5, 124330.0], [113025.0, 3580.0], [113022.5, 10000.0], [113012.5, 3740.0], [112997.5, 3420.0], [112990.0, 50000.0], [112987.5, 2000.0], [112985.0, 3550.0], [112977.5, 15710.0], [112972.5, 3580.0], [112960.0, 3550.0], [112957.5, 10000.0], [112942.5, 3490.0], [112925.0, 3530.0], [112912.5, 3580.0], [112895.0, 25100.0], [112887.5, 3580.0], [112872.5, 20000.0]], "asks": [[113060.0, 9070.0], [113065.0, 3300.0], [113067.5, 3300.0], [113075.0, 160.0], [113080.0, 9610.0], [113087.5, 10000.0], [113092.5, 3580.0], [113105.0, 3580.0], [113107.5, 40.0], [113142.5, 3580.0], [113147.5, 10000.0], [113167.5, 3490.0], [113187.5, 3530.0], [113195.0, 20000.0], [113197.5, 40.0], [113200.0, 3490.0], [113212.5, 19440.0], [113215.0, 24290.0], [113220.0, 41200.0], [113225.0, 3490.0]]}}}
{"jsonrpc": "2.0", "method": "subscription", "params": {"channel": "book.BTC-22AUG25.none.20.100ms", "data": {"timestamp": 1755654964944, "change_id": 114173626973, "instrument_name": "BTC-22AUG25", "bids": [[113045.0, 2880.0], [113042.5, 3580.0], [113040.0, 13960.0], [113032.5, 124330.0], [113025.0, 3580.0], [113022.5, 10000.0], [113012.5, 3740.0], [112997.5, 3420.0], [112990.0, 50000.0], [112987.5, 2000.0], [112985.0, 3550.0], [112977.5, 15710.0], [112972.5, 3580.0], [112960.0, 3550.0], [112957.5, 10000.0], [112942.5, 3490.0], [112925.0, 3530.0], [112912.5, 3580.0], [112895.0, 25100.0], [112887.5, 3580.0]], "asks": [[113060.0, 12370.0], [113062.5, 160.0], [113065.0, 5000.0], [113072.5, 9330.0], [113077.5, 3300.0], [113080.0, 3580.0], [113087.5, 10000.0], [113092.5, 3580.0], [113105.0, 3580.0], [113107.5, 40.0], [113142.5, 3580.0], [113147.5, 10000.0], [113152.5, 16070.0], [113167.5, 3490.0], [113187.5, 3530.0], [113195.0, 20000.0], [113197.5, 40.0], [113200.0, 3490.0], [113212.5, 3490.0], [113215.0, 24290.0]]}}}
{"jsonrpc": "2.0", "method": "subscription", "params": {"channel": "book.BTC-22AUG25.none.20.100ms", "data": {"timestamp": 1755654965312, "change_id": 114173627704, "instrument_name": "BTC-22AUG25", "bids": [[113045.0, 1500.0], [113042.5, 5000.0], [113035.0, 1070.0], [113032.5, 3580.0], [113025.0, 3000.0], [113022.5, 10000.0], [113015.0, 1120.0], [113012.5, 3740.0], [113000.0, 1030.0], [112997.5, 3420.0], [112992.5, 15000.0], [112990.0, 50000.0], [112987.5, 2000.0], [112985.0, 3550.0], [112977.5, 15710.0], [112972.5, 3580.0], [112960.0, 3550.0], [112957.5, 10000.0], [112942.5, 3490.0], [112925.0, 3530.0]], "asks": [[113055.0, 3300.0], [113057.5, 6880.0], [113060.0, 17370.0], [113062.5, 160.0], [113070.0, 4300.0], [113072.5, 9330.0], [113075.0, 12060.0], [113077.5, 3300.0], [113080.0, 3580.0], [113092.5, 3580.0], [113105.0, 3580.0], [113107.5, 40.0], [113142.5, 3580.0], [113147.5, 10000.0], [113152.5, 16070.0], [113167.5, 3490.0], [113187.5, 3530.0], [113195.0, 20000.0], [113197.5, 40.0], [113200.0, 3490.0]]}}}
{"jsonrpc": "2.0", "method": "subscription", "params": {"channel": "book.BTC-22AUG25.none.20.100ms", "data": {"timestamp": 1755654965652, "change_id": 114173628927, "instrument_name": "BTC-22AUG25", "bids": [[113037.5, 83680.0], [113027.5, 6030.0], [113012.5, 3580.0], [113000.0, 10000.0], [112997.5, 3420.0], [112990.0, 50000.0], [112987.5, 2160.0], [112985.0, 3550.0], [112977.5, 15710.0], [112972.5, 3580.0], [112960.0, 3550.0], [112957.5, 10000.0], [112942.5, 3490.0], [112925.0, 3530.0], [112912.5, 3580.0], [112895.0, 25100.0], [112887.5, 3580.0], [112872.5, 20000.0], [112857.5, 3490.0], [112840.0, 27820.0]], "asks": [[113050.0, 160.0], [113052.5, 9610.0], [113055.0, 3300.0], [113057.5, 3300.0], [113060.0, 9070.0], [113072.5, 3300.0], [113075.0, 10000.0], [113077.5, 3300.0], [113080.0, 3580.0], [113092.5, 3580.0], [113105.0, 3580.0], [113107.5, 40.0], [113142.5, 3580.0], [113147.5, 10000.0], [113152.5, 16070.0], [113167.5, 3490.0], [113187.5, 3530.0], [113195.0, 20000.0], [113197.5, 40.0], [113200.0, 3490.0]]}}}
{"jsonrpc": "2.0", "method": "subscription", "params": {"channel": "book.BTC-22AUG25.none.20.100ms", "data": {"timestamp": 1755654965952, "change_id": 114173629748, "instrument_name": "BTC-22AUG25", "bids": [[113045.0, 6730.0], [113030.0, 10390.0], [113027.5, 6030.0], [113012.5, 3580.0], [113000.0, 10000.0], [112997.5, 3420.0], [112992.5, 15000.0], [112990.0, 50000.0], [112987.5, 2160.0], [112985.0, 3550.0], [112980.0, 4710.0], [112977.5, 15710.0], [112972.5, 3580.0], [112960.0, 3550.0], [112957.5, 10000.0], [112942.5, 3490.0], [112925.0, 3530.0], [112912.5, 3580.0], [112895.0, 25100.0], [112887.5, 3580.0]], "asks": [[113050.0, 5160.0], [113052.5, 6030.0], [113055.0, 3300.0], [113057.5, 3300.0], [113060.0, 9070.0], [113062.5, 3580.0], [113070.0, 3990.0], [113072.5, 3300.0], [113075.0, 12060.0], [113077.5, 3300.0], [113080.0, 3580.0], [113092.5, 3580.0], [113105.0, 3580.0], [113107.5, 40.0], [113142.5, 3580.0], [113147.5, 10000.0], [113152.5, 16070.0], [113167.5, 3490.0], [113187.5, 3530.0], [113195.0, 20000.0]]}}}
{"jsonrpc": "2.0", "method": "subscription", "params": {"channel": "book.BTC-22AUG25.none.20.100ms", "data": {"timestamp": 1755654966270, "change_id": 114173630223, "instrument_name": "BTC-22AUG25", "bids": [[113040.0, 2020.0], [113037.5, 6730.0], [113035.0, 2570.0], [113030.0, 28360.0], [113027.5, 130360.0], [113015.0, 1070.0], [113012.5, 3580.0], [113000.0, 10160.0], [112997.5, 3420.0], [112992.5, 15000.0], [112990.0, 50000.0], [112987.5, 2000.0], [112985.0, 3550.0], [112980.0, 4710.0], [112977.5, 15710.0], [112960.0, 3550.0], [112957.5, 10000.0], [112942.5, 3490.0], [112925.0, 3530.0], [112912.5, 3580.0]], "asks": [[113050.0, 5160.0], [113052.5, 6030.0], [113055.0, 3300.0], [113057.5, 3300.0], [113060.0, 10140.0], [113062.5, 3580.0], [113070.0, 3990.0], [113072.5, 3300.0], [113075.0, 14570.0], [113077.5, 3300.0], [113092.5, 3580.0], [113105.0, 3580.0], [113107.5, 40.0], [113142.5, 3580.0], [113147.5, 10000.0], [113152.5, 16070.0], [113167.5, 3490.0], [113187.5, 3530.0], [113195.0, 20000.0], [113197.5, 40.0]]}}}
{"jsonrpc": "2.0", "method": "subscription", "params": {"channel": "book.BTC-22AUG25.none.20.100ms", "data": {"timestamp": 1755654966657, "change_id": 114173630752, "instrument_name": "BTC-22AUG25", "bids": [[113040.0, 2370.0], [113037.5, 7910.0], [113035.0, 2570.0], [113030.0, 28360.0], [113027.5, 130360.0], [113015.0, 3940.0], [113012.5, 13580.0], [113000.0, 1190.0], [112997.5, 3420.0], [112992.5, 15000.0], [112990.0, 50000.0], [112987.5, 2000.0], [112985.0, 3550.0], [112980.0, 4710.0], [112977.5, 15710.0], [112972.5, 3580.0], [112960.0, 6550.0], [112957.5, 10000.0], [112942.5, 3490.0], [112927.5, 1060.0]], "asks": [[113050.0, 8460.0], [113052.5, 6030.0], [113057.5, 3300.0], [113060.0, 13440.0], [113062.5, 3580.0], [113067.5, 3300.0], [113070.0, 3990.0], [113072.5, 3300.0], [113075.0, 13580.0], [113090.0, 1070.0], [113092.5, 3580.0], [113105.0, 3580.0], [113107.5, 40.0], [113142.5, 3580.0], [113147.5, 10000.0], [113150.0, 4820.0], [113152.5, 16070.0], [113167.5, 3490.0], [113187.5, 3530.0], [113192.5, 6000.0]]}}}
{"jsonrpc": "2.0", "method": "subscription", "params": {"channel": "book.BTC-22AUG25.none.20.100ms", "data": {"timestamp": 1755654966976, "change_id": 114173631581, "instrument_name": "BTC-22AUG25", "bids": [[113042.5, 6730.0], [113035.0, 1500.0], [113030.0, 24780.0], [113027.5, 124330.0], [113025.0, 6030.0], [113015.0, 3940.0], [113012.5, 13580.0], [113000.0, 1030.0], [112997.5, 3420.0], [112992.5, 15000.0], [112990.0, 50000.0], [112987.5, 2000.0], [112985.0, 3710.0], [112980.0, 4710.0], [112977.5, 15710.0], [112972.5, 3580.0], [112960.0, 6550.0], [112957.5, 10000.0], [112942.5, 3490.0], [112927.5, 1060.0]], "asks": [[113047.5, 6880.0], [113050.0, 5160.0], [113052.5, 990.0], [113055.0, 3300.0], [113057.5, 8550.0], [113060.0, 22340.0], [113062.5, 13580.0], [113065.0, 990.0], [113067.5, 3300.0], [113070.0, 2060.0], [113072.5, 3300.0], [113075.0, 3580.0], [113090.0, 1070.0], [113092.5, 3580.0], [113105.0, 3580.0], [113107.5, 40.0], [113142.5, 3580.0], [113147.5, 10000.0], [113150.0, 4820.0], [113152.5, 16070.0]]}}}
{"jsonrpc": "2.0", "method": "subscription", "params": {"channel": "book.BTC-22AUG25.none.20.100ms", "data": {"timestamp": 1755654967313, "change_id": 114173632442, "instrument_name": "BTC-22AUG25", "bids": [[113040.0, 2360.0], [113037.5, 7860.0], [113030.0, 17970.0], [113027.5, 124330.0], [113022.5, 11030.0], [113015.0, 1070.0], [113012.5, 3580.0], [113000.0, 1030.0], [112997.5, 3420.0], [112995.0, 10000.0], [112990.0, 50000.0], [112987.5, 2000.0], [112985.0, 3710.0], [112977.5, 15710.0], [112972.5, 3580.0], [112960.0, 3550.0], [112957.5, 10000.0], [112942.5, 3490.0], [112925.0, 3530.0], [112912.5, 3580.0]], "asks": [[113045.0, 5000.0], [113047.5, 6880.0], [113050.0, 2750.0], [113052.5, 6030.0], [113055.0, 3300.0], [113057.5, 6740.0], [113060.0, 16310.0], [113062.5, 13580.0], [113065.0, 990.0], [113067.5, 3300.0], [113070.0, 1070.0], [113075.0, 3580.0], [113090.0, 1070.0], [113092.5, 3580.0], [113105.0, 3580.0], [113107.5, 40.0], [113142.5, 3580.0], [113147.5, 10000.0], [113150.0, 4820.0], [113152.5, 16070.0]]}}}
{"jsonrpc": "2.0", "method": "subscription", "params": {"channel": "book.BTC-22AUG25.none.20.100ms", "data": {"timestamp": 1755654967619, "change_id": 114173632898, "instrument_name": "BTC-22AUG25", "bids": [[113030.0, 17970.0], [113027.5, 124330.0], [113022.5, 11030.0], [113015.0, 1070.0], [113012.5, 3580.0], [112997.5, 3420.0], [112995.0, 10000.0], [112992.5, 15000.0], [112990.0, 50000.0], [112987.5, 2000.0], [112985.0, 3710.0], [112977.5, 15710.0], [112972.5, 3580.0], [112960.0, 6550.0], [112957.5, 10000.0], [112942.5, 3490.0], [112927.5, 1060.0], [112925.0, 3530.0], [112912.5, 3580.0], [112897.5, 7530.0]], "asks": [[113045.0, 8580.0], [113047.5, 3300.0], [113050.0, 2750.0], [113052.5, 6030.0], [113055.0, 3300.0], [113057.5, 6740.0], [113060.0, 16310.0], [113062.5, 13580.0], [113065.0, 990.0], [113067.5, 3300.0], [113070.0, 1070.0], [113075.0, 3580.0], [113090.0, 1070.0], [113092.5, 3580.0], [113102.5, 1070.0], [113105.0, 3580.0], [113107.5, 40.0], [113142.5, 3580.0], [113145.0, 3000.0], [113147.5, 10000.0]]}}}
{"jsonrpc": "2.0", "method": "subscription", "params": {"channel": "book.BTC-22AUG25.none.20.100ms", "data": {"timestamp": 1755654967972, "change_id": 114173634109, "instrument_name": "BTC-22AUG25", "bids": [[113017.5, 3310.0], [113015.0, 12100.0], [113012.5, 3580.0], [113000.0, 4030.0], [112997.5, 3420.0], [112995.0, 10000.0], [112992.5, 15000.0], [112990.0, 50000.0], [112987.5, 2000.0], [112985.0, 3710.0], [112977.5, 15710.0], [112972.5, 3580.0], [112960.0, 3550.0], [112957.5, 10000.0], [112942.5, 3490.0], [112925.0, 3530.0], [112912.5, 3580.0], [112887.5, 28680.0], [112872.5, 20000.0], [112860.0, 2560.0]], "asks": [[113037.5, 7040.0], [113042.5, 6030.0], [113045.0, 990.0], [113047.5, 3300.0], [113057.5, 3300.0], [113060.0, 15240.0], [113062.5, 13580.0], [113075.0, 3580.0], [113092.5, 3580.0], [113105.0, 3580.0], [113107.5, 40.0], [113142.5, 3580.0], [113147.5, 10000.0], [113152.5, 16070.0], [113167.5, 3490.0], [113187.5, 3530.0], [113195.0, 20000.0], [113197.5, 40.0], [113200.0, 3490.0], [113212.5, 3490.0]]}}}
{"jsonrpc": "2.0", "method": "subscription", "params": {"channel": "book.BTC-22AUG25.none.20.100ms", "data": {"timestamp": 1755654968298, "change_id": 114173635371, "instrument_name": "BTC-22AUG25", "bids": [[113012.5, 2350.0], [113010.0, 11150.0], [113007.5, 11030.0], [113005.0, 7500.0], [113002.5, 25000.0], [113000.0, 1030.0], [112997.5, 3420.0], [112992.5, 15000.0], [112990.0, 50000.0], [112987.5, 2000.0], [112985.0, 3550.0], [112980.0, 10000.0], [112977.5, 15710.0], [112972.5, 3580.0], [112970.0, 160.0], [112960.0, 3550.0], [112942.5, 3490.0], [112925.0, 3530.0], [112922.5, 10000.0], [112912.5, 3580.0]], "asks": [[113030.0, 3580.0], [113032.5, 3300.0], [113035.0, 9330.0], [113037.5, 1150.0], [113040.0, 3300.0], [113050.0, 10000.0], [113057.5, 3300.0], [113060.0, 12370.0], [113062.5, 3580.0], [113075.0, 3580.0], [113092.5, 3580.0], [113105.0, 3580.0], [113107.5, 40.0], [113115.0, 10000.0], [113142.5, 3580.0], [113145.0, 24290.0], [113152.5, 16070.0], [113167.5, 3490.0], [113187.5, 3530.0], [113195.0, 20000.0]]}}}
{"jsonrpc": "2.0", "method": "subscription", "params": {"channel": "book.BTC-22AUG25.none.20.100ms", "data": {"timestamp": 1755654968638, "change_id": 114173635984, "instrument_name": "BTC-22AUG25", "bids": [[113012.5, 15380.0], [113010.0, 127620.0], [113007.5, 11030.0], [113005.0, 7500.0], [113002.5, 25000.0], [112997.5, 3420.0], [112990.0, 51670.0], [112987.5, 2000.0], [112985.0, 3550.0], [112980.0, 14710.0], [112977.5, 15710.0], [112972.5, 3580.0], [112970.0, 160.0], [112942.5, 3490.0], [112925.0, 3530.0], [112922.5, 10000.0], [112912.5, 3580.0], [112895.0, 25100.0], [112887.5, 3580.0], [112872.5, 20000.0]], "asks": [[113030.0, 3580.0], [113032.5, 3300.0], [113035.0, 9330.0], [113037.5, 160.0], [113047.5, 3000.0], [113050.0, 10000.0], [113055.0, 4700.0], [113057.5, 3300.0], [113060.0, 9070.0], [113075.0, 3580.0], [113092.5, 3580.0], [113105.0, 3580.0], [113107.5, 40.0], [113115.0, 10000.0], [113142.5, 3580.0], [113145.0, 24290.0], [113152.5, 16070.0], [113167.5, 3490.0], [113187.5, 3530.0], [113195.0, 20000.0]]}}}
{"jsonrpc": "2.0", "method": "subscription", "params": {"channel": "book.BTC-22AUG25.none.20.100ms", "data": {"timestamp": 1755654968970, "change_id": 114173637133, "instrument_name": "BTC-22AUG25", "bids": [[113012.5, 15380.0], [113010.0, 127620.0], [113007.5, 11030.0], [113005.0, 7500.0], [113002.5, 25000.0], [112997.5, 3420.0], [112992.5, 9040.0], [112990.0, 51670.0], [112987.5, 2000.0], [112985.0, 3550.0], [112980.0, 14710.0], [112977.5, 15710.0], [112972.5, 3580.0], [112970.0, 160.0], [112942.5, 3490.0], [112925.0, 3530.0], [112922.5, 10000.0], [112912.5, 3580.0], [112895.0, 25100.0], [112887.5, 3580.0]], "asks": [[113025.0, 160.0], [113030.0, 3580.0], [113032.5, 3300.0], [113035.0, 14330.0], [113047.5, 3000.0], [113050.0, 10000.0], [113055.0, 4700.0], [113057.5, 3300.0], [113060.0, 9070.0], [113075.0, 3580.0], [113092.5, 3580.0], [113105.0, 3580.0], [113107.5, 40.0], [113115.0, 10000.0], [113142.5, 3580.0], [113145.0, 24290.0], [113152.5, 16070.0], [113167.5, 3490.0], [113187.5, 3530.0], [113195.0, 20000.0]]}}}
{"jsonrpc": "2.0", "method": "subscription", "params": {"channel": "book.BTC-22AUG25.none.20.100ms", "data": {"timestamp": 1755654969303, "change_id": 114173637941, "instrument_name": "BTC-22AUG25", "bids": [[113010.0, 3120.0], [113007.5, 5000.0], [113005.0, 13530.0], [113002.5, 25000.0], [113000.0, 1030.0], [112997.5, 3420.0], [112992.5, 13870.0], [112990.0, 51670.0], [112987.5, 2000.0], [112985.0, 3550.0], [112980.0, 14710.0], [112977.5, 15710.0], [112972.5, 3580.0], [112970.0, 160.0], [112942.5, 3490.0], [112925.0, 3530.0], [112922.5, 10000.0], [112912.5, 3580.0], [112887.5, 3580.0], [112872.5, 20000.0]], "asks": [[113022.5, 6730.0], [113025.0, 2420.0], [113030.0, 5000.0], [113032.5, 5890.0], [113035.0, 9330.0], [113042.5, 990.0], [113045.0, 3300.0], [113047.5, 3000.0], [113050.0, 10000.0], [113055.0, 4700.0], [113057.5, 3300.0], [113060.0, 9070.0], [113075.0, 3580.0], [113092.5, 3580.0], [113105.0, 3580.0], [113107.5, 40.0], [113115.0, 10000.0], [113142.5, 3580.0], [113145.0, 24290.0], [113152.5, 16070.0]]}}}
{"jsonrpc": "2.0", "method": "subscription", "params": {"channel": "book.BTC-22AUG25.none.20.100ms", "data": {"timestamp": 1755654969623, "change_id": 114173638534, "instrument_name": "BTC-22AUG25", "bids": [[113017.5, 6830.0], [113010.0, 16020.0], [113007.5, 72740.0], [113005.0, 13530.0], [113002.5, 25000.0], [113000.0, 1030.0], [112997.5, 3420.0], [112992.5, 13870.0], [112990.0, 50000.0], [112987.5, 2000.0], [112985.0, 3550.0], [112980.0, 14710.0], [112977.5, 15710.0], [112972.5, 3580.0], [112970.0, 160.0], [112942.5, 3490.0], [112925.0, 3530.0], [112922.5, 10000.0], [112912.5, 3580.0], [112887.5, 3580.0]], "asks": [[113022.5, 3300.0], [113025.0, 2420.0], [113027.5, 3300.0], [113030.0, 5000.0], [113032.5, 5890.0], [113035.0, 15470.0], [113037.5, 10000.0], [113040.0, 3300.0], [113055.0, 3710.0], [113057.5, 3300.0], [113060.0, 9070.0], [113075.0, 3580.0], [113092.5, 3580.0], [113105.0, 3580.0], [113107.5, 40.0], [113115.0, 10000.0], [113142.5, 3580.0], [113145.0, 24290.0], [113152.5, 16070.0], [113167.5, 3490.0]]}}}
{"jsonrpc": "2.0", "method": "subscription", "params": {"channel": "book.BTC-22AUG25.none.20.100ms", "data": {"timestamp": 1755654969932, "change_id": 114173639263, "instrument_name": "BTC-22AUG25", "bids": [[113020.0, 2050.0], [113017.5, 6830.0], [113015.0, 1500.0], [113012.5, 5000.0], [113010.0, 16020.0], [113007.5, 67740.0], [113005.0, 13530.0], [113002.5, 25000.0], [113000.0, 1030.0], [112997.5, 3420.0], [112992.5, 13870.0], [112990.0, 50000.0], [112987.5, 2000.0], [112985.0, 3550.0], [112980.0, 14710.0], [112977.5, 15710.0], [112972.5, 3580.0], [112970.0, 160.0], [112945.0, 1050.0], [112942.5, 3490.0]], "asks": [[113025.0, 2420.0], [113027.5, 3300.0], [113030.0, 5000.0], [113032.5, 3300.0], [113035.0, 6730.0], [113037.5, 10000.0], [113040.0, 3300.0], [113055.0, 3710.0], [113057.5, 3300.0], [113060.0, 9070.0], [113072.5, 1070.0], [113075.0, 3580.0], [113092.5, 3580.0], [113102.5, 1070.0], [113105.0, 3580.0], [113107.5, 40.0], [113115.0, 10000.0], [113142.5, 10870.0], [113145.0, 24290.0], [113152.5, 16070.0]]}}}
{"jsonrpc": "2.0", "method": "subscription", "params": {"channel": "book.BTC-22AUG25.none.20.100ms", "data": {"timestamp": 1755654970233, "change_id": 114173639781, "instrument_name": "BTC-22AUG25", "bids": [[113020.0, 2390.0], [113017.5, 7960.0], [113015.0, 1500.0], [113012.5, 5000.0], [113010.0, 16020.0], [113007.5, 67740.0], [113005.0, 13530.0], [113002.5, 25000.0], [113000.0, 1030.0], [112997.5, 3420.0], [112992.5, 13870.0], [112990.0, 50000.0], [112987.5, 2000.0], [112985.0, 3550.0], [112982.5, 160.0], [112980.0, 14710.0], [112977.5, 15710.0], [112972.5, 3580.0], [112945.0, 1050.0], [112942.5, 3490.0]], "asks": [[113025.0, 2420.0], [113027.5, 3300.0], [113032.5, 3300.0], [113035.0, 6730.0], [113037.5, 15000.0], [113040.0, 9330.0], [113055.0, 3710.0], [113057.5, 3300.0], [113060.0, 9070.0], [113072.5, 1070.0], [113075.0, 3580.0], [113092.5, 3580.0], [113102.5, 1070.0], [113105.0, 3580.0], [113107.5, 40.0], [113115.0, 10000.0], [113142.5, 10870.0], [113145.0, 24290.0], [113152.5, 16070.0], [113167.5, 3490.0]]}}}
{"jsonrpc": "2.0", "method": "subscription", "params": {"channel": "book.BTC-22AUG25.none.20.100ms", "data": {"timestamp": 1755654970615, "change_id": 114173640453, "instrument_name": "BTC-22AUG25", "bids": [[113020.0, 1030.0], [113015.0, 6550.0], [113012.5, 11030.0], [113010.0, 16020.0], [113007.5, 67740.0], [113005.0, 7500.0], [113002.5, 25000.0], [113000.0, 1030.0], [112997.5, 3420.0], [112992.5, 23870.0], [112990.0, 50000.0], [112987.5, 2000.0], [112985.0, 3550.0], [112982.5, 160.0], [112980.0, 4710.0], [112977.5, 15710.0], [112972.5, 3580.0], [112945.0, 1050.0], [112942.5, 3490.0], [112925.0, 3530.0]], "asks": [[113025.0, 2420.0], [113035.0, 3300.0], [113037.5, 18300.0], [113040.0, 6030.0], [113045.0, 2020.0], [113047.5, 3300.0], [113050.0, 3430.0], [113055.0, 3710.0], [113057.5, 3300.0], [113060.0, 9070.0], [113072.5, 1070.0], [113075.0, 3580.0], [113092.5, 3580.0], [113102.5, 1070.0], [113105.0, 3580.0], [113107.5, 40.0], [113115.0, 10000.0], [113142.5, 10870.0], [113145.0, 24290.0], [113152.5, 16070.0]]}}}
