{"jsonrpc": "2.0", "method": "subscription", "params": {"channel": "book.BTC-11APR25.none.20.100ms", "data": {"timestamp": 1743712162863, "change_id": 95476165214, "instrument_name": "BTC-11APR25", "bids": [[81822.5, 10010.0], [81815.0, 710.0], [81812.5, 2300.0], [81810.0, 2900.0], [81807.5, 2100.0], [81805.0, 9750.0], [81800.0, 2180.0], [81797.5, 2000.0], [81795.0, 7400.0], [81792.5, 120.0], [81787.5, 2280.0], [81785.0, 7610.0], [81782.5, 650.0], [81780.0, 2170.0], [81777.5, 2210.0], [81775.0, 7380.0], [81757.5, 2270.0], [81755.0, 7550.0], [81750.0, 20.0], [81747.5, 2300.0]], "asks": [[81825.0, 4460.0], [81827.5, 52120.0], [81830.0, 81820.0], [81832.5, 70120.0], [81835.0, 2870.0], [81837.5, 7410.0], [81845.0, 2300.0], [81847.5, 7670.0], [81855.0, 5250.0], [81857.5, 7490.0], [81860.0, 12170.0], [81880.0, 2230.0], [81882.5, 7440.0], [81890.0, 10160.0], [81892.5, 7380.0], [81895.0, 26500.0], [81900.0, 2210.0], [81902.5, 7380.0], [81912.5, 4150.0], [81915.0, 13820.0]]}}}
{"jsonrpc": "2.0", "method": "subscription", "params": {"channel": "book.BTC-11APR25.none.20.100ms", "data": {"timestamp": 1743712163745, "change_id": 95476166202, "instrument_name": "BTC-11APR25", "bids": [[81822.5, 10010.0], [81815.0, 710.0], [81812.5, 2300.0], [81810.0, 2900.0], [81807.5, 2100.0], [81805.0, 9750.0], [81800.0, 2180.0], [81797.5, 2000.0], [81795.0, 7400.0], [81792.5, 120.0], [81787.5, 2280.0], [81785.0, 7610.0], [81782.5, 650.0], [81780.0, 2170.0], [81777.5, 2210.0], [81775.0, 7380.0], [81757.5, 2270.0], [81755.0, 7550.0], [81750.0, 20.0], [81747.5, 2300.0]], "asks": [[81825.0, 4450.0], [81827.5, 52120.0], [81830.0, 81820.0], [81832.5, 70120.0], [81835.0, 2870.0], [81837.5, 7410.0], [81845.0, 2300.0], [81847.5, 7670.0], [81855.0, 5250.0], [81857.5, 7490.0], [81860.0, 12170.0], [81880.0, 2230.0], [81882.5, 7440.0], [81890.0, 10160.0], [81892.5, 7380.0], [81895.0, 26500.0], [81900.0, 2210.0], [81902.5, 7380.0], [81912.5, 4150.0], [81915.0, 13820.0]]}}}
{"jsonrpc": "2.0", "method": "subscription", "params": {"channel": "book.BTC-11APR25.none.20.100ms", "data": {"timestamp": 1743712164086, "change_id": 95476166445, "instrument_name": "BTC-11APR25", "bids": [[81822.5, 10010.0], [81815.0, 710.0], [81812.5, 2300.0], [81810.0, 2900.0], [81807.5, 2100.0], [81805.0, 9750.0], [81800.0, 2180.0], [81797.5, 2000.0], [81795.0, 7400.0], [81792.5, 120.0], [81787.5, 2280.0], [81785.0, 7610.0], [81782.5, 650.0], [81780.0, 2170.0], [81777.5, 2210.0], [81775.0, 7380.0], [81757.5, 2270.0], [81755.0, 7550.0], [81750.0, 20.0], [81747.5, 2300.0]], "asks": [[81825.0, 4460.0], [81827.5, 52120.0], [81830.0, 81820.0], [81832.5, 70120.0], [81835.0, 2870.0], [81837.5, 7410.0], [81845.0, 2300.0], [81847.5, 7670.0], [81855.0, 5250.0], [81857.5, 7490.0], [81860.0, 12170.0], [81880.0, 2230.0], [81882.5, 7440.0], [81890.0, 10160.0], [81892.5, 7380.0], [81895.0, 26500.0], [81900.0, 2210.0], [81902.5, 7380.0], [81912.5, 4150.0], [81915.0, 13820.0]]}}}
{"jsonrpc": "2.0", "method": "subscription", "params": {"channel": "book.BTC-11APR25.none.20.100ms", "data": {"timestamp": 1743712165540, "change_id": 95476168260, "instrument_name": "BTC-11APR25", "bids": [[81822.5, 19810.0], [81815.0, 710.0], [81812.5, 2300.0], [81810.0, 2900.0], [81807.5, 2100.0], [81805.0, 9750.0], [81800.0, 2180.0], [81797.5, 2000.0], [81795.0, 7400.0], [81792.5, 120.0], [81787.5, 2280.0], [81785.0, 7610.0], [81782.5, 650.0], [81780.0, 2170.0], [81777.5, 2210.0], [81775.0, 7380.0], [81757.5, 2270.0], [81755.0, 7550.0], [81750.0, 20.0], [81747.5, 2300.0]], "asks": [[81825.0, 2150.0], [81827.5, 52120.0], [81830.0, 81820.0], [81832.5, 70120.0], [81835.0, 2870.0], [81837.5, 7410.0], [81845.0, 2300.0], [81847.5, 7670.0], [81855.0, 5250.0], [81857.5, 7490.0], [81860.0, 12170.0], [81880.0, 2230.0], [81882.5, 7440.0], [81890.0, 10160.0], [81892.5, 7380.0], [81895.0, 26500.0], [81900.0, 2210.0], [81902.5, 7380.0], [81912.5, 4150.0], [81915.0, 13820.0]]}}}
{"jsonrpc": "2.0", "method": "subscription", "params": {"channel": "book.BTC-4APR25.none.20.100ms", "data": {"timestamp": 1743712165535, "change_id": 95476168255, "instrument_name": "BTC-4APR25", "bids": [[81790.0, 4200.0], [81787.5, 10000.0], [81785.0, 720.0], [81782.5, 1200.0], [81780.0, 1810.0], [81777.5, 2030.0], [81775.0, 360.0], [81772.5, 1200.0], [81770.0, 360.0], [81767.5, 1200.0], [81765.0, 3680.0], [81762.5, 9850.0], [81760.0, 2030.0], [81755.0, 3070.0], [81752.5, 10200.0], [81750.0, 640.0], [81747.5, 2000.0], [81745.0, 3050.0], [81742.5, 10150.0], [81735.0, 2940.0]], "asks": [[81795.0, 10.0], [81797.5, 650.0], [81800.0, 2150.0], [81802.5, 6000.0], [81805.0, 59540.0], [81807.5, 50000.0], [81810.0, 82410.0], [81812.5, 2030.0], [81817.5, 250.0], [81825.0, 6190.0], [81827.5, 19840.0], [81832.5, 7660.0], [81835.0, 29440.0], [81837.5, 9830.0], [81847.5, 10500.0], [81850.0, 35000.0], [81865.0, 3030.0], [81867.5, 10100.0], [81877.5, 2960.0], [81880.0, 9860.0]]}}}
{"jsonrpc": "2.0", "method": "subscription", "params": {"channel": "book.BTC-4APR25.none.20.100ms", "data": {"timestamp": 1743712165827, "change_id": 95476168790, "instrument_name": "BTC-4APR25", "bids": [[81792.5, 10.0], [81790.0, 4200.0], [81787.5, 10000.0], [81785.0, 2750.0], [81782.5, 1200.0], [81780.0, 1810.0], [81777.5, 2030.0], [81775.0, 360.0], [81772.5, 1200.0], [81765.0, 3680.0], [81762.5, 9850.0], [81755.0, 3070.0], [81752.5, 10200.0], [81750.0, 640.0], [81747.5, 2000.0], [81745.0, 3050.0], [81742.5, 10150.0], [81735.0, 2940.0], [81732.5, 9790.0], [81725.0, 2960.0]], "asks": [[81795.0, 10.0], [81800.0, 120.0], [81802.5, 6000.0], [81805.0, 61570.0], [81807.5, 50000.0], [81810.0, 81800.0], [81817.5, 250.0], [81825.0, 3000.0], [81827.5, 10000.0], [81830.0, 2030.0], [81832.5, 7660.0], [81835.0, 29440.0], [81837.5, 9830.0], [81847.5, 10500.0], [81850.0, 35000.0], [81865.0, 3030.0], [81867.5, 10100.0], [81877.5, 2960.0], [81880.0, 9860.0], [81912.5, 2930.0]]}}}
{"jsonrpc": "2.0", "method": "subscription", "params": {"channel": "book.BTC-11APR25.none.20.100ms", "data": {"timestamp": 1743712165919, "change_id": 95476168846, "instrument_name": "BTC-11APR25", "bids": [[81827.5, 5570.0], [81825.0, 5700.0], [81822.5, 10000.0], [81817.5, 2270.0], [81815.0, 8250.0], [81812.5, 2300.0], [81810.0, 2900.0], [81807.5, 2100.0], [81805.0, 9750.0], [81800.0, 2180.0], [81797.5, 2000.0], [81795.0, 7400.0], [81792.5, 120.0], [81787.5, 2280.0], [81785.0, 7610.0], [81780.0, 2170.0], [81777.5, 2210.0], [81775.0, 7380.0], [81757.5, 2270.0], [81755.0, 7550.0]], "asks": [[81830.0, 81830.0], [81832.5, 70120.0], [81835.0, 4430.0], [81837.5, 7540.0], [81845.0, 2300.0], [81847.5, 7670.0], [81855.0, 5250.0], [81857.5, 7490.0], [81860.0, 12170.0], [81880.0, 2230.0], [81882.5, 7440.0], [81890.0, 10160.0], [81892.5, 7380.0], [81895.0, 26500.0], [81900.0, 2210.0], [81902.5, 7380.0], [81912.5, 4150.0], [81915.0, 13820.0], [81935.0, 2230.0], [81937.5, 7420.0]]}}}
{"jsonrpc": "2.0", "method": "subscription", "params": {"channel": "book.BTC-11APR25.none.20.100ms", "data": {"timestamp": 1743712166252, "change_id": 95476169443, "instrument_name": "BTC-11APR25", "bids": [[81825.0, 640.0], [81822.5, 10000.0], [81817.5, 2270.0], [81815.0, 8250.0], [81812.5, 2300.0], [81810.0, 2900.0], [81807.5, 2100.0], [81805.0, 9750.0], [81800.0, 19590.0], [81797.5, 2000.0], [81795.0, 7400.0], [81792.5, 120.0], [81787.5, 2280.0], [81785.0, 7610.0], [81780.0, 2170.0], [81777.5, 2210.0], [81775.0, 7380.0], [81757.5, 2270.0], [81755.0, 7550.0], [81750.0, 20.0]], "asks": [[81827.5, 2310.0], [81830.0, 21690.0], [81832.5, 20120.0], [81835.0, 54430.0], [81837.5, 7540.0], [81840.0, 2170.0], [81845.0, 2300.0], [81847.5, 7670.0], [81855.0, 5250.0], [81857.5, 7490.0], [81860.0, 10000.0], [81880.0, 2230.0], [81882.5, 7440.0], [81890.0, 10160.0], [81892.5, 7380.0], [81895.0, 26500.0], [81900.0, 2210.0], [81902.5, 7380.0], [81912.5, 4150.0], [81915.0, 13820.0]]}}}
{"jsonrpc": "2.0", "method": "subscription", "params": {"channel": "book.BTC-4APR25.none.20.100ms", "data": {"timestamp": 1743712166204, "change_id": 95476169266, "instrument_name": "BTC-4APR25", "bids": [[81792.5, 10.0], [81790.0, 4200.0], [81787.5, 10000.0], [81785.0, 720.0], [81782.5, 1200.0], [81780.0, 1810.0], [81777.5, 2030.0], [81775.0, 360.0], [81772.5, 1200.0], [81765.0, 3680.0], [81762.5, 9850.0], [81760.0, 2030.0], [81755.0, 3070.0], [81752.5, 10200.0], [81750.0, 640.0], [81747.5, 2000.0], [81745.0, 3050.0], [81742.5, 10150.0], [81735.0, 2940.0], [81732.5, 9790.0]], "asks": [[81795.0, 10.0], [81800.0, 120.0], [81802.5, 6000.0], [81805.0, 37030.0], [81807.5, 50000.0], [81810.0, 610.0], [81812.5, 2030.0], [81817.5, 250.0], [81825.0, 3000.0], [81827.5, 10000.0], [81832.5, 7660.0], [81835.0, 29440.0], [81837.5, 9830.0], [81847.5, 10500.0], [81850.0, 35000.0], [81865.0, 3030.0], [81867.5, 10100.0], [81877.5, 2960.0], [81880.0, 9860.0], [81912.5, 2930.0]]}}}
{"jsonrpc": "2.0", "method": "subscription", "params": {"channel": "book.BTC-11APR25.none.20.100ms", "data": {"timestamp": 1743712166605, "change_id": 95476169933, "instrument_name": "BTC-11APR25", "bids": [[81825.0, 10480.0], [81822.5, 10000.0], [81817.5, 4570.0], [81815.0, 8250.0], [81812.5, 2300.0], [81810.0, 2900.0], [81807.5, 2100.0], [81805.0, 9750.0], [81800.0, 19590.0], [81797.5, 2000.0], [81795.0, 7400.0], [81792.5, 120.0], [81787.5, 2280.0], [81785.0, 7610.0], [81780.0, 2170.0], [81777.5, 2210.0], [81775.0, 7380.0], [81757.5, 2270.0], [81755.0, 7550.0], [81750.0, 20.0]], "asks": [[81827.5, 2310.0], [81830.0, 35880.0], [81832.5, 56460.0], [81835.0, 74430.0], [81837.5, 7540.0], [81840.0, 2170.0], [81845.0, 2300.0], [81847.5, 7670.0], [81855.0, 5250.0], [81857.5, 7490.0], [81860.0, 10000.0], [81880.0, 2230.0], [81882.5, 7440.0], [81890.0, 10160.0], [81892.5, 7380.0], [81895.0, 26500.0], [81900.0, 2210.0], [81902.5, 7380.0], [81912.5, 4150.0], [81915.0, 13820.0]]}}}
{"jsonrpc": "2.0", "method": "subscription", "params": {"channel": "book.BTC-4APR25.none.20.100ms", "data": {"timestamp": 1743712166606, "change_id": 95476169934, "instrument_name": "BTC-4APR25", "bids": [[81792.5, 370.0], [81790.0, 4200.0], [81787.5, 10000.0], [81785.0, 720.0], [81782.5, 1200.0], [81780.0, 1810.0], [81777.5, 2030.0], [81775.0, 360.0], [81772.5, 1200.0], [81765.0, 3680.0], [81762.5, 9850.0], [81760.0, 2030.0], [81755.0, 3070.0], [81752.5, 10200.0], [81750.0, 640.0], [81747.5, 2000.0], [81745.0, 3050.0], [81742.5, 10150.0], [81735.0, 2940.0], [81732.5, 9790.0]], "asks": [[81800.0, 120.0], [81802.5, 6000.0], [81805.0, 22030.0], [81810.0, 16740.0], [81812.5, 56050.0], [81817.5, 250.0], [81822.5, 15000.0], [81825.0, 53000.0], [81827.5, 10000.0], [81832.5, 7660.0], [81835.0, 29440.0], [81837.5, 9830.0], [81847.5, 10500.0], [81850.0, 35000.0], [81865.0, 3030.0], [81867.5, 10100.0], [81877.5, 2960.0], [81880.0, 9860.0], [81912.5, 2930.0], [81915.0, 9780.0]]}}}
{"jsonrpc": "2.0", "method": "subscription", "params": {"channel": "book.BTC-11APR25.none.20.100ms", "data": {"timestamp": 1743712166692, "change_id": 95476170004, "instrument_name": "BTC-11APR25", "bids": [[81825.0, 2940.0], [81822.5, 10000.0], [81817.5, 4570.0], [81815.0, 8250.0], [81812.5, 2300.0], [81810.0, 2900.0], [81807.5, 2100.0], [81805.0, 9750.0], [81800.0, 19590.0], [81797.5, 2000.0], [81795.0, 7400.0], [81792.5, 120.0], [81787.5, 2280.0], [81785.0, 7610.0], [81780.0, 2170.0], [81777.5, 2210.0], [81775.0, 7380.0], [81757.5, 2270.0], [81755.0, 7550.0], [81750.0, 20.0]], "asks": [[81827.5, 2310.0], [81830.0, 35880.0], [81832.5, 126460.0], [81835.0, 4430.0], [81837.5, 7540.0], [81840.0, 2170.0], [81845.0, 2300.0], [81847.5, 7670.0], [81855.0, 5250.0], [81857.5, 7490.0], [81860.0, 10000.0], [81880.0, 2230.0], [81882.5, 7440.0], [81890.0, 10160.0], [81892.5, 7380.0], [81895.0, 26500.0], [81900.0, 2210.0], [81902.5, 7380.0], [81912.5, 4150.0], [81915.0, 13820.0]]}}}
{"jsonrpc": "2.0", "method": "subscription", "params": {"channel": "book.BTC-4APR25.none.20.100ms", "data": {"timestamp": 1743712166741, "change_id": 95476170111, "instrument_name": "BTC-4APR25", "bids": [[81790.0, 4200.0], [81787.5, 10000.0], [81785.0, 720.0], [81782.5, 1200.0], [81780.0, 1810.0], [81777.5, 2030.0], [81765.0, 3680.0], [81762.5, 9850.0], [81760.0, 2030.0], [81755.0, 3070.0], [81752.5, 10200.0], [81750.0, 640.0], [81747.5, 2000.0], [81745.0, 3050.0], [81742.5, 10150.0], [81735.0, 2940.0], [81732.5, 9790.0], [81725.0, 2960.0], [81722.5, 9850.0], [81715.0, 2940.0]], "asks": [[81795.0, 10.0], [81800.0, 120.0], [81802.5, 6000.0], [81805.0, 22030.0], [81807.5, 15000.0], [81810.0, 66740.0], [81812.5, 56050.0], [81817.5, 250.0], [81825.0, 3000.0], [81827.5, 10000.0], [81832.5, 7660.0], [81835.0, 29440.0], [81837.5, 9830.0], [81847.5, 10500.0], [81850.0, 35000.0], [81865.0, 3030.0], [81867.5, 10100.0], [81877.5, 2960.0], [81880.0, 9860.0], [81912.5, 2930.0]]}}}
{"jsonrpc": "2.0", "method": "subscription", "params": {"channel": "book.BTC-11APR25.none.20.100ms", "data": {"timestamp": 1743712167066, "change_id": 95476170360, "instrument_name": "BTC-11APR25", "bids": [[81825.0, 10480.0], [81822.5, 10000.0], [81817.5, 4570.0], [81815.0, 8250.0], [81812.5, 2300.0], [81810.0, 2900.0], [81807.5, 2100.0], [81805.0, 9750.0], [81800.0, 19590.0], [81797.5, 2000.0], [81795.0, 7400.0], [81792.5, 120.0], [81787.5, 2280.0], [81785.0, 7610.0], [81780.0, 2170.0], [81777.5, 2210.0], [81775.0, 7380.0], [81757.5, 2270.0], [81755.0, 7550.0], [81750.0, 20.0]], "asks": [[81827.5, 2310.0], [81830.0, 35880.0], [81832.5, 126460.0], [81835.0, 4430.0], [81837.5, 7540.0], [81840.0, 2170.0], [81845.0, 2300.0], [81847.5, 7670.0], [81855.0, 5250.0], [81857.5, 7490.0], [81860.0, 10000.0], [81880.0, 2230.0], [81882.5, 7440.0], [81890.0, 10160.0], [81892.5, 7380.0], [81895.0, 26500.0], [81900.0, 2210.0], [81902.5, 7380.0], [81912.5, 4150.0], [81915.0, 13820.0]]}}}
{"jsonrpc": "2.0", "method": "subscription", "params": {"channel": "book.BTC-4APR25.none.20.100ms", "data": {"timestamp": 1743712167094, "change_id": 95476170371, "instrument_name": "BTC-4APR25", "bids": [[81792.5, 370.0], [81790.0, 4200.0], [81787.5, 10000.0], [81785.0, 720.0], [81782.5, 1200.0], [81780.0, 1810.0], [81777.5, 2030.0], [81765.0, 3680.0], [81762.5, 9850.0], [81760.0, 2030.0], [81755.0, 3070.0], [81752.5, 10200.0], [81750.0, 640.0], [81747.5, 2000.0], [81745.0, 3050.0], [81742.5, 10150.0], [81735.0, 2940.0], [81732.5, 9790.0], [81725.0, 2960.0], [81722.5, 9850.0]], "asks": [[81800.0, 120.0], [81802.5, 6000.0], [81805.0, 22030.0], [81807.5, 15000.0], [81810.0, 66740.0], [81812.5, 56050.0], [81817.5, 250.0], [81825.0, 3000.0], [81827.5, 10000.0], [81832.5, 7660.0], [81835.0, 29440.0], [81837.5, 9830.0], [81847.5, 10500.0], [81850.0, 35000.0], [81865.0, 3030.0], [81867.5, 10100.0], [81877.5, 2960.0], [81880.0, 9860.0], [81912.5, 2930.0], [81915.0, 9780.0]]}}}
{"jsonrpc": "2.0", "method": "subscription", "params": {"channel": "book.BTC-4APR25.none.20.100ms", "data": {"timestamp": 1743712167420, "change_id": 95476170843, "instrument_name": "BTC-4APR25", "bids": [[81790.0, 4200.0], [81787.5, 10000.0], [81785.0, 720.0], [81782.5, 1200.0], [81780.0, 1810.0], [81777.5, 2030.0], [81765.0, 3680.0], [81762.5, 9850.0], [81760.0, 2030.0], [81755.0, 3070.0], [81752.5, 10200.0], [81750.0, 640.0], [81747.5, 2000.0], [81745.0, 3050.0], [81742.5, 10150.0], [81735.0, 2940.0], [81732.5, 9790.0], [81725.0, 2960.0], [81722.5, 9850.0], [81715.0, 2940.0]], "asks": [[81795.0, 10.0], [81800.0, 120.0], [81802.5, 6000.0], [81805.0, 22030.0], [81807.5, 15000.0], [81810.0, 66740.0], [81812.5, 56050.0], [81817.5, 250.0], [81825.0, 3000.0], [81827.5, 10000.0], [81832.5, 7660.0], [81835.0, 29440.0], [81837.5, 9830.0], [81847.5, 10500.0], [81850.0, 35000.0], [81865.0, 3030.0], [81867.5, 10100.0], [81877.5, 2960.0], [81880.0, 9860.0], [81912.5, 2930.0]]}}}
{"jsonrpc": "2.0", "method": "subscription", "params": {"channel": "book.BTC-11APR25.none.20.100ms", "data": {"timestamp": 1743712167476, "change_id": 95476171022, "instrument_name": "BTC-11APR25", "bids": [[81825.0, 2820.0], [81822.5, 10000.0], [81817.5, 4570.0], [81815.0, 8250.0], [81812.5, 2300.0], [81810.0, 2900.0], [81807.5, 2100.0], [81805.0, 9750.0], [81802.5, 5220.0], [81800.0, 19590.0], [81797.5, 2000.0], [81795.0, 7400.0], [81792.5, 120.0], [81787.5, 2280.0], [81785.0, 7610.0], [81780.0, 2170.0], [81777.5, 2210.0], [81775.0, 7380.0], [81757.5, 2270.0], [81755.0, 7550.0]], "asks": [[81827.5, 9850.0], [81830.0, 38180.0], [81832.5, 126460.0], [81835.0, 4430.0], [81837.5, 7540.0], [81840.0, 2170.0], [81845.0, 2300.0], [81847.5, 7670.0], [81855.0, 5250.0], [81857.5, 7490.0], [81860.0, 10000.0], [81880.0, 2230.0], [81882.5, 7440.0], [81890.0, 10160.0], [81892.5, 7380.0], [81895.0, 26500.0], [81900.0, 2210.0], [81902.5, 7380.0], [81912.5, 4150.0], [81915.0, 13820.0]]}}}
{"jsonrpc": "2.0", "method": "subscription", "params": {"channel": "book.BTC-4APR25.none.20.100ms", "data": {"timestamp": 1743712167619, "change_id": 95476171088, "instrument_name": "BTC-4APR25", "bids": [[81790.0, 4200.0], [81787.5, 10000.0], [81785.0, 720.0], [81782.5, 1200.0], [81780.0, 1810.0], [81777.5, 2030.0], [81765.0, 3680.0], [81762.5, 9850.0], [81760.0, 2030.0], [81755.0, 3070.0], [81752.5, 10200.0], [81750.0, 640.0], [81747.5, 2000.0], [81745.0, 3050.0], [81742.5, 10150.0], [81735.0, 2940.0], [81732.5, 9790.0], [81725.0, 2960.0], [81722.5, 9850.0], [81715.0, 2940.0]], "asks": [[81795.0, 10.0], [81797.5, 400.0], [81800.0, 1320.0], [81802.5, 6000.0], [81805.0, 22030.0], [81807.5, 15000.0], [81810.0, 66740.0], [81812.5, 56050.0], [81817.5, 250.0], [81825.0, 3000.0], [81827.5, 10000.0], [81832.5, 7660.0], [81835.0, 29440.0], [81837.5, 9830.0], [81847.5, 10500.0], [81850.0, 35000.0], [81865.0, 3030.0], [81867.5, 10100.0], [81877.5, 2960.0], [81880.0, 9860.0]]}}}
{"jsonrpc": "2.0", "method": "subscription", "params": {"channel": "book.BTC-11APR25.none.20.100ms", "data": {"timestamp": 1743712167717, "change_id": 95476171158, "instrument_name": "BTC-11APR25", "bids": [[81825.0, 640.0], [81822.5, 10000.0], [81817.5, 4570.0], [81815.0, 8250.0], [81812.5, 2300.0], [81810.0, 2900.0], [81807.5, 2100.0], [81805.0, 9750.0], [81802.5, 5220.0], [81800.0, 19590.0], [81797.5, 2000.0], [81795.0, 7400.0], [81792.5, 120.0], [81787.5, 2280.0], [81785.0, 7610.0], [81780.0, 2170.0], [81777.5, 2210.0], [81775.0, 7380.0], [81757.5, 2270.0], [81755.0, 7550.0]], "asks": [[81827.5, 2310.0], [81830.0, 38180.0], [81832.5, 126460.0], [81835.0, 4430.0], [81837.5, 7540.0], [81840.0, 2170.0], [81845.0, 2300.0], [81847.5, 7670.0], [81855.0, 5250.0], [81857.5, 7490.0], [81860.0, 10000.0], [81880.0, 2230.0], [81882.5, 7440.0], [81890.0, 10160.0], [81892.5, 7380.0], [81895.0, 26500.0], [81900.0, 2210.0], [81902.5, 7380.0], [81912.5, 4150.0], [81915.0, 13820.0]]}}}
{"jsonrpc": "2.0", "method": "subscription", "params": {"channel": "book.BTC-4APR25.none.20.100ms", "data": {"timestamp": 1743712168472, "change_id": 95476171964, "instrument_name": "BTC-4APR25", "bids": [[81790.0, 4200.0], [81787.5, 10000.0], [81785.0, 720.0], [81782.5, 1200.0], [81780.0, 1810.0], [81777.5, 2030.0], [81765.0, 3680.0], [81762.5, 9850.0], [81760.0, 2030.0], [81755.0, 3070.0], [81752.5, 10200.0], [81750.0, 640.0], [81747.5, 2000.0], [81745.0, 3050.0], [81742.5, 10150.0], [81735.0, 2940.0], [81732.5, 9790.0], [81725.0, 2960.0], [81722.5, 9850.0], [81715.0, 2940.0]], "asks": [[81795.0, 10.0], [81800.0, 120.0], [81802.5, 6000.0], [81805.0, 22030.0], [81807.5, 15000.0], [81810.0, 66740.0], [81812.5, 56050.0], [81825.0, 3000.0], [81827.5, 10000.0], [81832.5, 7660.0], [81835.0, 29440.0], [81837.5, 9830.0], [81847.5, 10500.0], [81850.0, 35000.0], [81865.0, 3030.0], [81867.5, 10100.0], [81877.5, 2960.0], [81880.0, 9860.0], [81912.5, 2930.0], [81915.0, 9780.0]]}}}
{"jsonrpc": "2.0", "method": "subscription", "params": {"channel": "book.BTC-11APR25.none.20.100ms", "data": {"timestamp": 1743712168571, "change_id": 95476172086, "instrument_name": "BTC-11APR25", "bids": [[81825.0, 2940.0], [81822.5, 10690.0], [81820.0, 2300.0], [81817.5, 4570.0], [81815.0, 8250.0], [81812.5, 2300.0], [81810.0, 2900.0], [81807.5, 2100.0], [81805.0, 9750.0], [81802.5, 5220.0], [81800.0, 19590.0], [81797.5, 2000.0], [81795.0, 7400.0], [81792.5, 120.0], [81787.5, 2280.0], [81785.0, 7610.0], [81782.5, 650.0], [81780.0, 2170.0], [81777.5, 2210.0], [81775.0, 7380.0]], "asks": [[81827.5, 2300.0], [81830.0, 38180.0], [81832.5, 126460.0], [81835.0, 4430.0], [81837.5, 7540.0], [81840.0, 2170.0], [81845.0, 2300.0], [81847.5, 7670.0], [81855.0, 5250.0], [81857.5, 7490.0], [81860.0, 10000.0], [81880.0, 2230.0], [81882.5, 7440.0], [81890.0, 10160.0], [81892.5, 7380.0], [81895.0, 26500.0], [81900.0, 2210.0], [81902.5, 7380.0], [81912.5, 4150.0], [81915.0, 13820.0]]}}}
{"jsonrpc": "2.0", "method": "subscription", "params": {"channel": "book.BTC-4APR25.none.20.100ms", "data": {"timestamp": 1743712168907, "change_id": 95476172506, "instrument_name": "BTC-4APR25", "bids": [[81787.5, 10000.0], [81785.0, 720.0], [81782.5, 1200.0], [81780.0, 1810.0], [81777.5, 2030.0], [81765.0, 730.0], [81760.0, 2030.0], [81755.0, 3070.0], [81752.5, 10200.0], [81750.0, 640.0], [81747.5, 2000.0], [81745.0, 3050.0], [81742.5, 10150.0], [81735.0, 2940.0], [81732.5, 9790.0], [81725.0, 2960.0], [81722.5, 9850.0], [81715.0, 2940.0], [81712.5, 9800.0], [81707.5, 3980.0]], "asks": [[81792.5, 10.0], [81795.0, 250.0], [81800.0, 120.0], [81802.5, 6000.0], [81805.0, 22030.0], [81807.5, 15000.0], [81810.0, 66740.0], [81812.5, 56050.0], [81820.0, 2940.0], [81822.5, 9800.0], [81825.0, 3000.0], [81827.5, 10000.0], [81832.5, 7660.0], [81835.0, 29440.0], [81837.5, 9830.0], [81847.5, 10500.0], [81850.0, 35000.0], [81865.0, 3030.0], [81867.5, 10100.0], [81877.5, 2960.0]]}}}
{"jsonrpc": "2.0", "method": "subscription", "params": {"channel": "book.BTC-11APR25.none.20.100ms", "data": {"timestamp": 1743712168904, "change_id": 95476172496, "instrument_name": "BTC-11APR25", "bids": [[81822.5, 10000.0], [81815.0, 20.0], [81810.0, 2900.0], [81807.5, 2100.0], [81805.0, 9750.0], [81802.5, 5220.0], [81800.0, 19590.0], [81797.5, 2000.0], [81795.0, 7400.0], [81792.5, 120.0], [81787.5, 2280.0], [81785.0, 7610.0], [81782.5, 650.0], [81780.0, 2170.0], [81777.5, 2210.0], [81775.0, 7380.0], [81757.5, 2270.0], [81755.0, 7550.0], [81750.0, 20.0], [81747.5, 2300.0]], "asks": [[81825.0, 9810.0], [81827.5, 19510.0], [81830.0, 38180.0], [81832.5, 126460.0], [81835.0, 2260.0], [81837.5, 7540.0], [81840.0, 2170.0], [81845.0, 2300.0], [81847.5, 7670.0], [81855.0, 5250.0], [81857.5, 7490.0], [81860.0, 10000.0], [81880.0, 2230.0], [81882.5, 7440.0], [81890.0, 10160.0], [81892.5, 7380.0], [81895.0, 26500.0], [81900.0, 2210.0], [81902.5, 7380.0], [81912.5, 4150.0]]}}}
{"jsonrpc": "2.0", "method": "subscription", "params": {"channel": "book.BTC-11APR25.none.20.100ms", "data": {"timestamp": 1743712169074, "change_id": 95476172822, "instrument_name": "BTC-11APR25", "bids": [[81822.5, 10000.0], [81815.0, 20.0], [81810.0, 2900.0], [81807.5, 2100.0], [81805.0, 9750.0], [81802.5, 5220.0], [81800.0, 19590.0], [81797.5, 2000.0], [81795.0, 7400.0], [81792.5, 120.0], [81787.5, 2280.0], [81785.0, 7610.0], [81782.5, 650.0], [81780.0, 2170.0], [81777.5, 2210.0], [81775.0, 7380.0], [81757.5, 2270.0], [81755.0, 7550.0], [81750.0, 20.0], [81747.5, 2300.0]], "asks": [[81825.0, 5620.0], [81827.5, 19510.0], [81830.0, 38180.0], [81832.5, 126460.0], [81835.0, 2260.0], [81837.5, 7540.0], [81840.0, 2170.0], [81845.0, 2300.0], [81847.5, 7670.0], [81855.0, 5250.0], [81857.5, 7490.0], [81860.0, 10000.0], [81880.0, 2230.0], [81882.5, 7440.0], [81890.0, 10160.0], [81892.5, 7380.0], [81895.0, 26500.0], [81900.0, 2210.0], [81902.5, 7380.0], [81912.5, 4150.0]]}}}
{"jsonrpc": "2.0", "method": "subscription", "params": {"channel": "book.BTC-4APR25.none.20.100ms", "data": {"timestamp": 1743712169062, "change_id": 95476172804, "instrument_name": "BTC-4APR25", "bids": [[81787.5, 10000.0], [81782.5, 1200.0], [81780.0, 1810.0], [81777.5, 2030.0], [81765.0, 730.0], [81760.0, 2030.0], [81755.0, 3070.0], [81752.5, 10200.0], [81750.0, 640.0], [81747.5, 2000.0], [81745.0, 3050.0], [81742.5, 10150.0], [81735.0, 2940.0], [81732.5, 9790.0], [81725.0, 2960.0], [81722.5, 9850.0], [81715.0, 2940.0], [81712.5, 9800.0], [81707.5, 3980.0], [81705.0, 16210.0]], "asks": [[81792.5, 10.0], [81795.0, 900.0], [81797.5, 2030.0], [81800.0, 120.0], [81802.5, 6000.0], [81805.0, 20000.0], [81807.5, 15000.0], [81810.0, 66740.0], [81812.5, 56050.0], [81820.0, 2940.0], [81822.5, 9800.0], [81825.0, 3000.0], [81827.5, 10000.0], [81832.5, 7660.0], [81835.0, 29440.0], [81837.5, 9830.0], [81847.5, 10500.0], [81850.0, 35000.0], [81865.0, 3030.0], [81867.5, 10100.0]]}}}
{"jsonrpc": "2.0", "method": "subscription", "params": {"channel": "book.BTC-11APR25.none.20.100ms", "data": {"timestamp": 1743712169566, "change_id": 95476173634, "instrument_name": "BTC-11APR25", "bids": [[81822.5, 10010.0], [81815.0, 20.0], [81810.0, 2900.0], [81807.5, 2100.0], [81805.0, 9750.0], [81800.0, 2180.0], [81797.5, 2000.0], [81795.0, 7400.0], [81792.5, 120.0], [81787.5, 2280.0], [81785.0, 7610.0], [81782.5, 650.0], [81780.0, 2170.0], [81777.5, 2210.0], [81775.0, 7380.0], [81757.5, 2270.0], [81755.0, 7550.0], [81750.0, 20.0], [81747.5, 2300.0], [81745.0, 8640.0]], "asks": [[81825.0, 5610.0], [81827.5, 12010.0], [81830.0, 38180.0], [81832.5, 126460.0], [81835.0, 2260.0], [81837.5, 7540.0], [81840.0, 2170.0], [81845.0, 2300.0], [81847.5, 7670.0], [81855.0, 5250.0], [81857.5, 7490.0], [81860.0, 10000.0], [81880.0, 2230.0], [81882.5, 7440.0], [81890.0, 10160.0], [81892.5, 7380.0], [81895.0, 26500.0], [81900.0, 2210.0], [81902.5, 7380.0], [81912.5, 4150.0]]}}}
{"jsonrpc": "2.0", "method": "subscription", "params": {"channel": "book.BTC-11APR25.none.20.100ms", "data": {"timestamp": 1743712169821, "change_id": 95476173911, "instrument_name": "BTC-11APR25", "bids": [[81822.5, 10000.0], [81815.0, 20.0], [81810.0, 2900.0], [81807.5, 2100.0], [81805.0, 9750.0], [81800.0, 2180.0], [81797.5, 2000.0], [81795.0, 7400.0], [81792.5, 120.0], [81787.5, 2280.0], [81785.0, 7610.0], [81782.5, 650.0], [81780.0, 2170.0], [81777.5, 2210.0], [81775.0, 7380.0], [81757.5, 2270.0], [81755.0, 7550.0], [81750.0, 20.0], [81747.5, 2300.0], [81745.0, 8640.0]], "asks": [[81825.0, 5610.0], [81827.5, 12010.0], [81830.0, 38180.0], [81832.5, 126460.0], [81835.0, 2260.0], [81837.5, 7540.0], [81840.0, 2170.0], [81845.0, 2300.0], [81847.5, 7670.0], [81855.0, 5250.0], [81857.5, 7490.0], [81860.0, 10000.0], [81880.0, 2230.0], [81882.5, 7440.0], [81890.0, 10160.0], [81892.5, 7380.0], [81895.0, 26500.0], [81900.0, 2210.0], [81902.5, 7380.0], [81912.5, 4150.0]]}}}
{"jsonrpc": "2.0", "method": "subscription", "params": {"channel": "book.BTC-4APR25.none.20.100ms", "data": {"timestamp": 1743712169595, "change_id": 95476173653, "instrument_name": "BTC-4APR25", "bids": [[81787.5, 10000.0], [81782.5, 1200.0], [81780.0, 1810.0], [81777.5, 2030.0], [81765.0, 730.0], [81760.0, 2030.0], [81755.0, 3070.0], [81752.5, 10200.0], [81750.0, 640.0], [81747.5, 2000.0], [81745.0, 3050.0], [81742.5, 10150.0], [81735.0, 2940.0], [81732.5, 9790.0], [81725.0, 2960.0], [81722.5, 9850.0], [81715.0, 2940.0], [81712.5, 9800.0], [81707.5, 3980.0], [81705.0, 16210.0]], "asks": [[81792.5, 10.0], [81795.0, 900.0], [81797.5, 2030.0], [81800.0, 1320.0], [81802.5, 6000.0], [81805.0, 20000.0], [81807.5, 15000.0], [81810.0, 66740.0], [81812.5, 56050.0], [81820.0, 2940.0], [81822.5, 9800.0], [81825.0, 3000.0], [81827.5, 10000.0], [81832.5, 7660.0], [81835.0, 29440.0], [81837.5, 9830.0], [81847.5, 10500.0], [81850.0, 35000.0], [81865.0, 3030.0], [81867.5, 10100.0]]}}}
{"jsonrpc": "2.0", "method": "subscription", "params": {"channel": "book.BTC-11APR25.none.20.100ms", "data": {"timestamp": 1743712170037, "change_id": 95476174079, "instrument_name": "BTC-11APR25", "bids": [[81822.5, 10000.0], [81815.0, 20.0], [81810.0, 2900.0], [81807.5, 2100.0], [81805.0, 9750.0], [81800.0, 2180.0], [81797.5, 2000.0], [81795.0, 7400.0], [81792.5, 120.0], [81787.5, 2280.0], [81785.0, 7610.0], [81782.5, 650.0], [81780.0, 2170.0], [81777.5, 2210.0], [81775.0, 7380.0], [81757.5, 2270.0], [81755.0, 7550.0], [81750.0, 20.0], [81747.5, 2300.0], [81745.0, 8640.0]], "asks": [[81825.0, 5610.0], [81827.5, 12010.0], [81830.0, 38180.0], [81832.5, 126460.0], [81835.0, 2260.0], [81837.5, 7540.0], [81840.0, 2170.0], [81845.0, 2300.0], [81847.5, 7670.0], [81855.0, 5250.0], [81857.5, 7490.0], [81860.0, 10000.0], [81880.0, 2230.0], [81882.5, 7440.0], [81890.0, 10160.0], [81892.5, 7380.0], [81895.0, 26500.0], [81900.0, 2210.0], [81902.5, 7380.0], [81912.5, 4150.0]]}}}
{"jsonrpc": "2.0", "method": "subscription", "params": {"channel": "book.BTC-4APR25.none.20.100ms", "data": {"timestamp": 1743712170391, "change_id": 95476174682, "instrument_name": "BTC-4APR25", "bids": [[81787.5, 10000.0], [81785.0, 720.0], [81782.5, 1200.0], [81780.0, 1810.0], [81777.5, 2030.0], [81765.0, 730.0], [81760.0, 2030.0], [81755.0, 3070.0], [81752.5, 10200.0], [81750.0, 640.0], [81747.5, 2000.0], [81745.0, 3050.0], [81742.5, 10150.0], [81735.0, 2940.0], [81732.5, 9790.0], [81725.0, 2960.0], [81722.5, 9850.0], [81715.0, 2940.0], [81712.5, 9800.0], [81707.5, 3980.0]], "asks": [[81792.5, 10.0], [81795.0, 900.0], [81797.5, 2030.0], [81800.0, 1320.0], [81802.5, 6000.0], [81805.0, 20000.0], [81807.5, 15000.0], [81810.0, 66740.0], [81812.5, 56050.0], [81820.0, 2940.0], [81822.5, 9800.0], [81825.0, 3000.0], [81827.5, 10000.0], [81832.5, 7660.0], [81835.0, 29440.0], [81837.5, 9830.0], [81847.5, 10500.0], [81850.0, 35000.0], [81865.0, 3030.0], [81867.5, 10100.0]]}}}
{"jsonrpc": "2.0", "method": "subscription", "params": {"channel": "book.BTC-11APR25.none.20.100ms", "data": {"timestamp": 1743712170444, "change_id": 95476174747, "instrument_name": "BTC-11APR25", "bids": [[81822.5, 10010.0], [81815.0, 710.0], [81812.5, 2300.0], [81810.0, 2900.0], [81807.5, 2100.0], [81805.0, 9750.0], [81800.0, 2180.0], [81797.5, 2000.0], [81795.0, 7400.0], [81792.5, 120.0], [81787.5, 2280.0], [81785.0, 7610.0], [81782.5, 650.0], [81780.0, 2170.0], [81777.5, 2210.0], [81775.0, 7380.0], [81757.5, 2270.0], [81755.0, 7550.0], [81750.0, 20.0], [81747.5, 2300.0]], "asks": [[81825.0, 5610.0], [81827.5, 12010.0], [81830.0, 38180.0], [81832.5, 126460.0], [81835.0, 2260.0], [81837.5, 7540.0], [81840.0, 2170.0], [81845.0, 2300.0], [81847.5, 7670.0], [81855.0, 5250.0], [81857.5, 7490.0], [81860.0, 10000.0], [81880.0, 2230.0], [81882.5, 7440.0], [81890.0, 10160.0], [81892.5, 7380.0], [81895.0, 26500.0], [81900.0, 2210.0], [81902.5, 7380.0], [81912.5, 4150.0]]}}}
{"jsonrpc": "2.0", "method": "subscription", "params": {"channel": "book.BTC-4APR25.none.20.100ms", "data": {"timestamp": 1743712170584, "change_id": 95476174971, "instrument_name": "BTC-4APR25", "bids": [[81787.5, 10000.0], [81785.0, 720.0], [81782.5, 1200.0], [81780.0, 1810.0], [81777.5, 2030.0], [81765.0, 730.0], [81760.0, 2030.0], [81755.0, 3070.0], [81752.5, 10200.0], [81750.0, 640.0], [81747.5, 2000.0], [81745.0, 3050.0], [81742.5, 10150.0], [81735.0, 2940.0], [81732.5, 9790.0], [81725.0, 2960.0], [81722.5, 9850.0], [81715.0, 2940.0], [81712.5, 9800.0], [81707.5, 3980.0]], "asks": [[81792.5, 10.0], [81795.0, 900.0], [81797.5, 2030.0], [81800.0, 1320.0], [81802.5, 7200.0], [81805.0, 20000.0], [81807.5, 15000.0], [81810.0, 66740.0], [81812.5, 56050.0], [81820.0, 2940.0], [81822.5, 9800.0], [81825.0, 3000.0], [81827.5, 10000.0], [81832.5, 7660.0], [81835.0, 29440.0], [81837.5, 9830.0], [81847.5, 10500.0], [81850.0, 35000.0], [81865.0, 3030.0], [81867.5, 10100.0]]}}}
{"jsonrpc": "2.0", "method": "subscription", "params": {"channel": "book.BTC-11APR25.none.20.100ms", "data": {"timestamp": 1743712171067, "change_id": 95476175250, "instrument_name": "BTC-11APR25", "bids": [[81822.5, 10010.0], [81815.0, 710.0], [81812.5, 2300.0], [81810.0, 2900.0], [81807.5, 2100.0], [81805.0, 9750.0], [81800.0, 2180.0], [81797.5, 2000.0], [81795.0, 7400.0], [81792.5, 120.0], [81787.5, 2280.0], [81785.0, 7610.0], [81782.5, 650.0], [81780.0, 2170.0], [81777.5, 2210.0], [81775.0, 7380.0], [81757.5, 2270.0], [81755.0, 7550.0], [81750.0, 20.0], [81747.5, 2300.0]], "asks": [[81825.0, 5610.0], [81827.5, 12010.0], [81830.0, 38180.0], [81832.5, 126460.0], [81835.0, 2260.0], [81837.5, 7540.0], [81840.0, 2170.0], [81845.0, 2300.0], [81847.5, 7670.0], [81855.0, 5250.0], [81857.5, 7490.0], [81860.0, 10000.0], [81880.0, 2230.0], [81882.5, 7440.0], [81890.0, 10160.0], [81892.5, 7380.0], [81895.0, 26500.0], [81900.0, 2210.0], [81902.5, 7380.0], [81912.5, 4150.0]]}}}
{"jsonrpc": "2.0", "method": "subscription", "params": {"channel": "book.BTC-11APR25.none.20.100ms", "data": {"timestamp": 1743712171429, "change_id": 95476175780, "instrument_name": "BTC-11APR25", "bids": [[81822.5, 10010.0], [81815.0, 710.0], [81812.5, 2300.0], [81810.0, 2900.0], [81807.5, 2100.0], [81805.0, 9750.0], [81800.0, 2180.0], [81797.5, 2000.0], [81795.0, 7400.0], [81792.5, 120.0], [81787.5, 2280.0], [81785.0, 7610.0], [81782.5, 650.0], [81780.0, 2170.0], [81777.5, 2210.0], [81775.0, 7380.0], [81757.5, 2270.0], [81755.0, 7550.0], [81750.0, 20.0], [81747.5, 2300.0]], "asks": [[81825.0, 5610.0], [81827.5, 4470.0], [81830.0, 38180.0], [81832.5, 126460.0], [81835.0, 2260.0], [81837.5, 7540.0], [81840.0, 2170.0], [81845.0, 2300.0], [81847.5, 7670.0], [81855.0, 5250.0], [81857.5, 7490.0], [81860.0, 10000.0], [81880.0, 2230.0], [81882.5, 7440.0], [81890.0, 10160.0], [81892.5, 7380.0], [81895.0, 26500.0], [81900.0, 2210.0], [81902.5, 7380.0], [81912.5, 4150.0]]}}}
{"jsonrpc": "2.0", "method": "subscription", "params": {"channel": "book.BTC-4APR25.none.20.100ms", "data": {"timestamp": 1743712171867, "change_id": 95476176143, "instrument_name": "BTC-4APR25", "bids": [[81787.5, 10000.0], [81785.0, 720.0], [81782.5, 1200.0], [81780.0, 1810.0], [81777.5, 2030.0], [81765.0, 730.0], [81760.0, 2030.0], [81755.0, 3070.0], [81752.5, 10200.0], [81750.0, 640.0], [81747.5, 2000.0], [81745.0, 3050.0], [81742.5, 10150.0], [81735.0, 2940.0], [81732.5, 9790.0], [81725.0, 2960.0], [81722.5, 9850.0], [81715.0, 2940.0], [81712.5, 9800.0], [81707.5, 3980.0]], "asks": [[81792.5, 10.0], [81795.0, 900.0], [81797.5, 2030.0], [81800.0, 1320.0], [81802.5, 7200.0], [81805.0, 20000.0], [81810.0, 610.0], [81812.5, 2030.0], [81815.0, 15000.0], [81817.5, 50000.0], [81820.0, 2940.0], [81822.5, 9800.0], [81825.0, 3000.0], [81827.5, 10000.0], [81832.5, 7660.0], [81835.0, 29440.0], [81837.5, 9830.0], [81847.5, 10500.0], [81850.0, 35000.0], [81865.0, 3030.0]]}}}
{"jsonrpc": "2.0", "method": "subscription", "params": {"channel": "book.BTC-11APR25.none.20.100ms", "data": {"timestamp": 1743712171618, "change_id": 95476176016, "instrument_name": "BTC-11APR25", "bids": [[81822.5, 10010.0], [81815.0, 710.0], [81812.5, 2300.0], [81810.0, 2900.0], [81807.5, 2100.0], [81805.0, 9750.0], [81800.0, 2180.0], [81797.5, 2000.0], [81795.0, 7400.0], [81792.5, 120.0], [81787.5, 2280.0], [81785.0, 7610.0], [81782.5, 650.0], [81780.0, 2170.0], [81777.5, 2210.0], [81775.0, 7380.0], [81757.5, 2270.0], [81755.0, 7550.0], [81750.0, 20.0], [81747.5, 2300.0]], "asks": [[81825.0, 5610.0], [81827.5, 4470.0], [81830.0, 23990.0], [81832.5, 72420.0], [81835.0, 2260.0], [81837.5, 7540.0], [81840.0, 2170.0], [81845.0, 2300.0], [81847.5, 7670.0], [81855.0, 5250.0], [81857.5, 7490.0], [81860.0, 10000.0], [81880.0, 2230.0], [81882.5, 7440.0], [81890.0, 10160.0], [81892.5, 7380.0], [81895.0, 26500.0], [81900.0, 2210.0], [81902.5, 7380.0], [81912.5, 4150.0]]}}}
{"jsonrpc": "2.0", "method": "subscription", "params": {"channel": "book.BTC-11APR25.none.20.100ms", "data": {"timestamp": 1743712172222, "change_id": 95476176647, "instrument_name": "BTC-11APR25", "bids": [[81822.5, 10010.0], [81815.0, 710.0], [81812.5, 2300.0], [81810.0, 2900.0], [81807.5, 2100.0], [81805.0, 9750.0], [81800.0, 2180.0], [81797.5, 2000.0], [81795.0, 7400.0], [81792.5, 120.0], [81787.5, 2280.0], [81785.0, 7610.0], [81782.5, 650.0], [81780.0, 2170.0], [81777.5, 2210.0], [81775.0, 7380.0], [81757.5, 2270.0], [81755.0, 7550.0], [81750.0, 20.0], [81747.5, 2300.0]], "asks": [[81825.0, 9850.0], [81827.5, 4470.0], [81830.0, 23990.0], [81832.5, 72420.0], [81835.0, 15810.0], [81837.5, 51480.0], [81840.0, 2170.0], [81845.0, 2300.0], [81847.5, 7670.0], [81855.0, 5250.0], [81857.5, 7490.0], [81860.0, 10000.0], [81880.0, 2230.0], [81882.5, 7440.0], [81890.0, 10160.0], [81892.5, 7380.0], [81895.0, 26500.0], [81900.0, 2210.0], [81902.5, 7380.0], [81912.5, 4150.0]]}}}
{"jsonrpc": "2.0", "method": "subscription", "params": {"channel": "book.BTC-11APR25.none.20.100ms", "data": {"timestamp": 1743712172468, "change_id": 95476176947, "instrument_name": "BTC-11APR25", "bids": [[81822.5, 10000.0], [81815.0, 20.0], [81812.5, 2300.0], [81810.0, 2900.0], [81807.5, 2100.0], [81805.0, 9750.0], [81800.0, 2180.0], [81797.5, 2000.0], [81795.0, 7400.0], [81792.5, 120.0], [81787.5, 2280.0], [81785.0, 7610.0], [81782.5, 650.0], [81780.0, 2170.0], [81777.5, 2210.0], [81775.0, 7380.0], [81757.5, 2270.0], [81755.0, 7550.0], [81750.0, 20.0], [81747.5, 2300.0]], "asks": [[81825.0, 17900.0], [81827.5, 4470.0], [81830.0, 23990.0], [81832.5, 72420.0], [81835.0, 15810.0], [81837.5, 51480.0], [81840.0, 2170.0], [81845.0, 2300.0], [81847.5, 7670.0], [81855.0, 5250.0], [81857.5, 7490.0], [81860.0, 10000.0], [81880.0, 2230.0], [81882.5, 7440.0], [81890.0, 10160.0], [81892.5, 7380.0], [81895.0, 26500.0], [81900.0, 2210.0], [81902.5, 7380.0], [81912.5, 4150.0]]}}}
{"jsonrpc": "2.0", "method": "subscription", "params": {"channel": "book.BTC-4APR25.none.20.100ms", "data": {"timestamp": 1743712172550, "change_id": 95476177230, "instrument_name": "BTC-4APR25", "bids": [[81787.5, 10000.0], [81782.5, 1200.0], [81780.0, 1810.0], [81777.5, 2030.0], [81765.0, 730.0], [81760.0, 2030.0], [81750.0, 640.0], [81747.5, 2000.0], [81745.0, 3050.0], [81742.5, 10150.0], [81735.0, 2940.0], [81732.5, 9790.0], [81725.0, 2960.0], [81722.5, 9850.0], [81715.0, 2940.0], [81712.5, 9800.0], [81707.5, 3980.0], [81705.0, 16210.0], [81702.5, 9800.0], [81695.0, 2940.0]], "asks": [[81790.0, 10.0], [81792.5, 10000.0], [81795.0, 900.0], [81797.5, 2030.0], [81800.0, 1320.0], [81802.5, 7200.0], [81805.0, 20000.0], [81810.0, 15530.0], [81812.5, 52030.0], [81820.0, 2940.0], [81822.5, 9800.0], [81825.0, 3000.0], [81827.5, 10000.0], [81832.5, 7660.0], [81835.0, 29440.0], [81837.5, 9830.0], [81847.5, 10500.0], [81850.0, 35000.0], [81865.0, 3030.0], [81867.5, 10100.0]]}}}
{"jsonrpc": "2.0", "method": "subscription", "params": {"channel": "book.BTC-11APR25.none.20.100ms", "data": {"timestamp": 1743712172865, "change_id": 95476177483, "instrument_name": "BTC-11APR25", "bids": [[81822.5, 10000.0], [81815.0, 710.0], [81812.5, 2300.0], [81810.0, 2900.0], [81807.5, 2100.0], [81805.0, 9750.0], [81800.0, 2180.0], [81797.5, 2000.0], [81795.0, 7400.0], [81792.5, 120.0], [81787.5, 2280.0], [81785.0, 7610.0], [81782.5, 650.0], [81780.0, 2170.0], [81777.5, 2210.0], [81775.0, 7380.0], [81757.5, 2270.0], [81755.0, 7550.0], [81750.0, 20.0], [81747.5, 2300.0]], "asks": [[81825.0, 17900.0], [81827.5, 4470.0], [81830.0, 23990.0], [81832.5, 72420.0], [81835.0, 2260.0], [81837.5, 7540.0], [81840.0, 2170.0], [81845.0, 2300.0], [81847.5, 7670.0], [81855.0, 5250.0], [81857.5, 7490.0], [81860.0, 10000.0], [81880.0, 2230.0], [81882.5, 7440.0], [81890.0, 10160.0], [81892.5, 7380.0], [81895.0, 26500.0], [81900.0, 2210.0], [81902.5, 7380.0], [81912.5, 4150.0]]}}}
{"jsonrpc": "2.0", "method": "subscription", "params": {"channel": "book.BTC-4APR25.none.20.100ms", "data": {"timestamp": 1743712172860, "change_id": 95476177477, "instrument_name": "BTC-4APR25", "bids": [[81787.5, 10000.0], [81782.5, 1200.0], [81780.0, 1810.0], [81777.5, 2030.0], [81765.0, 730.0], [81760.0, 2030.0], [81750.0, 640.0], [81747.5, 2000.0], [81745.0, 3050.0], [81742.5, 10150.0], [81735.0, 2940.0], [81732.5, 9790.0], [81725.0, 2960.0], [81722.5, 9850.0], [81715.0, 2940.0], [81712.5, 9800.0], [81707.5, 3980.0], [81705.0, 16210.0], [81702.5, 9800.0], [81695.0, 2940.0]], "asks": [[81790.0, 10.0], [81792.5, 10000.0], [81795.0, 1530.0], [81797.5, 3230.0], [81800.0, 1320.0], [81802.5, 7200.0], [81805.0, 20000.0], [81807.5, 24540.0], [81810.0, 97330.0], [81812.5, 52030.0], [81820.0, 2940.0], [81822.5, 9800.0], [81825.0, 3000.0], [81827.5, 10000.0], [81832.5, 7660.0], [81835.0, 29440.0], [81837.5, 9830.0], [81847.5, 10500.0], [81850.0, 35000.0], [81865.0, 3030.0]]}}}
{"jsonrpc": "2.0", "method": "subscription", "params": {"channel": "book.BTC-11APR25.none.20.100ms", "data": {"timestamp": 1743712173117, "change_id": 95476177737, "instrument_name": "BTC-11APR25", "bids": [[81822.5, 10000.0], [81815.0, 710.0], [81812.5, 2300.0], [81810.0, 2900.0], [81807.5, 2100.0], [81805.0, 7580.0], [81800.0, 3200.0], [81797.5, 4170.0], [81795.0, 7400.0], [81792.5, 120.0], [81787.5, 2280.0], [81785.0, 7610.0], [81782.5, 650.0], [81780.0, 2170.0], [81777.5, 2210.0], [81775.0, 7380.0], [81757.5, 2270.0], [81755.0, 7550.0], [81750.0, 20.0], [81747.5, 2300.0]], "asks": [[81825.0, 17900.0], [81827.5, 4470.0], [81830.0, 23990.0], [81832.5, 72420.0], [81835.0, 2260.0], [81837.5, 7540.0], [81840.0, 2170.0], [81845.0, 2300.0], [81847.5, 7670.0], [81855.0, 5250.0], [81857.5, 7490.0], [81860.0, 10000.0], [81880.0, 2230.0], [81882.5, 7440.0], [81890.0, 10160.0], [81892.5, 7380.0], [81895.0, 26500.0], [81900.0, 2210.0], [81902.5, 7380.0], [81912.5, 4150.0]]}}}
{"jsonrpc": "2.0", "method": "subscription", "params": {"channel": "book.BTC-4APR25.none.20.100ms", "data": {"timestamp": 1743712173002, "change_id": 95476177597, "instrument_name": "BTC-4APR25", "bids": [[81787.5, 10000.0], [81782.5, 1200.0], [81780.0, 1810.0], [81777.5, 2030.0], [81765.0, 730.0], [81760.0, 2030.0], [81750.0, 640.0], [81747.5, 2000.0], [81745.0, 3050.0], [81742.5, 10150.0], [81735.0, 2940.0], [81732.5, 9790.0], [81725.0, 2960.0], [81722.5, 9850.0], [81715.0, 2940.0], [81712.5, 9800.0], [81707.5, 3980.0], [81705.0, 16210.0], [81702.5, 9800.0], [81695.0, 2940.0]], "asks": [[81790.0, 10.0], [81792.5, 10000.0], [81795.0, 1530.0], [81797.5, 3230.0], [81800.0, 1320.0], [81802.5, 35450.0], [81805.0, 50000.0], [81807.5, 24540.0], [81810.0, 97330.0], [81812.5, 2030.0], [81820.0, 2940.0], [81822.5, 9800.0], [81825.0, 3000.0], [81827.5, 10000.0], [81832.5, 7660.0], [81835.0, 29440.0], [81837.5, 9830.0], [81847.5, 10500.0], [81850.0, 35000.0], [81865.0, 3030.0]]}}}
{"jsonrpc": "2.0", "method": "subscription", "params": {"channel": "book.BTC-11APR25.none.20.100ms", "data": {"timestamp": 1743712173482, "change_id": 95476178506, "instrument_name": "BTC-11APR25", "bids": [[81822.5, 10010.0], [81815.0, 710.0], [81812.5, 2300.0], [81810.0, 2900.0], [81807.5, 2100.0], [81805.0, 7580.0], [81800.0, 3200.0], [81797.5, 4170.0], [81795.0, 7400.0], [81792.5, 120.0], [81787.5, 2280.0], [81785.0, 7610.0], [81782.5, 650.0], [81780.0, 2170.0], [81777.5, 2210.0], [81775.0, 7380.0], [81757.5, 2270.0], [81755.0, 7550.0], [81750.0, 20.0], [81747.5, 2300.0]], "asks": [[81825.0, 17900.0], [81827.5, 38150.0], [81830.0, 39860.0], [81832.5, 72420.0], [81835.0, 2260.0], [81837.5, 7540.0], [81840.0, 2170.0], [81845.0, 2300.0], [81847.5, 7670.0], [81855.0, 5250.0], [81857.5, 7490.0], [81860.0, 10000.0], [81880.0, 2230.0], [81882.5, 7440.0], [81890.0, 10160.0], [81892.5, 7380.0], [81895.0, 26500.0], [81900.0, 2210.0], [81902.5, 7380.0], [81912.5, 4150.0]]}}}
{"jsonrpc": "2.0", "method": "subscription", "params": {"channel": "book.BTC-4APR25.none.20.100ms", "data": {"timestamp": 1743712173650, "change_id": 95476178689, "instrument_name": "BTC-4APR25", "bids": [[81787.5, 10000.0], [81782.5, 1200.0], [81780.0, 1200.0], [81775.0, 610.0], [81772.5, 2030.0], [81765.0, 610.0], [81760.0, 2030.0], [81752.5, 120.0], [81750.0, 640.0], [81747.5, 2000.0], [81745.0, 3050.0], [81742.5, 10150.0], [81735.0, 2940.0], [81732.5, 9790.0], [81725.0, 2960.0], [81722.5, 9850.0], [81715.0, 2940.0], [81712.5, 9800.0], [81707.5, 3980.0], [81705.0, 16210.0]], "asks": [[81790.0, 2040.0], [81792.5, 10000.0], [81795.0, 900.0], [81797.5, 1200.0], [81800.0, 1320.0], [81802.5, 35450.0], [81805.0, 50000.0], [81807.5, 24540.0], [81810.0, 97330.0], [81812.5, 2030.0], [81820.0, 2940.0], [81822.5, 9800.0], [81825.0, 3000.0], [81827.5, 10000.0], [81832.5, 7660.0], [81835.0, 29440.0], [81837.5, 9830.0], [81847.5, 10500.0], [81850.0, 35000.0], [81865.0, 3030.0]]}}}
{"jsonrpc": "2.0", "method": "subscription", "params": {"channel": "book.BTC-11APR25.none.20.100ms", "data": {"timestamp": 1743712173781, "change_id": 95476178901, "instrument_name": "BTC-11APR25", "bids": [[81822.5, 10000.0], [81815.0, 20.0], [81810.0, 2900.0], [81807.5, 2100.0], [81805.0, 7580.0], [81800.0, 3200.0], [81797.5, 4170.0], [81795.0, 7400.0], [81787.5, 2280.0], [81785.0, 7610.0], [81782.5, 650.0], [81780.0, 2290.0], [81777.5, 2210.0], [81775.0, 7380.0], [81757.5, 2270.0], [81755.0, 7550.0], [81750.0, 20.0], [81747.5, 2300.0], [81745.0, 8640.0], [81742.5, 3310.0]], "asks": [[81825.0, 17900.0], [81827.5, 38150.0], [81830.0, 39860.0], [81832.5, 72420.0], [81835.0, 2260.0], [81837.5, 7540.0], [81840.0, 2170.0], [81845.0, 2300.0], [81847.5, 7670.0], [81855.0, 5250.0], [81857.5, 7490.0], [81860.0, 10000.0], [81880.0, 2230.0], [81882.5, 7440.0], [81890.0, 10160.0], [81892.5, 7380.0], [81895.0, 26500.0], [81900.0, 2210.0], [81902.5, 7380.0], [81912.5, 4150.0]]}}}
{"jsonrpc": "2.0", "method": "subscription", "params": {"channel": "book.BTC-4APR25.none.20.100ms", "data": {"timestamp": 1743712174160, "change_id": 95476179192, "instrument_name": "BTC-4APR25", "bids": [[81787.5, 10000.0], [81782.5, 1200.0], [81780.0, 1200.0], [81775.0, 610.0], [81772.5, 2030.0], [81765.0, 610.0], [81760.0, 2030.0], [81752.5, 120.0], [81750.0, 640.0], [81747.5, 2000.0], [81745.0, 3050.0], [81742.5, 10150.0], [81735.0, 2940.0], [81732.5, 9790.0], [81725.0, 2960.0], [81722.5, 9850.0], [81715.0, 2940.0], [81712.5, 9800.0], [81707.5, 3980.0], [81705.0, 16210.0]], "asks": [[81790.0, 2160.0], [81792.5, 10000.0], [81795.0, 900.0], [81797.5, 1200.0], [81800.0, 1200.0], [81802.5, 35450.0], [81805.0, 50000.0], [81807.5, 24540.0], [81810.0, 97330.0], [81812.5, 2030.0], [81820.0, 2940.0], [81822.5, 9800.0], [81825.0, 3000.0], [81827.5, 10000.0], [81832.5, 7660.0], [81835.0, 29440.0], [81837.5, 9830.0], [81847.5, 10500.0], [81850.0, 35000.0], [81865.0, 3030.0]]}}}
{"jsonrpc": "2.0", "method": "subscription", "params": {"channel": "book.BTC-11APR25.none.20.100ms", "data": {"timestamp": 1743712174188, "change_id": 95476179273, "instrument_name": "BTC-11APR25", "bids": [[81822.5, 10000.0], [81815.0, 20.0], [81810.0, 2900.0], [81807.5, 2100.0], [81805.0, 7580.0], [81800.0, 3200.0], [81797.5, 4170.0], [81795.0, 7400.0], [81787.5, 2280.0], [81785.0, 7610.0], [81782.5, 650.0], [81780.0, 2290.0], [81777.5, 2210.0], [81775.0, 7380.0], [81757.5, 2270.0], [81755.0, 7550.0], [81750.0, 20.0], [81747.5, 2300.0], [81745.0, 8640.0], [81742.5, 3310.0]], "asks": [[81825.0, 17900.0], [81827.5, 38150.0], [81830.0, 39860.0], [81832.5, 72420.0], [81835.0, 2260.0], [81837.5, 7540.0], [81840.0, 2170.0], [81845.0, 2300.0], [81847.5, 7670.0], [81855.0, 5250.0], [81857.5, 7490.0], [81860.0, 10000.0], [81880.0, 2230.0], [81882.5, 7440.0], [81890.0, 10160.0], [81892.5, 7380.0], [81895.0, 26500.0], [81900.0, 2210.0], [81902.5, 7380.0], [81912.5, 4150.0]]}}}
{"jsonrpc": "2.0", "method": "subscription", "params": {"channel": "book.BTC-11APR25.none.20.100ms", "data": {"timestamp": 1743712174518, "change_id": 95476179856, "instrument_name": "BTC-11APR25", "bids": [[81822.5, 10010.0], [81815.0, 20.0], [81810.0, 2900.0], [81807.5, 2100.0], [81805.0, 7580.0], [81800.0, 3200.0], [81797.5, 4170.0], [81795.0, 7400.0], [81787.5, 2280.0], [81785.0, 7610.0], [81782.5, 650.0], [81780.0, 2290.0], [81777.5, 2210.0], [81775.0, 7380.0], [81757.5, 2270.0], [81755.0, 7550.0], [81750.0, 20.0], [81747.5, 2300.0], [81745.0, 8640.0], [81742.5, 3310.0]], "asks": [[81825.0, 17900.0], [81827.5, 38150.0], [81830.0, 39860.0], [81832.5, 72420.0], [81835.0, 2260.0], [81837.5, 7540.0], [81840.0, 2170.0], [81845.0, 2300.0], [81847.5, 7670.0], [81855.0, 5250.0], [81857.5, 7490.0], [81860.0, 10000.0], [81880.0, 2230.0], [81882.5, 7440.0], [81890.0, 10160.0], [81892.5, 7380.0], [81895.0, 26500.0], [81900.0, 2210.0], [81902.5, 7380.0], [81912.5, 4150.0]]}}}
{"jsonrpc": "2.0", "method": "subscription", "params": {"channel": "book.BTC-4APR25.none.20.100ms", "data": {"timestamp": 1743712174539, "change_id": 95476179858, "instrument_name": "BTC-4APR25", "bids": [[81787.5, 10000.0], [81775.0, 610.0], [81772.5, 2030.0], [81765.0, 610.0], [81760.0, 2030.0], [81752.5, 120.0], [81750.0, 640.0], [81747.5, 2000.0], [81745.0, 3050.0], [81742.5, 10150.0], [81735.0, 2940.0], [81732.5, 9790.0], [81725.0, 2960.0], [81722.5, 9850.0], [81715.0, 2940.0], [81712.5, 9800.0], [81707.5, 3980.0], [81705.0, 16210.0], [81702.5, 9800.0], [81695.0, 2940.0]], "asks": [[81790.0, 2160.0], [81792.5, 10000.0], [81795.0, 900.0], [81797.5, 1200.0], [81800.0, 1200.0], [81802.5, 35450.0], [81805.0, 50000.0], [81807.5, 24540.0], [81810.0, 97330.0], [81812.5, 2030.0], [81820.0, 2940.0], [81822.5, 9800.0], [81825.0, 3000.0], [81827.5, 10000.0], [81832.5, 7660.0], [81835.0, 29440.0], [81837.5, 9830.0], [81847.5, 10500.0], [81850.0, 35000.0], [81865.0, 3030.0]]}}}
{"jsonrpc": "2.0", "method": "subscription", "params": {"channel": "book.BTC-11APR25.none.20.100ms", "data": {"timestamp": 1743712174758, "change_id": 95476179984, "instrument_name": "BTC-11APR25", "bids": [[81822.5, 10010.0], [81815.0, 20.0], [81810.0, 2900.0], [81807.5, 2100.0], [81805.0, 7580.0], [81800.0, 3200.0], [81797.5, 4170.0], [81795.0, 7400.0], [81787.5, 2280.0], [81785.0, 7610.0], [81782.5, 650.0], [81780.0, 2290.0], [81777.5, 2210.0], [81775.0, 7380.0], [81757.5, 2270.0], [81755.0, 7550.0], [81750.0, 20.0], [81747.5, 2300.0], [81745.0, 8640.0], [81742.5, 3310.0]], "asks": [[81825.0, 10400.0], [81827.5, 38150.0], [81830.0, 39860.0], [81832.5, 72420.0], [81835.0, 2260.0], [81837.5, 7540.0], [81840.0, 2170.0], [81845.0, 2300.0], [81847.5, 7670.0], [81855.0, 5250.0], [81857.5, 7490.0], [81860.0, 10000.0], [81880.0, 2230.0], [81882.5, 7440.0], [81890.0, 10160.0], [81892.5, 7380.0], [81895.0, 26500.0], [81900.0, 2210.0], [81902.5, 7380.0], [81912.5, 4150.0]]}}}
{"jsonrpc": "2.0", "method": "subscription", "params": {"channel": "book.BTC-4APR25.none.20.100ms", "data": {"timestamp": 1743712174868, "change_id": 95476180013, "instrument_name": "BTC-4APR25", "bids": [[81787.5, 10000.0], [81775.0, 610.0], [81772.5, 2030.0], [81765.0, 610.0], [81760.0, 2030.0], [81752.5, 120.0], [81750.0, 640.0], [81747.5, 2000.0], [81745.0, 3050.0], [81742.5, 10150.0], [81735.0, 2940.0], [81732.5, 9790.0], [81725.0, 2960.0], [81722.5, 9850.0], [81715.0, 2940.0], [81712.5, 9800.0], [81707.5, 3980.0], [81705.0, 16210.0], [81702.5, 9800.0], [81695.0, 2940.0]], "asks": [[81790.0, 130.0], [81792.5, 10000.0], [81795.0, 1170.0], [81797.5, 2030.0], [81800.0, 1200.0], [81802.5, 35450.0], [81805.0, 50000.0], [81807.5, 24540.0], [81810.0, 97330.0], [81812.5, 2030.0], [81820.0, 2940.0], [81822.5, 9800.0], [81825.0, 3000.0], [81827.5, 10000.0], [81832.5, 7660.0], [81835.0, 29440.0], [81837.5, 9830.0], [81847.5, 10500.0], [81850.0, 35000.0], [81865.0, 3030.0]]}}}
{"jsonrpc": "2.0", "method": "subscription", "params": {"channel": "book.BTC-11APR25.none.20.100ms", "data": {"timestamp": 1743712175064, "change_id": 95476180165, "instrument_name": "BTC-11APR25", "bids": [[81822.5, 10010.0], [81815.0, 20.0], [81810.0, 2900.0], [81807.5, 2100.0], [81805.0, 7580.0], [81800.0, 3200.0], [81797.5, 4170.0], [81795.0, 7400.0], [81787.5, 2280.0], [81785.0, 7610.0], [81782.5, 650.0], [81780.0, 2290.0], [81777.5, 2210.0], [81775.0, 7380.0], [81757.5, 2270.0], [81755.0, 7550.0], [81750.0, 20.0], [81747.5, 2300.0], [81745.0, 8640.0], [81742.5, 3310.0]], "asks": [[81825.0, 10210.0], [81827.5, 38150.0], [81830.0, 39860.0], [81832.5, 72420.0], [81835.0, 2260.0], [81837.5, 7540.0], [81840.0, 2170.0], [81845.0, 2300.0], [81847.5, 7670.0], [81855.0, 5250.0], [81857.5, 7490.0], [81860.0, 10000.0], [81880.0, 2230.0], [81882.5, 7440.0], [81890.0, 10160.0], [81892.5, 7380.0], [81895.0, 26500.0], [81900.0, 2210.0], [81902.5, 7380.0], [81912.5, 4150.0]]}}}
{"jsonrpc": "2.0", "method": "subscription", "params": {"channel": "book.BTC-11APR25.none.20.100ms", "data": {"timestamp": 1743712175279, "change_id": 95476180595, "instrument_name": "BTC-11APR25", "bids": [[81822.5, 10010.0], [81815.0, 20.0], [81810.0, 2900.0], [81807.5, 2100.0], [81805.0, 7580.0], [81800.0, 3200.0], [81797.5, 4170.0], [81795.0, 7400.0], [81787.5, 2280.0], [81785.0, 7610.0], [81782.5, 650.0], [81780.0, 2290.0], [81777.5, 2210.0], [81775.0, 7380.0], [81757.5, 2270.0], [81755.0, 7550.0], [81750.0, 20.0], [81747.5, 2300.0], [81745.0, 8640.0], [81742.5, 3310.0]], "asks": [[81825.0, 10210.0], [81827.5, 38150.0], [81830.0, 39860.0], [81832.5, 72420.0], [81835.0, 2260.0], [81837.5, 7540.0], [81840.0, 2170.0], [81845.0, 2300.0], [81847.5, 7670.0], [81855.0, 5250.0], [81857.5, 7490.0], [81860.0, 10000.0], [81880.0, 2230.0], [81882.5, 7440.0], [81890.0, 10160.0], [81892.5, 7380.0], [81895.0, 26500.0], [81900.0, 2210.0], [81902.5, 7380.0], [81912.5, 4150.0]]}}}
{"jsonrpc": "2.0", "method": "subscription", "params": {"channel": "book.BTC-4APR25.none.20.100ms", "data": {"timestamp": 1743712175530, "change_id": 95476180796, "instrument_name": "BTC-4APR25", "bids": [[81787.5, 10000.0], [81775.0, 610.0], [81772.5, 2030.0], [81765.0, 610.0], [81760.0, 2030.0], [81752.5, 120.0], [81750.0, 640.0], [81747.5, 2000.0], [81745.0, 3050.0], [81742.5, 10150.0], [81735.0, 2940.0], [81732.5, 9790.0], [81725.0, 2960.0], [81722.5, 9850.0], [81715.0, 2940.0], [81712.5, 9800.0], [81707.5, 3980.0], [81705.0, 16210.0], [81702.5, 9800.0], [81695.0, 2940.0]], "asks": [[81790.0, 1330.0], [81792.5, 10000.0], [81795.0, 1810.0], [81797.5, 2030.0], [81800.0, 1200.0], [81802.5, 35450.0], [81805.0, 50000.0], [81807.5, 24540.0], [81810.0, 97330.0], [81812.5, 2030.0], [81820.0, 2940.0], [81822.5, 9800.0], [81825.0, 3000.0], [81827.5, 10000.0], [81832.5, 7660.0], [81835.0, 29440.0], [81837.5, 9830.0], [81847.5, 10500.0], [81850.0, 35000.0], [81865.0, 3030.0]]}}}
{"jsonrpc": "2.0", "method": "subscription", "params": {"channel": "book.BTC-11APR25.none.20.100ms", "data": {"timestamp": 1743712175824, "change_id": 95476180940, "instrument_name": "BTC-11APR25", "bids": [[81822.5, 10000.0], [81815.0, 20.0], [81810.0, 2900.0], [81807.5, 2100.0], [81805.0, 7580.0], [81800.0, 3200.0], [81797.5, 4170.0], [81795.0, 7400.0], [81787.5, 2280.0], [81785.0, 7610.0], [81782.5, 650.0], [81780.0, 2290.0], [81777.5, 2210.0], [81775.0, 7380.0], [81757.5, 2270.0], [81755.0, 7550.0], [81750.0, 20.0], [81747.5, 2300.0], [81745.0, 8640.0], [81742.5, 3310.0]], "asks": [[81825.0, 10210.0], [81827.5, 38150.0], [81830.0, 39860.0], [81832.5, 72420.0], [81835.0, 2260.0], [81837.5, 7540.0], [81840.0, 2170.0], [81845.0, 2300.0], [81847.5, 7670.0], [81855.0, 5250.0], [81857.5, 7490.0], [81860.0, 10000.0], [81880.0, 2230.0], [81882.5, 7440.0], [81890.0, 10160.0], [81892.5, 7380.0], [81895.0, 26500.0], [81900.0, 2210.0], [81902.5, 7380.0], [81912.5, 4150.0]]}}}
{"jsonrpc": "2.0", "method": "subscription", "params": {"channel": "book.BTC-4APR25.none.20.100ms", "data": {"timestamp": 1743712175530, "change_id": 95476180798, "instrument_name": "BTC-4APR25", "bids": [[81787.5, 10000.0], [81775.0, 610.0], [81772.5, 2030.0], [81765.0, 610.0], [81760.0, 2030.0], [81752.5, 120.0], [81750.0, 640.0], [81747.5, 2000.0], [81745.0, 3050.0], [81742.5, 10150.0], [81735.0, 2940.0], [81732.5, 9790.0], [81725.0, 2960.0], [81722.5, 9850.0], [81715.0, 2940.0], [81712.5, 9800.0], [81707.5, 3980.0], [81705.0, 16210.0], [81702.5, 9800.0], [81695.0, 2940.0]], "asks": [[81790.0, 1330.0], [81792.5, 11400.0], [81795.0, 1450.0], [81797.5, 2030.0], [81800.0, 1200.0], [81802.5, 35450.0], [81805.0, 50000.0], [81807.5, 24540.0], [81810.0, 97330.0], [81812.5, 2030.0], [81820.0, 2940.0], [81822.5, 9800.0], [81825.0, 3000.0], [81827.5, 10000.0], [81832.5, 7660.0], [81835.0, 29440.0], [81837.5, 9830.0], [81847.5, 10500.0], [81850.0, 35000.0], [81865.0, 3030.0]]}}}
{"jsonrpc": "2.0", "method": "subscription", "params": {"channel": "book.BTC-11APR25.none.20.100ms", "data": {"timestamp": 1743712176055, "change_id": 95476181019, "instrument_name": "BTC-11APR25", "bids": [[81822.5, 10000.0], [81815.0, 20.0], [81810.0, 2900.0], [81807.5, 2100.0], [81805.0, 7580.0], [81800.0, 3200.0], [81797.5, 4170.0], [81795.0, 7400.0], [81787.5, 2280.0], [81785.0, 7610.0], [81782.5, 650.0], [81780.0, 2290.0], [81777.5, 2210.0], [81775.0, 7380.0], [81757.5, 2270.0], [81755.0, 7550.0], [81750.0, 20.0], [81747.5, 2300.0], [81745.0, 8640.0], [81742.5, 3310.0]], "asks": [[81825.0, 10210.0], [81827.5, 38150.0], [81830.0, 39860.0], [81832.5, 72420.0], [81835.0, 2260.0], [81837.5, 7540.0], [81840.0, 2170.0], [81845.0, 2300.0], [81847.5, 7670.0], [81855.0, 5250.0], [81857.5, 7490.0], [81860.0, 10000.0], [81880.0, 2230.0], [81882.5, 7440.0], [81890.0, 10160.0], [81892.5, 7380.0], [81895.0, 26500.0], [81900.0, 2210.0], [81902.5, 7380.0], [81912.5, 4150.0]]}}}
{"jsonrpc": "2.0", "method": "subscription", "params": {"channel": "book.BTC-11APR25.none.20.100ms", "data": {"timestamp": 1743712176419, "change_id": 95476181604, "instrument_name": "BTC-11APR25", "bids": [[81822.5, 10000.0], [81815.0, 20.0], [81807.5, 2100.0], [81805.0, 7580.0], [81797.5, 2000.0], [81795.0, 7400.0], [81787.5, 2280.0], [81785.0, 7610.0], [81782.5, 650.0], [81780.0, 2290.0], [81777.5, 2210.0], [81775.0, 7380.0], [81755.0, 7550.0], [81750.0, 20.0], [81747.5, 2300.0], [81745.0, 8640.0], [81742.5, 3310.0], [81737.5, 2300.0], [81735.0, 7670.0], [81727.5, 2250.0]], "asks": [[81825.0, 18040.0], [81827.5, 38150.0], [81830.0, 39860.0], [81832.5, 72420.0], [81835.0, 2260.0], [81837.5, 7540.0], [81840.0, 2170.0], [81845.0, 2300.0], [81847.5, 7670.0], [81855.0, 5250.0], [81857.5, 7490.0], [81860.0, 10000.0], [81880.0, 2230.0], [81882.5, 7440.0], [81890.0, 10160.0], [81892.5, 7380.0], [81895.0, 26500.0], [81900.0, 2210.0], [81902.5, 7380.0], [81912.5, 4150.0]]}}}
{"jsonrpc": "2.0", "method": "subscription", "params": {"channel": "book.BTC-4APR25.none.20.100ms", "data": {"timestamp": 1743712176518, "change_id": 95476181849, "instrument_name": "BTC-4APR25", "bids": [[81787.5, 10000.0], [81752.5, 120.0], [81750.0, 640.0], [81747.5, 2000.0], [81745.0, 3050.0], [81742.5, 10150.0], [81735.0, 2940.0], [81732.5, 9790.0], [81725.0, 2960.0], [81722.5, 9850.0], [81715.0, 2940.0], [81712.5, 9800.0], [81707.5, 3980.0], [81705.0, 16210.0], [81702.5, 9800.0], [81695.0, 2940.0], [81692.5, 9790.0], [81690.0, 1010.0], [81687.5, 3310.0], [81685.0, 3100.0]], "asks": [[81790.0, 3360.0], [81792.5, 11640.0], [81795.0, 250.0], [81800.0, 1200.0], [81802.5, 35450.0], [81805.0, 50000.0], [81807.5, 24540.0], [81810.0, 97330.0], [81812.5, 2030.0], [81820.0, 2940.0], [81822.5, 9800.0], [81825.0, 3000.0], [81827.5, 10000.0], [81832.5, 7660.0], [81835.0, 29440.0], [81837.5, 9830.0], [81847.5, 10500.0], [81850.0, 35000.0], [81865.0, 3030.0], [81867.5, 10100.0]]}}}
{"jsonrpc": "2.0", "method": "subscription", "params": {"channel": "book.BTC-4APR25.none.20.100ms", "data": {"timestamp": 1743712176567, "change_id": 95476181871, "instrument_name": "BTC-4APR25", "bids": [[81787.5, 10000.0], [81775.0, 610.0], [81772.5, 2030.0], [81762.5, 610.0], [81760.0, 2030.0], [81752.5, 120.0], [81750.0, 640.0], [81747.5, 2000.0], [81745.0, 3050.0], [81742.5, 10150.0], [81735.0, 2940.0], [81732.5, 9790.0], [81725.0, 2960.0], [81722.5, 9850.0], [81715.0, 2940.0], [81712.5, 9800.0], [81707.5, 3980.0], [81705.0, 16210.0], [81702.5, 9800.0], [81695.0, 2940.0]], "asks": [[81790.0, 3360.0], [81792.5, 11640.0], [81795.0, 250.0], [81800.0, 1200.0], [81802.5, 35450.0], [81805.0, 50000.0], [81807.5, 24540.0], [81810.0, 97330.0], [81812.5, 2030.0], [81820.0, 2940.0], [81822.5, 9800.0], [81825.0, 3000.0], [81827.5, 10000.0], [81832.5, 7660.0], [81835.0, 29440.0], [81837.5, 9830.0], [81847.5, 10500.0], [81850.0, 35000.0], [81865.0, 3030.0], [81867.5, 10100.0]]}}}
{"jsonrpc": "2.0", "method": "subscription", "params": {"channel": "book.BTC-11APR25.none.20.100ms", "data": {"timestamp": 1743712176569, "change_id": 95476181875, "instrument_name": "BTC-11APR25", "bids": [[81822.5, 10000.0], [81815.0, 20.0], [81810.0, 2900.0], [81807.5, 2100.0], [81805.0, 7580.0], [81797.5, 4170.0], [81795.0, 7400.0], [81787.5, 2280.0], [81785.0, 7610.0], [81782.5, 650.0], [81780.0, 2290.0], [81777.5, 2210.0], [81775.0, 7380.0], [81755.0, 7550.0], [81750.0, 20.0], [81747.5, 2300.0], [81745.0, 8640.0], [81742.5, 3310.0], [81737.5, 2300.0], [81735.0, 7670.0]], "asks": [[81825.0, 18040.0], [81827.5, 38150.0], [81830.0, 39860.0], [81832.5, 72420.0], [81835.0, 2260.0], [81837.5, 7540.0], [81840.0, 2170.0], [81845.0, 2300.0], [81847.5, 7670.0], [81855.0, 5250.0], [81857.5, 7490.0], [81860.0, 10000.0], [81880.0, 2230.0], [81882.5, 7440.0], [81890.0, 10160.0], [81892.5, 7380.0], [81895.0, 26500.0], [81900.0, 2210.0], [81902.5, 7380.0], [81912.5, 4150.0]]}}}
{"jsonrpc": "2.0", "method": "subscription", "params": {"channel": "book.BTC-11APR25.none.20.100ms", "data": {"timestamp": 1743712176954, "change_id": 95476182126, "instrument_name": "BTC-11APR25", "bids": [[81822.5, 10000.0], [81815.0, 20.0], [81810.0, 2900.0], [81807.5, 2100.0], [81805.0, 7580.0], [81800.0, 3470.0], [81797.5, 4170.0], [81795.0, 7400.0], [81787.5, 2280.0], [81785.0, 7610.0], [81782.5, 650.0], [81780.0, 2290.0], [81777.5, 2210.0], [81775.0, 7380.0], [81755.0, 7550.0], [81750.0, 20.0], [81747.5, 2300.0], [81745.0, 8640.0], [81742.5, 3310.0], [81737.5, 2300.0]], "asks": [[81825.0, 18040.0], [81827.5, 38150.0], [81830.0, 39860.0], [81832.5, 72420.0], [81835.0, 2260.0], [81837.5, 7540.0], [81840.0, 2170.0], [81845.0, 2300.0], [81847.5, 7670.0], [81855.0, 5250.0], [81857.5, 7490.0], [81860.0, 10000.0], [81880.0, 2230.0], [81882.5, 7440.0], [81890.0, 10160.0], [81892.5, 7380.0], [81895.0, 26500.0], [81900.0, 2210.0], [81902.5, 7380.0], [81912.5, 4150.0]]}}}
{"jsonrpc": "2.0", "method": "subscription", "params": {"channel": "book.BTC-4APR25.none.20.100ms", "data": {"timestamp": 1743712177195, "change_id": 95476182381, "instrument_name": "BTC-4APR25", "bids": [[81787.5, 10000.0], [81775.0, 610.0], [81772.5, 2030.0], [81762.5, 610.0], [81760.0, 2030.0], [81752.5, 120.0], [81750.0, 640.0], [81747.5, 2000.0], [81745.0, 3050.0], [81742.5, 10150.0], [81735.0, 2940.0], [81732.5, 9790.0], [81725.0, 2960.0], [81722.5, 9850.0], [81715.0, 2940.0], [81712.5, 9800.0], [81707.5, 3980.0], [81705.0, 16210.0], [81702.5, 9800.0], [81695.0, 2940.0]], "asks": [[81790.0, 13360.0], [81792.5, 11640.0], [81795.0, 250.0], [81800.0, 1200.0], [81802.5, 35450.0], [81805.0, 50000.0], [81807.5, 24540.0], [81810.0, 97330.0], [81812.5, 2030.0], [81820.0, 2940.0], [81822.5, 9800.0], [81825.0, 3000.0], [81827.5, 10000.0], [81832.5, 7660.0], [81835.0, 29440.0], [81837.5, 9830.0], [81847.5, 10500.0], [81850.0, 35000.0], [81865.0, 3030.0], [81867.5, 10100.0]]}}}
{"jsonrpc": "2.0", "method": "subscription", "params": {"channel": "book.BTC-11APR25.none.20.100ms", "data": {"timestamp": 1743712177365, "change_id": 95476182727, "instrument_name": "BTC-11APR25", "bids": [[81822.5, 10000.0], [81815.0, 20.0], [81810.0, 2900.0], [81807.5, 2300.0], [81805.0, 7580.0], [81800.0, 3470.0], [81797.5, 4170.0], [81795.0, 7400.0], [81787.5, 2280.0], [81785.0, 7610.0], [81782.5, 650.0], [81780.0, 2290.0], [81777.5, 2210.0], [81775.0, 7380.0], [81755.0, 7550.0], [81750.0, 20.0], [81747.5, 2300.0], [81745.0, 8640.0], [81742.5, 3310.0], [81737.5, 2300.0]], "asks": [[81825.0, 18040.0], [81827.5, 38150.0], [81830.0, 39860.0], [81832.5, 72420.0], [81835.0, 2260.0], [81837.5, 7540.0], [81840.0, 2170.0], [81845.0, 2300.0], [81847.5, 7670.0], [81855.0, 5250.0], [81857.5, 7490.0], [81860.0, 10000.0], [81880.0, 2230.0], [81882.5, 7440.0], [81890.0, 10160.0], [81892.5, 7380.0], [81895.0, 26500.0], [81900.0, 2210.0], [81902.5, 7380.0], [81912.5, 4150.0]]}}}
{"jsonrpc": "2.0", "method": "subscription", "params": {"channel": "book.BTC-11APR25.none.20.100ms", "data": {"timestamp": 1743712178493, "change_id": 95476184293, "instrument_name": "BTC-11APR25", "bids": [[81822.5, 10000.0], [81815.0, 20.0], [81812.5, 2300.0], [81810.0, 2900.0], [81807.5, 2300.0], [81805.0, 7580.0], [81800.0, 3470.0], [81797.5, 4170.0], [81795.0, 7400.0], [81787.5, 2280.0], [81785.0, 7610.0], [81782.5, 650.0], [81780.0, 2290.0], [81777.5, 2210.0], [81775.0, 7380.0], [81757.5, 2270.0], [81755.0, 7550.0], [81750.0, 20.0], [81747.5, 2300.0], [81745.0, 8640.0]], "asks": [[81825.0, 19510.0], [81827.5, 38150.0], [81830.0, 39860.0], [81832.5, 72420.0], [81835.0, 2260.0], [81837.5, 7540.0], [81840.0, 2170.0], [81845.0, 2300.0], [81847.5, 7670.0], [81855.0, 5250.0], [81857.5, 7490.0], [81860.0, 10000.0], [81880.0, 2230.0], [81882.5, 7440.0], [81890.0, 10160.0], [81892.5, 7380.0], [81895.0, 26500.0], [81900.0, 2210.0], [81902.5, 7380.0], [81912.5, 4150.0]]}}}
{"jsonrpc": "2.0", "method": "subscription", "params": {"channel": "book.BTC-4APR25.none.20.100ms", "data": {"timestamp": 1743712178282, "change_id": 95476183937, "instrument_name": "BTC-4APR25", "bids": [[81787.5, 10000.0], [81775.0, 610.0], [81772.5, 2030.0], [81762.5, 610.0], [81760.0, 2030.0], [81752.5, 120.0], [81750.0, 640.0], [81747.5, 2000.0], [81745.0, 3050.0], [81742.5, 10150.0], [81735.0, 2940.0], [81732.5, 9790.0], [81725.0, 2960.0], [81722.5, 9850.0], [81715.0, 2940.0], [81712.5, 9800.0], [81707.5, 3980.0], [81705.0, 16210.0], [81702.5, 9800.0], [81695.0, 2940.0]], "asks": [[81790.0, 3360.0], [81792.5, 11640.0], [81795.0, 250.0], [81800.0, 1200.0], [81802.5, 35450.0], [81805.0, 50000.0], [81807.5, 24540.0], [81810.0, 97330.0], [81812.5, 2030.0], [81820.0, 2940.0], [81822.5, 9800.0], [81825.0, 3000.0], [81827.5, 10000.0], [81832.5, 7660.0], [81835.0, 29440.0], [81837.5, 9830.0], [81847.5, 10500.0], [81850.0, 35000.0], [81865.0, 3030.0], [81867.5, 10100.0]]}}}
{"jsonrpc": "2.0", "method": "subscription", "params": {"channel": "book.BTC-11APR25.none.20.100ms", "data": {"timestamp": 1743712178719, "change_id": 95476184409, "instrument_name": "BTC-11APR25", "bids": [[81822.5, 10000.0], [81815.0, 20.0], [81812.5, 2300.0], [81810.0, 2900.0], [81807.5, 2300.0], [81805.0, 7580.0], [81800.0, 3470.0], [81797.5, 4170.0], [81795.0, 7400.0], [81787.5, 2280.0], [81785.0, 7610.0], [81782.5, 650.0], [81780.0, 2290.0], [81777.5, 2210.0], [81775.0, 7380.0], [81757.5, 2270.0], [81755.0, 7550.0], [81750.0, 20.0], [81747.5, 2300.0], [81745.0, 8640.0]], "asks": [[81825.0, 19510.0], [81827.5, 38150.0], [81830.0, 39860.0], [81832.5, 72420.0], [81835.0, 2260.0], [81837.5, 7540.0], [81840.0, 2170.0], [81845.0, 2300.0], [81847.5, 7670.0], [81855.0, 5250.0], [81857.5, 7490.0], [81860.0, 10000.0], [81880.0, 2230.0], [81882.5, 7440.0], [81890.0, 10160.0], [81892.5, 7380.0], [81895.0, 26500.0], [81900.0, 2210.0], [81902.5, 7380.0], [81912.5, 4150.0]]}}}
{"jsonrpc": "2.0", "method": "subscription", "params": {"channel": "book.BTC-11APR25.none.20.100ms", "data": {"timestamp": 1743712179485, "change_id": 95476185380, "instrument_name": "BTC-11APR25", "bids": [[81822.5, 10000.0], [81815.0, 20.0], [81812.5, 2300.0], [81810.0, 2900.0], [81807.5, 2300.0], [81805.0, 8270.0], [81802.5, 2300.0], [81800.0, 3470.0], [81797.5, 4170.0], [81795.0, 7400.0], [81787.5, 2280.0], [81785.0, 7610.0], [81782.5, 650.0], [81780.0, 2290.0], [81777.5, 2210.0], [81775.0, 7380.0], [81757.5, 2270.0], [81755.0, 7550.0], [81750.0, 20.0], [81747.5, 2300.0]], "asks": [[81825.0, 19510.0], [81827.5, 38150.0], [81830.0, 39860.0], [81832.5, 72420.0], [81835.0, 2260.0], [81837.5, 7540.0], [81840.0, 2170.0], [81845.0, 2300.0], [81847.5, 7670.0], [81855.0, 5250.0], [81857.5, 7490.0], [81860.0, 10000.0], [81880.0, 2230.0], [81882.5, 7440.0], [81890.0, 10160.0], [81892.5, 7380.0], [81895.0, 26500.0], [81900.0, 2210.0], [81902.5, 7380.0], [81912.5, 4150.0]]}}}
{"jsonrpc": "2.0", "method": "subscription", "params": {"channel": "book.BTC-11APR25.none.20.100ms", "data": {"timestamp": 1743712179781, "change_id": 95476185712, "instrument_name": "BTC-11APR25", "bids": [[81815.0, 30.0], [81812.5, 5300.0], [81810.0, 12900.0], [81807.5, 2300.0], [81805.0, 8270.0], [81802.5, 2300.0], [81800.0, 3470.0], [81797.5, 4170.0], [81795.0, 7400.0], [81787.5, 2280.0], [81785.0, 7610.0], [81782.5, 650.0], [81780.0, 2290.0], [81777.5, 2210.0], [81775.0, 7380.0], [81757.5, 2270.0], [81755.0, 7550.0], [81750.0, 20.0], [81747.5, 2300.0], [81745.0, 8640.0]], "asks": [[81817.5, 2420.0], [81820.0, 2300.0], [81822.5, 4830.0], [81825.0, 30370.0], [81827.5, 4470.0], [81830.0, 61590.0], [81832.5, 72300.0], [81835.0, 2260.0], [81837.5, 7540.0], [81840.0, 2170.0], [81845.0, 2300.0], [81847.5, 7670.0], [81855.0, 5250.0], [81857.5, 7490.0], [81860.0, 10000.0], [81880.0, 2230.0], [81882.5, 7440.0], [81890.0, 10160.0], [81892.5, 7380.0], [81895.0, 26500.0]]}}}
{"jsonrpc": "2.0", "method": "subscription", "params": {"channel": "book.BTC-4APR25.none.20.100ms", "data": {"timestamp": 1743712180157, "change_id": 95476185960, "instrument_name": "BTC-4APR25", "bids": [[81775.0, 610.0], [81772.5, 2030.0], [81762.5, 610.0], [81760.0, 2030.0], [81752.5, 120.0], [81750.0, 640.0], [81747.5, 2000.0], [81745.0, 3050.0], [81742.5, 10150.0], [81735.0, 2940.0], [81732.5, 9790.0], [81725.0, 2960.0], [81722.5, 9850.0], [81715.0, 2940.0], [81712.5, 9800.0], [81707.5, 3980.0], [81705.0, 16210.0], [81702.5, 9800.0], [81695.0, 2940.0], [81692.5, 9790.0]], "asks": [[81782.5, 10.0], [81787.5, 1010.0], [81790.0, 6800.0], [81792.5, 11200.0], [81795.0, 250.0], [81797.5, 360.0], [81800.0, 1200.0], [81802.5, 35450.0], [81805.0, 50000.0], [81807.5, 24540.0], [81810.0, 97330.0], [81812.5, 2030.0], [81820.0, 2940.0], [81822.5, 9800.0], [81825.0, 3000.0], [81827.5, 10000.0], [81832.5, 7660.0], [81835.0, 29440.0], [81837.5, 9830.0], [81847.5, 10500.0]]}}}
{"jsonrpc": "2.0", "method": "subscription", "params": {"channel": "book.BTC-11APR25.none.20.100ms", "data": {"timestamp": 1743712179915, "change_id": 95476185733, "instrument_name": "BTC-11APR25", "bids": [[81815.0, 30.0], [81812.5, 5300.0], [81810.0, 12900.0], [81807.5, 2300.0], [81805.0, 8270.0], [81802.5, 2300.0], [81800.0, 3470.0], [81797.5, 4170.0], [81795.0, 7400.0], [81787.5, 2280.0], [81785.0, 7610.0], [81782.5, 650.0], [81780.0, 2290.0], [81777.5, 2210.0], [81775.0, 7380.0], [81757.5, 2270.0], [81755.0, 7550.0], [81750.0, 20.0], [81747.5, 2300.0], [81745.0, 8640.0]], "asks": [[81817.5, 2420.0], [81820.0, 2300.0], [81822.5, 4830.0], [81825.0, 30370.0], [81827.5, 4470.0], [81830.0, 61590.0], [81832.5, 72300.0], [81835.0, 2260.0], [81837.5, 7540.0], [81840.0, 2170.0], [81845.0, 2300.0], [81847.5, 7670.0], [81855.0, 5250.0], [81857.5, 7490.0], [81860.0, 10000.0], [81880.0, 2230.0], [81882.5, 7440.0], [81890.0, 10160.0], [81892.5, 7380.0], [81895.0, 26500.0]]}}}
{"jsonrpc": "2.0", "method": "subscription", "params": {"channel": "book.BTC-4APR25.none.20.100ms", "data": {"timestamp": 1743712180159, "change_id": 95476185970, "instrument_name": "BTC-4APR25", "bids": [[81775.0, 3530.0], [81772.5, 2030.0], [81770.0, 10000.0], [81762.5, 610.0], [81760.0, 2030.0], [81752.5, 120.0], [81750.0, 640.0], [81747.5, 2000.0], [81745.0, 3050.0], [81742.5, 10150.0], [81735.0, 2940.0], [81732.5, 9790.0], [81725.0, 2960.0], [81722.5, 9850.0], [81715.0, 2940.0], [81712.5, 9800.0], [81707.5, 3980.0], [81705.0, 16210.0], [81702.5, 9800.0], [81695.0, 2940.0]], "asks": [[81782.5, 10.0], [81787.5, 1010.0], [81790.0, 6790.0], [81792.5, 11200.0], [81795.0, 250.0], [81797.5, 360.0], [81800.0, 1200.0], [81802.5, 35450.0], [81805.0, 50000.0], [81807.5, 24540.0], [81810.0, 97330.0], [81812.5, 2030.0], [81820.0, 2940.0], [81822.5, 9800.0], [81825.0, 3000.0], [81827.5, 10000.0], [81832.5, 7660.0], [81835.0, 29440.0], [81837.5, 9830.0], [81847.5, 10500.0]]}}}
{"jsonrpc": "2.0", "method": "subscription", "params": {"channel": "book.BTC-11APR25.none.20.100ms", "data": {"timestamp": 1743712180332, "change_id": 95476186399, "instrument_name": "BTC-11APR25", "bids": [[81815.0, 2330.0], [81812.5, 5300.0], [81810.0, 12900.0], [81807.5, 2300.0], [81805.0, 8270.0], [81802.5, 2300.0], [81800.0, 3470.0], [81797.5, 4170.0], [81795.0, 7400.0], [81787.5, 2280.0], [81785.0, 7610.0], [81782.5, 650.0], [81780.0, 2290.0], [81777.5, 2210.0], [81775.0, 7380.0], [81757.5, 2270.0], [81755.0, 7550.0], [81750.0, 20.0], [81747.5, 2300.0], [81745.0, 8640.0]], "asks": [[81817.5, 2420.0], [81820.0, 2300.0], [81822.5, 7130.0], [81825.0, 30370.0], [81827.5, 4470.0], [81830.0, 61590.0], [81832.5, 70000.0], [81835.0, 2260.0], [81837.5, 7540.0], [81840.0, 2170.0], [81845.0, 2300.0], [81847.5, 7670.0], [81855.0, 5250.0], [81857.5, 7490.0], [81860.0, 10000.0], [81880.0, 2230.0], [81882.5, 7440.0], [81890.0, 10160.0], [81892.5, 7380.0], [81895.0, 26500.0]]}}}
{"jsonrpc": "2.0", "method": "subscription", "params": {"channel": "book.BTC-4APR25.none.20.100ms", "data": {"timestamp": 1743712180793, "change_id": 95476186926, "instrument_name": "BTC-4APR25", "bids": [[81780.0, 10.0], [81775.0, 3530.0], [81772.5, 2030.0], [81770.0, 10000.0], [81762.5, 610.0], [81760.0, 2030.0], [81755.0, 20990.0], [81752.5, 69930.0], [81750.0, 640.0], [81747.5, 2000.0], [81745.0, 3050.0], [81742.5, 10150.0], [81735.0, 2940.0], [81732.5, 9790.0], [81725.0, 2960.0], [81722.5, 9850.0], [81715.0, 2940.0], [81712.5, 9800.0], [81707.5, 3980.0], [81705.0, 16210.0]], "asks": [[81782.5, 10.0], [81787.5, 1010.0], [81790.0, 6790.0], [81792.5, 11200.0], [81795.0, 250.0], [81797.5, 360.0], [81800.0, 1200.0], [81802.5, 35450.0], [81805.0, 50000.0], [81807.5, 24540.0], [81810.0, 97330.0], [81812.5, 2030.0], [81820.0, 2940.0], [81822.5, 9800.0], [81825.0, 3000.0], [81827.5, 10000.0], [81832.5, 7660.0], [81835.0, 29440.0], [81837.5, 9830.0], [81847.5, 10500.0]]}}}
{"jsonrpc": "2.0", "method": "subscription", "params": {"channel": "book.BTC-11APR25.none.20.100ms", "data": {"timestamp": 1743712180793, "change_id": 95476186927, "instrument_name": "BTC-11APR25", "bids": [[81815.0, 2330.0], [81812.5, 5300.0], [81810.0, 12900.0], [81807.5, 2300.0], [81805.0, 8270.0], [81802.5, 2300.0], [81800.0, 3470.0], [81797.5, 4170.0], [81795.0, 28360.0], [81792.5, 69850.0], [81787.5, 2280.0], [81785.0, 7610.0], [81782.5, 650.0], [81780.0, 2290.0], [81777.5, 2210.0], [81775.0, 7380.0], [81757.5, 2270.0], [81755.0, 7550.0], [81750.0, 20.0], [81747.5, 2300.0]], "asks": [[81817.5, 2420.0], [81820.0, 2300.0], [81822.5, 7130.0], [81825.0, 30370.0], [81827.5, 4470.0], [81830.0, 61590.0], [81832.5, 70000.0], [81835.0, 2260.0], [81837.5, 7540.0], [81840.0, 2170.0], [81845.0, 2300.0], [81847.5, 7670.0], [81855.0, 5250.0], [81857.5, 7490.0], [81860.0, 10000.0], [81880.0, 2230.0], [81882.5, 7440.0], [81890.0, 10160.0], [81892.5, 7380.0], [81895.0, 26500.0]]}}}
{"jsonrpc": "2.0", "method": "subscription", "params": {"channel": "book.BTC-4APR25.none.20.100ms", "data": {"timestamp": 1743712181119, "change_id": 95476187130, "instrument_name": "BTC-4APR25", "bids": [[81780.0, 10010.0], [81775.0, 610.0], [81772.5, 2030.0], [81762.5, 610.0], [81760.0, 2030.0], [81755.0, 20990.0], [81752.5, 69930.0], [81750.0, 640.0], [81747.5, 2000.0], [81745.0, 3050.0], [81742.5, 10150.0], [81735.0, 2940.0], [81732.5, 9790.0], [81725.0, 2960.0], [81722.5, 9850.0], [81715.0, 2940.0], [81712.5, 9800.0], [81707.5, 3980.0], [81705.0, 16210.0], [81702.5, 9800.0]], "asks": [[81782.5, 10.0], [81787.5, 1010.0], [81790.0, 6790.0], [81792.5, 11200.0], [81795.0, 250.0], [81797.5, 360.0], [81800.0, 1200.0], [81802.5, 35450.0], [81805.0, 50000.0], [81807.5, 24540.0], [81810.0, 97330.0], [81812.5, 2030.0], [81820.0, 2940.0], [81822.5, 9800.0], [81825.0, 3000.0], [81827.5, 10000.0], [81832.5, 7660.0], [81835.0, 29440.0], [81837.5, 9830.0], [81847.5, 10500.0]]}}}
{"jsonrpc": "2.0", "method": "subscription", "params": {"channel": "book.BTC-4APR25.none.20.100ms", "data": {"timestamp": 1743712181413, "change_id": 95476187576, "instrument_name": "BTC-4APR25", "bids": [[81780.0, 10000.0], [81775.0, 610.0], [81772.5, 2030.0], [81762.5, 610.0], [81760.0, 2030.0], [81755.0, 20990.0], [81752.5, 69930.0], [81750.0, 640.0], [81747.5, 2000.0], [81745.0, 3050.0], [81742.5, 10150.0], [81735.0, 2940.0], [81732.5, 9790.0], [81725.0, 2960.0], [81722.5, 9850.0], [81715.0, 2940.0], [81712.5, 9800.0], [81707.5, 3980.0], [81705.0, 16210.0], [81702.5, 9800.0]], "asks": [[81782.5, 10.0], [81787.5, 1010.0], [81790.0, 6790.0], [81792.5, 11200.0], [81795.0, 250.0], [81797.5, 360.0], [81800.0, 1200.0], [81802.5, 35450.0], [81805.0, 50000.0], [81807.5, 24540.0], [81810.0, 97330.0], [81812.5, 2030.0], [81820.0, 2940.0], [81822.5, 9800.0], [81825.0, 3000.0], [81827.5, 10000.0], [81832.5, 7660.0], [81835.0, 29440.0], [81837.5, 9830.0], [81847.5, 10500.0]]}}}
{"jsonrpc": "2.0", "method": "subscription", "params": {"channel": "book.BTC-11APR25.none.20.100ms", "data": {"timestamp": 1743712181323, "change_id": 95476187528, "instrument_name": "BTC-11APR25", "bids": [[81815.0, 2330.0], [81812.5, 5300.0], [81810.0, 12900.0], [81807.5, 2300.0], [81805.0, 8270.0], [81802.5, 2300.0], [81800.0, 3470.0], [81797.5, 4170.0], [81795.0, 28360.0], [81792.5, 69850.0], [81787.5, 2280.0], [81785.0, 7610.0], [81782.5, 650.0], [81780.0, 2290.0], [81777.5, 2210.0], [81775.0, 7380.0], [81757.5, 2270.0], [81755.0, 7550.0], [81750.0, 20.0], [81747.5, 2300.0]], "asks": [[81817.5, 820.0], [81820.0, 2300.0], [81822.5, 7130.0], [81825.0, 30370.0], [81827.5, 4470.0], [81830.0, 61590.0], [81832.5, 70000.0], [81835.0, 2260.0], [81837.5, 7540.0], [81840.0, 2170.0], [81845.0, 2300.0], [81847.5, 7670.0], [81855.0, 5250.0], [81857.5, 7490.0], [81860.0, 10000.0], [81880.0, 2230.0], [81882.5, 7440.0], [81890.0, 10160.0], [81892.5, 7380.0], [81895.0, 26500.0]]}}}
{"jsonrpc": "2.0", "method": "subscription", "params": {"channel": "book.BTC-11APR25.none.20.100ms", "data": {"timestamp": 1743712182044, "change_id": 95476188109, "instrument_name": "BTC-11APR25", "bids": [[81815.0, 30.0], [81812.5, 5300.0], [81810.0, 12900.0], [81807.5, 2300.0], [81805.0, 8270.0], [81802.5, 2300.0], [81800.0, 3470.0], [81797.5, 4170.0], [81795.0, 28360.0], [81792.5, 69850.0], [81787.5, 2280.0], [81785.0, 7610.0], [81782.5, 650.0], [81780.0, 2290.0], [81777.5, 2210.0], [81775.0, 7380.0], [81757.5, 2270.0], [81755.0, 7550.0], [81750.0, 20.0], [81747.5, 2300.0]], "asks": [[81817.5, 130.0], [81820.0, 2300.0], [81822.5, 7130.0], [81825.0, 30370.0], [81827.5, 4470.0], [81830.0, 61590.0], [81832.5, 70000.0], [81835.0, 2260.0], [81837.5, 7540.0], [81840.0, 2170.0], [81845.0, 2300.0], [81847.5, 7670.0], [81855.0, 5250.0], [81857.5, 7490.0], [81860.0, 10000.0], [81880.0, 2230.0], [81882.5, 7440.0], [81890.0, 10160.0], [81892.5, 7380.0], [81895.0, 26500.0]]}}}
{"jsonrpc": "2.0", "method": "subscription", "params": {"channel": "book.BTC-11APR25.none.20.100ms", "data": {"timestamp": 1743712182310, "change_id": 95476188614, "instrument_name": "BTC-11APR25", "bids": [[81815.0, 30.0], [81812.5, 5300.0], [81810.0, 12900.0], [81807.5, 2300.0], [81805.0, 8870.0], [81802.5, 2300.0], [81800.0, 5770.0], [81797.5, 4170.0], [81795.0, 28360.0], [81792.5, 69850.0], [81787.5, 2280.0], [81785.0, 7610.0], [81782.5, 650.0], [81780.0, 2290.0], [81777.5, 2210.0], [81775.0, 7380.0], [81757.5, 2270.0], [81755.0, 7550.0], [81750.0, 20.0], [81747.5, 2300.0]], "asks": [[81817.5, 2430.0], [81820.0, 2300.0], [81822.5, 7130.0], [81825.0, 30370.0], [81827.5, 4470.0], [81830.0, 61590.0], [81832.5, 70000.0], [81835.0, 2260.0], [81837.5, 7540.0], [81840.0, 2170.0], [81845.0, 2300.0], [81847.5, 7670.0], [81855.0, 5250.0], [81857.5, 7490.0], [81860.0, 10000.0], [81880.0, 2230.0], [81882.5, 7440.0], [81890.0, 10160.0], [81892.5, 7380.0], [81895.0, 26500.0]]}}}
{"jsonrpc": "2.0", "method": "subscription", "params": {"channel": "book.BTC-4APR25.none.20.100ms", "data": {"timestamp": 1743712182273, "change_id": 95476188534, "instrument_name": "BTC-4APR25", "bids": [[81780.0, 10000.0], [81775.0, 610.0], [81772.5, 2030.0], [81762.5, 610.0], [81760.0, 2030.0], [81755.0, 20990.0], [81752.5, 69930.0], [81750.0, 640.0], [81747.5, 2000.0], [81745.0, 3050.0], [81742.5, 10150.0], [81735.0, 2940.0], [81732.5, 9790.0], [81725.0, 2960.0], [81722.5, 9850.0], [81715.0, 2940.0], [81712.5, 9800.0], [81707.5, 3980.0], [81705.0, 16210.0], [81702.5, 9800.0]], "asks": [[81782.5, 10.0], [81787.5, 1010.0], [81790.0, 6790.0], [81792.5, 11200.0], [81795.0, 250.0], [81797.5, 360.0], [81800.0, 1200.0], [81802.5, 35450.0], [81805.0, 50000.0], [81807.5, 24540.0], [81810.0, 97330.0], [81812.5, 2030.0], [81815.0, 3000.0], [81817.5, 10000.0], [81820.0, 2940.0], [81822.5, 9800.0], [81832.5, 7660.0], [81835.0, 29440.0], [81837.5, 9830.0], [81847.5, 10500.0]]}}}
{"jsonrpc": "2.0", "method": "subscription", "params": {"channel": "book.BTC-11APR25.none.20.100ms", "data": {"timestamp": 1743712183298, "change_id": 95476189828, "instrument_name": "BTC-11APR25", "bids": [[81815.0, 30.0], [81812.5, 5300.0], [81810.0, 12900.0], [81807.5, 2300.0], [81805.0, 8870.0], [81802.5, 2300.0], [81800.0, 5770.0], [81797.5, 6370.0], [81795.0, 28360.0], [81792.5, 69850.0], [81787.5, 2280.0], [81785.0, 7610.0], [81782.5, 650.0], [81780.0, 2290.0], [81777.5, 2210.0], [81775.0, 7380.0], [81757.5, 2270.0], [81755.0, 7550.0], [81750.0, 20.0], [81747.5, 2300.0]], "asks": [[81817.5, 2430.0], [81820.0, 2300.0], [81822.5, 7130.0], [81825.0, 30370.0], [81827.5, 4470.0], [81830.0, 61590.0], [81832.5, 70000.0], [81835.0, 2260.0], [81837.5, 7540.0], [81840.0, 2170.0], [81845.0, 2300.0], [81847.5, 7670.0], [81855.0, 5250.0], [81857.5, 7490.0], [81860.0, 10000.0], [81880.0, 2230.0], [81882.5, 7440.0], [81890.0, 10160.0], [81892.5, 7380.0], [81895.0, 26500.0]]}}}
{"jsonrpc": "2.0", "method": "subscription", "params": {"channel": "book.BTC-11APR25.none.20.100ms", "data": {"timestamp": 1743712184123, "change_id": 95476190610, "instrument_name": "BTC-11APR25", "bids": [[81815.0, 30.0], [81812.5, 5300.0], [81810.0, 12900.0], [81807.5, 2300.0], [81805.0, 8870.0], [81802.5, 2300.0], [81800.0, 5770.0], [81797.5, 6370.0], [81795.0, 28360.0], [81792.5, 69850.0], [81787.5, 2280.0], [81785.0, 7610.0], [81782.5, 650.0], [81780.0, 2290.0], [81777.5, 2210.0], [81775.0, 7380.0], [81757.5, 2270.0], [81755.0, 7550.0], [81750.0, 20.0], [81747.5, 2300.0]], "asks": [[81817.5, 130.0], [81820.0, 2300.0], [81822.5, 7130.0], [81825.0, 30370.0], [81827.5, 4470.0], [81830.0, 61590.0], [81832.5, 70000.0], [81835.0, 2260.0], [81837.5, 7540.0], [81840.0, 2170.0], [81845.0, 2300.0], [81847.5, 7670.0], [81855.0, 5250.0], [81857.5, 7490.0], [81860.0, 10000.0], [81880.0, 2230.0], [81882.5, 7440.0], [81890.0, 10160.0], [81892.5, 7380.0], [81895.0, 26500.0]]}}}
{"jsonrpc": "2.0", "method": "subscription", "params": {"channel": "book.BTC-11APR25.none.20.100ms", "data": {"timestamp": 1743712184414, "change_id": 95476191021, "instrument_name": "BTC-11APR25", "bids": [[81815.0, 2330.0], [81812.5, 5300.0], [81810.0, 12900.0], [81807.5, 2300.0], [81805.0, 8870.0], [81802.5, 2300.0], [81800.0, 5770.0], [81797.5, 4170.0], [81795.0, 28360.0], [81792.5, 69850.0], [81787.5, 2280.0], [81785.0, 7610.0], [81782.5, 650.0], [81780.0, 2290.0], [81777.5, 2210.0], [81775.0, 7380.0], [81757.5, 2270.0], [81755.0, 7550.0], [81750.0, 20.0], [81747.5, 2300.0]], "asks": [[81817.5, 2430.0], [81820.0, 2300.0], [81822.5, 7130.0], [81825.0, 30370.0], [81827.5, 4470.0], [81830.0, 61590.0], [81832.5, 70000.0], [81835.0, 2260.0], [81837.5, 7540.0], [81840.0, 2170.0], [81845.0, 2300.0], [81847.5, 7670.0], [81855.0, 5250.0], [81857.5, 7490.0], [81860.0, 10000.0], [81880.0, 2230.0], [81882.5, 7440.0], [81890.0, 10160.0], [81892.5, 7380.0], [81895.0, 26500.0]]}}}
{"jsonrpc": "2.0", "method": "subscription", "params": {"channel": "book.BTC-11APR25.none.20.100ms", "data": {"timestamp": 1743712184891, "change_id": 95476191336, "instrument_name": "BTC-11APR25", "bids": [[81815.0, 2330.0], [81812.5, 5300.0], [81810.0, 12900.0], [81807.5, 2300.0], [81805.0, 8870.0], [81802.5, 2300.0], [81800.0, 5770.0], [81797.5, 4170.0], [81795.0, 28360.0], [81792.5, 69850.0], [81787.5, 2280.0], [81785.0, 7610.0], [81782.5, 650.0], [81780.0, 2290.0], [81777.5, 2210.0], [81775.0, 7380.0], [81757.5, 2270.0], [81755.0, 7550.0], [81750.0, 20.0], [81747.5, 2300.0]], "asks": [[81817.5, 2430.0], [81820.0, 2300.0], [81822.5, 7130.0], [81825.0, 30370.0], [81827.5, 4470.0], [81830.0, 61590.0], [81832.5, 70000.0], [81835.0, 2260.0], [81837.5, 7540.0], [81840.0, 2170.0], [81845.0, 2300.0], [81847.5, 7670.0], [81855.0, 5250.0], [81857.5, 7490.0], [81860.0, 10000.0], [81880.0, 2230.0], [81882.5, 7440.0], [81890.0, 10160.0], [81892.5, 7380.0], [81895.0, 26500.0]]}}}
{"jsonrpc": "2.0", "method": "subscription", "params": {"channel": "book.BTC-4APR25.none.20.100ms", "data": {"timestamp": 1743712185386, "change_id": 95476191994, "instrument_name": "BTC-4APR25", "bids": [[81780.0, 10620.0], [81777.5, 2030.0], [81762.5, 610.0], [81760.0, 2030.0], [81755.0, 20990.0], [81752.5, 69930.0], [81750.0, 640.0], [81747.5, 2000.0], [81745.0, 3050.0], [81742.5, 10150.0], [81735.0, 2940.0], [81732.5, 9790.0], [81725.0, 2960.0], [81722.5, 9850.0], [81715.0, 2940.0], [81712.5, 9800.0], [81707.5, 3980.0], [81705.0, 16210.0], [81702.5, 9800.0], [81695.0, 2940.0]], "asks": [[81785.0, 10.0], [81790.0, 1160.0], [81792.5, 1200.0], [81795.0, 2280.0], [81797.5, 360.0], [81800.0, 1200.0], [81802.5, 35450.0], [81805.0, 50000.0], [81807.5, 24540.0], [81810.0, 97330.0], [81812.5, 2030.0], [81815.0, 3000.0], [81817.5, 10000.0], [81820.0, 2940.0], [81822.5, 9800.0], [81832.5, 7660.0], [81835.0, 29440.0], [81837.5, 9830.0], [81847.5, 10500.0], [81850.0, 35000.0]]}}}
{"jsonrpc": "2.0", "method": "subscription", "params": {"channel": "book.BTC-11APR25.none.20.100ms", "data": {"timestamp": 1743712185405, "change_id": 95476192011, "instrument_name": "BTC-11APR25", "bids": [[81815.0, 9640.0], [81812.5, 5300.0], [81810.0, 12900.0], [81807.5, 2300.0], [81805.0, 11040.0], [81802.5, 2300.0], [81800.0, 5770.0], [81797.5, 2000.0], [81795.0, 28360.0], [81792.5, 69850.0], [81787.5, 2280.0], [81785.0, 7610.0], [81782.5, 650.0], [81780.0, 2290.0], [81777.5, 2210.0], [81775.0, 7380.0], [81757.5, 2270.0], [81755.0, 7550.0], [81750.0, 20.0], [81747.5, 2300.0]], "asks": [[81817.5, 2420.0], [81820.0, 2300.0], [81822.5, 5020.0], [81825.0, 22870.0], [81827.5, 4470.0], [81830.0, 61590.0], [81832.5, 70000.0], [81835.0, 2260.0], [81837.5, 7540.0], [81840.0, 2170.0], [81845.0, 2300.0], [81847.5, 7670.0], [81855.0, 5250.0], [81857.5, 7490.0], [81860.0, 10000.0], [81880.0, 2230.0], [81882.5, 7440.0], [81890.0, 10160.0], [81892.5, 7380.0], [81895.0, 26500.0]]}}}
{"jsonrpc": "2.0", "method": "subscription", "params": {"channel": "book.BTC-11APR25.none.20.100ms", "data": {"timestamp": 1743712185716, "change_id": 95476192496, "instrument_name": "BTC-11APR25", "bids": [[81815.0, 17140.0], [81812.5, 5300.0], [81810.0, 12900.0], [81807.5, 2300.0], [81805.0, 11040.0], [81802.5, 2300.0], [81800.0, 5770.0], [81797.5, 2000.0], [81795.0, 28360.0], [81792.5, 69850.0], [81787.5, 2280.0], [81785.0, 7610.0], [81782.5, 650.0], [81780.0, 2290.0], [81777.5, 2210.0], [81775.0, 7380.0], [81757.5, 2270.0], [81755.0, 7550.0], [81750.0, 20.0], [81747.5, 2300.0]], "asks": [[81817.5, 120.0], [81820.0, 2300.0], [81822.5, 2300.0], [81825.0, 2300.0], [81827.5, 4470.0], [81830.0, 39860.0], [81832.5, 70000.0], [81835.0, 2260.0], [81837.5, 7540.0], [81840.0, 2170.0], [81845.0, 2300.0], [81847.5, 7670.0], [81855.0, 5250.0], [81857.5, 7490.0], [81860.0, 10000.0], [81880.0, 2230.0], [81882.5, 7440.0], [81890.0, 10160.0], [81892.5, 7380.0], [81895.0, 26500.0]]}}}
{"jsonrpc": "2.0", "method": "subscription", "params": {"channel": "book.BTC-4APR25.none.20.100ms", "data": {"timestamp": 1743712185765, "change_id": 95476192690, "instrument_name": "BTC-4APR25", "bids": [[81782.5, 3010.0], [81780.0, 10610.0], [81777.5, 2030.0], [81762.5, 610.0], [81760.0, 2030.0], [81755.0, 20990.0], [81752.5, 69930.0], [81750.0, 640.0], [81747.5, 2000.0], [81745.0, 3050.0], [81742.5, 10150.0], [81735.0, 2940.0], [81732.5, 9790.0], [81725.0, 2960.0], [81722.5, 9850.0], [81715.0, 2940.0], [81712.5, 9800.0], [81707.5, 3980.0], [81705.0, 16210.0], [81702.5, 9800.0]], "asks": [[81790.0, 120.0], [81795.0, 2280.0], [81800.0, 1200.0], [81802.5, 7200.0], [81805.0, 20000.0], [81807.5, 74540.0], [81810.0, 97330.0], [81812.5, 2030.0], [81815.0, 3000.0], [81817.5, 10000.0], [81832.5, 7660.0], [81835.0, 29440.0], [81837.5, 9830.0], [81847.5, 10500.0], [81850.0, 35000.0], [81865.0, 3030.0], [81867.5, 10100.0], [81877.5, 2960.0], [81880.0, 9860.0], [81912.5, 2930.0]]}}}
{"jsonrpc": "2.0", "method": "subscription", "params": {"channel": "book.BTC-11APR25.none.20.100ms", "data": {"timestamp": 1743712185885, "change_id": 95476192783, "instrument_name": "BTC-11APR25", "bids": [[81815.0, 9640.0], [81812.5, 5300.0], [81810.0, 12900.0], [81807.5, 2300.0], [81805.0, 11040.0], [81802.5, 2300.0], [81800.0, 5770.0], [81797.5, 2000.0], [81795.0, 28360.0], [81792.5, 69850.0], [81787.5, 2280.0], [81785.0, 7610.0], [81782.5, 650.0], [81780.0, 2290.0], [81777.5, 2210.0], [81775.0, 7380.0], [81757.5, 2270.0], [81755.0, 7550.0], [81750.0, 20.0], [81747.5, 2300.0]], "asks": [[81817.5, 120.0], [81820.0, 2300.0], [81822.5, 2300.0], [81825.0, 17820.0], [81827.5, 11880.0], [81830.0, 60860.0], [81832.5, 70000.0], [81835.0, 2260.0], [81837.5, 7540.0], [81840.0, 2170.0], [81845.0, 2300.0], [81847.5, 7670.0], [81855.0, 5250.0], [81857.5, 7490.0], [81860.0, 10000.0], [81880.0, 2230.0], [81882.5, 7440.0], [81890.0, 10160.0], [81892.5, 7380.0], [81895.0, 26500.0]]}}}
{"jsonrpc": "2.0", "method": "subscription", "params": {"channel": "book.BTC-4APR25.none.20.100ms", "data": {"timestamp": 1743712185833, "change_id": 95476192751, "instrument_name": "BTC-4APR25", "bids": [[81782.5, 3010.0], [81780.0, 10610.0], [81777.5, 2030.0], [81762.5, 610.0], [81760.0, 2030.0], [81755.0, 20990.0], [81752.5, 69930.0], [81750.0, 640.0], [81747.5, 2000.0], [81745.0, 3050.0], [81742.5, 10150.0], [81735.0, 2940.0], [81732.5, 9790.0], [81725.0, 2960.0], [81722.5, 9850.0], [81715.0, 2940.0], [81712.5, 9800.0], [81707.5, 3980.0], [81705.0, 16210.0], [81702.5, 9800.0]], "asks": [[81790.0, 120.0], [81795.0, 250.0], [81797.5, 920.0], [81800.0, 3230.0], [81802.5, 7200.0], [81805.0, 59540.0], [81807.5, 50000.0], [81810.0, 97330.0], [81812.5, 2030.0], [81815.0, 3000.0], [81817.5, 10000.0], [81832.5, 7660.0], [81835.0, 29440.0], [81837.5, 9830.0], [81847.5, 10500.0], [81850.0, 35000.0], [81865.0, 3030.0], [81867.5, 10100.0], [81877.5, 2960.0], [81880.0, 9860.0]]}}}
{"jsonrpc": "2.0", "method": "subscription", "params": {"channel": "book.BTC-11APR25.none.20.100ms", "data": {"timestamp": 1743712186423, "change_id": 95476193541, "instrument_name": "BTC-11APR25", "bids": [[81815.0, 9640.0], [81812.5, 5300.0], [81810.0, 12900.0], [81807.5, 2300.0], [81805.0, 11040.0], [81802.5, 2300.0], [81800.0, 5770.0], [81797.5, 2000.0], [81795.0, 28360.0], [81792.5, 69850.0], [81787.5, 2280.0], [81785.0, 7610.0], [81782.5, 650.0], [81780.0, 2290.0], [81777.5, 2210.0], [81775.0, 7380.0], [81757.5, 2270.0], [81755.0, 7550.0], [81750.0, 20.0], [81747.5, 2300.0]], "asks": [[81817.5, 120.0], [81822.5, 2300.0], [81825.0, 17820.0], [81827.5, 11880.0], [81830.0, 60860.0], [81832.5, 70000.0], [81835.0, 2260.0], [81837.5, 7540.0], [81840.0, 2170.0], [81845.0, 2300.0], [81847.5, 7670.0], [81855.0, 5250.0], [81857.5, 7490.0], [81860.0, 10000.0], [81880.0, 2230.0], [81882.5, 7440.0], [81890.0, 10160.0], [81892.5, 7380.0], [81895.0, 26500.0], [81900.0, 2210.0]]}}}
{"jsonrpc": "2.0", "method": "subscription", "params": {"channel": "book.BTC-11APR25.none.20.100ms", "data": {"timestamp": 1743712186878, "change_id": 95476194122, "instrument_name": "BTC-11APR25", "bids": [[81815.0, 2330.0], [81812.5, 5300.0], [81810.0, 12900.0], [81807.5, 2300.0], [81805.0, 11040.0], [81802.5, 2300.0], [81800.0, 5770.0], [81797.5, 2000.0], [81795.0, 28360.0], [81792.5, 69850.0], [81787.5, 2280.0], [81785.0, 7610.0], [81782.5, 650.0], [81780.0, 2290.0], [81777.5, 2210.0], [81775.0, 7380.0], [81757.5, 2270.0], [81755.0, 7550.0], [81750.0, 20.0], [81747.5, 2300.0]], "asks": [[81817.5, 120.0], [81820.0, 1380.0], [81822.5, 2300.0], [81825.0, 17820.0], [81827.5, 11880.0], [81830.0, 60860.0], [81832.5, 70000.0], [81835.0, 2260.0], [81837.5, 7540.0], [81840.0, 2170.0], [81845.0, 2300.0], [81847.5, 7670.0], [81855.0, 5250.0], [81857.5, 7490.0], [81860.0, 10000.0], [81880.0, 2230.0], [81882.5, 7440.0], [81890.0, 10160.0], [81892.5, 7380.0], [81895.0, 26500.0]]}}}
{"jsonrpc": "2.0", "method": "subscription", "params": {"channel": "book.BTC-4APR25.none.20.100ms", "data": {"timestamp": 1743712186810, "change_id": 95476194106, "instrument_name": "BTC-4APR25", "bids": [[81780.0, 10610.0], [81777.5, 2030.0], [81762.5, 610.0], [81760.0, 2030.0], [81755.0, 20990.0], [81752.5, 69930.0], [81750.0, 640.0], [81747.5, 2000.0], [81745.0, 3050.0], [81742.5, 10150.0], [81735.0, 2940.0], [81732.5, 9790.0], [81725.0, 2960.0], [81722.5, 9850.0], [81715.0, 2940.0], [81712.5, 9800.0], [81707.5, 3980.0], [81705.0, 16210.0], [81702.5, 9800.0], [81695.0, 2940.0]], "asks": [[81785.0, 10.0], [81790.0, 120.0], [81795.0, 250.0], [81797.5, 920.0], [81800.0, 3230.0], [81802.5, 7200.0], [81805.0, 59540.0], [81807.5, 50000.0], [81810.0, 97330.0], [81812.5, 2030.0], [81815.0, 5550.0], [81817.5, 10000.0], [81820.0, 9750.0], [81832.5, 7660.0], [81835.0, 29440.0], [81837.5, 9830.0], [81847.5, 10500.0], [81850.0, 35000.0], [81865.0, 3030.0], [81867.5, 10100.0]]}}}
{"jsonrpc": "2.0", "method": "subscription", "params": {"channel": "book.BTC-11APR25.none.20.100ms", "data": {"timestamp": 1743712187240, "change_id": 95476194513, "instrument_name": "BTC-11APR25", "bids": [[81815.0, 9740.0], [81812.5, 5300.0], [81810.0, 12900.0], [81807.5, 2300.0], [81805.0, 11040.0], [81802.5, 2300.0], [81800.0, 5770.0], [81797.5, 2000.0], [81795.0, 28360.0], [81792.5, 69850.0], [81787.5, 2280.0], [81785.0, 7610.0], [81782.5, 650.0], [81780.0, 2290.0], [81777.5, 2210.0], [81775.0, 7380.0], [81757.5, 2270.0], [81755.0, 7550.0], [81750.0, 20.0], [81747.5, 2300.0]], "asks": [[81817.5, 120.0], [81820.0, 1380.0], [81822.5, 2300.0], [81825.0, 17820.0], [81827.5, 11880.0], [81830.0, 60860.0], [81832.5, 70000.0], [81835.0, 2260.0], [81837.5, 7540.0], [81840.0, 2170.0], [81845.0, 2300.0], [81847.5, 7670.0], [81855.0, 5250.0], [81857.5, 7490.0], [81860.0, 10000.0], [81880.0, 2230.0], [81882.5, 7440.0], [81890.0, 10160.0], [81892.5, 7380.0], [81895.0, 26500.0]]}}}
{"jsonrpc": "2.0", "method": "subscription", "params": {"channel": "book.BTC-11APR25.none.20.100ms", "data": {"timestamp": 1743712187674, "change_id": 95476195108, "instrument_name": "BTC-11APR25", "bids": [[81815.0, 17240.0], [81812.5, 5300.0], [81810.0, 12900.0], [81807.5, 2300.0], [81805.0, 11040.0], [81802.5, 2300.0], [81800.0, 5770.0], [81797.5, 2000.0], [81795.0, 28360.0], [81792.5, 69850.0], [81787.5, 2280.0], [81785.0, 7610.0], [81782.5, 650.0], [81780.0, 2290.0], [81777.5, 2210.0], [81775.0, 7380.0], [81757.5, 2270.0], [81755.0, 7550.0], [81750.0, 20.0], [81747.5, 2300.0]], "asks": [[81817.5, 120.0], [81822.5, 2300.0], [81825.0, 17820.0], [81827.5, 4470.0], [81830.0, 60860.0], [81832.5, 70000.0], [81835.0, 2260.0], [81837.5, 7540.0], [81840.0, 2170.0], [81845.0, 2300.0], [81847.5, 7670.0], [81855.0, 5250.0], [81857.5, 7490.0], [81860.0, 10000.0], [81880.0, 2230.0], [81882.5, 7440.0], [81890.0, 10160.0], [81892.5, 7380.0], [81895.0, 26500.0], [81900.0, 2210.0]]}}}
{"jsonrpc": "2.0", "method": "subscription", "params": {"channel": "book.BTC-4APR25.none.20.100ms", "data": {"timestamp": 1743712187666, "change_id": 95476195094, "instrument_name": "BTC-4APR25", "bids": [[81782.5, 3010.0], [81780.0, 10610.0], [81777.5, 2030.0], [81762.5, 610.0], [81760.0, 2030.0], [81755.0, 20990.0], [81752.5, 69930.0], [81750.0, 640.0], [81747.5, 2000.0], [81745.0, 3050.0], [81742.5, 10150.0], [81735.0, 2940.0], [81732.5, 9790.0], [81725.0, 2960.0], [81722.5, 9850.0], [81715.0, 2940.0], [81712.5, 9800.0], [81707.5, 3980.0], [81705.0, 16210.0], [81702.5, 9800.0]], "asks": [[81790.0, 120.0], [81795.0, 250.0], [81797.5, 920.0], [81800.0, 3230.0], [81802.5, 7200.0], [81805.0, 59540.0], [81807.5, 50000.0], [81810.0, 97330.0], [81812.5, 2030.0], [81815.0, 3000.0], [81817.5, 10000.0], [81832.5, 7660.0], [81835.0, 29440.0], [81837.5, 9830.0], [81847.5, 10500.0], [81850.0, 35000.0], [81865.0, 3030.0], [81867.5, 10100.0], [81877.5, 2960.0], [81880.0, 9860.0]]}}}
{"jsonrpc": "2.0", "method": "subscription", "params": {"channel": "book.BTC-11APR25.none.20.100ms", "data": {"timestamp": 1743712188083, "change_id": 95476195410, "instrument_name": "BTC-11APR25", "bids": [[81815.0, 17240.0], [81812.5, 5300.0], [81810.0, 12900.0], [81807.5, 2300.0], [81805.0, 11040.0], [81802.5, 2300.0], [81800.0, 5770.0], [81797.5, 2000.0], [81795.0, 28360.0], [81792.5, 69850.0], [81787.5, 2280.0], [81785.0, 7610.0], [81782.5, 650.0], [81780.0, 2290.0], [81777.5, 2210.0], [81775.0, 7380.0], [81757.5, 2270.0], [81755.0, 7550.0], [81750.0, 20.0], [81747.5, 2300.0]], "asks": [[81817.5, 120.0], [81822.5, 2300.0], [81825.0, 17820.0], [81827.5, 11880.0], [81830.0, 60860.0], [81832.5, 70000.0], [81835.0, 2260.0], [81837.5, 7540.0], [81840.0, 2170.0], [81845.0, 2300.0], [81847.5, 7670.0], [81855.0, 5250.0], [81857.5, 7490.0], [81860.0, 10000.0], [81880.0, 2230.0], [81882.5, 7440.0], [81890.0, 10160.0], [81892.5, 7380.0], [81895.0, 26500.0], [81900.0, 2210.0]]}}}
{"jsonrpc": "2.0", "method": "subscription", "params": {"channel": "book.BTC-4APR25.none.20.100ms", "data": {"timestamp": 1743712188137, "change_id": 95476195502, "instrument_name": "BTC-4APR25", "bids": [[81787.5, 10.0], [81782.5, 3000.0], [81780.0, 10610.0], [81777.5, 2030.0], [81762.5, 610.0], [81760.0, 4960.0], [81757.5, 9750.0], [81755.0, 20990.0], [81752.5, 69930.0], [81750.0, 640.0], [81747.5, 2000.0], [81745.0, 3050.0], [81742.5, 10150.0], [81735.0, 2940.0], [81732.5, 9790.0], [81725.0, 2960.0], [81722.5, 9850.0], [81715.0, 2940.0], [81712.5, 9800.0], [81707.5, 3980.0]], "asks": [[81790.0, 120.0], [81795.0, 250.0], [81800.0, 3230.0], [81802.5, 7200.0], [81805.0, 59540.0], [81807.5, 50000.0], [81810.0, 97330.0], [81812.5, 2030.0], [81815.0, 3000.0], [81817.5, 10000.0], [81832.5, 7660.0], [81835.0, 29440.0], [81837.5, 9830.0], [81847.5, 10500.0], [81850.0, 35000.0], [81865.0, 3030.0], [81867.5, 10100.0], [81877.5, 2960.0], [81880.0, 9860.0], [81912.5, 2930.0]]}}}
{"jsonrpc": "2.0", "method": "subscription", "params": {"channel": "book.BTC-11APR25.none.20.100ms", "data": {"timestamp": 1743712188196, "change_id": 95476195611, "instrument_name": "BTC-11APR25", "bids": [[81815.0, 17240.0], [81812.5, 5300.0], [81810.0, 12900.0], [81807.5, 2300.0], [81805.0, 11620.0], [81802.5, 2300.0], [81800.0, 7940.0], [81797.5, 2000.0], [81795.0, 28360.0], [81792.5, 69850.0], [81787.5, 2280.0], [81785.0, 7610.0], [81780.0, 120.0], [81777.5, 2210.0], [81775.0, 7380.0], [81757.5, 2270.0], [81755.0, 7550.0], [81750.0, 20.0], [81747.5, 2300.0], [81745.0, 8640.0]], "asks": [[81817.5, 120.0], [81825.0, 2300.0], [81827.5, 4470.0], [81830.0, 60860.0], [81832.5, 70000.0], [81835.0, 2260.0], [81837.5, 7540.0], [81845.0, 2300.0], [81847.5, 7670.0], [81855.0, 5250.0], [81857.5, 7490.0], [81860.0, 12170.0], [81880.0, 2230.0], [81882.5, 7440.0], [81890.0, 10160.0], [81892.5, 7380.0], [81895.0, 26500.0], [81900.0, 2210.0], [81902.5, 7380.0], [81912.5, 4150.0]]}}}
