{"jsonrpc": "2.0", "method": "subscription", "params": {"channel": "book.BTC-21MAR25.none.20.100ms", "data": {"timestamp": 1741775137933, "change_id": 92417560154, "instrument_name": "BTC-21MAR25", "bids": [[82367.5, 3590.0], [82365.0, 7170.0], [82360.0, 25120.0], [82357.5, 50000.0], [82355.0, 23350.0], [82352.5, 4260.0], [82350.0, 74110.0], [82340.0, 4210.0], [82335.0, 3020.0], [82332.5, 1250.0], [82330.0, 4160.0], [82325.0, 10510.0], [82322.5, 32190.0], [82320.0, 4350.0], [82315.0, 1910.0], [82312.5, 2000.0], [82310.0, 5260.0], [82307.5, 3020.0], [82302.5, 1310.0], [82300.0, 4350.0]], "asks": [[82372.5, 5320.0], [82380.0, 1380.0], [82382.5, 2300.0], [82385.0, 5170.0], [82387.5, 5320.0], [82390.0, 11410.0], [82392.5, 6650.0], [82395.0, 26560.0], [82405.0, 1340.0], [82407.5, 4350.0], [82410.0, 3120.0], [82412.5, 10000.0], [82415.0, 1310.0], [82417.5, 4350.0], [82425.0, 1310.0], [82427.5, 4350.0], [82440.0, 1280.0], [82442.5, 4250.0], [82462.5, 1280.0], [82465.0, 11620.0]]}}}
{"jsonrpc": "2.0", "method": "subscription", "params": {"channel": "book.BTC-14MAR25.none.20.100ms", "data": {"timestamp": 1741775138104, "change_id": 92417560365, "instrument_name": "BTC-14MAR25", "bids": [[82332.5, 1200.0], [82330.0, 1500.0], [82325.0, 1380.0], [82322.5, 4590.0], [82320.0, 720.0], [82317.5, 1200.0], [82315.0, 3430.0], [82312.5, 7420.0], [82307.5, 1200.0], [82305.0, 14830.0], [82302.5, 4550.0], [82297.5, 120.0], [82295.0, 16240.0], [82292.5, 4710.0], [82290.0, 50000.0], [82285.0, 10000.0], [82277.5, 4650.0], [82275.0, 12020.0], [82272.5, 30430.0], [82270.0, 1350.0]], "asks": [[82335.0, 920.0], [82340.0, 900.0], [82342.5, 2990.0], [82345.0, 960.0], [82347.5, 1200.0], [82350.0, 3200.0], [82352.5, 2600.0], [82355.0, 14450.0], [82357.5, 32580.0], [82362.5, 1740.0], [82365.0, 6000.0], [82367.5, 4680.0], [82372.5, 860.0], [82375.0, 4270.0], [82377.5, 4680.0], [82380.0, 1450.0], [82385.0, 2000.0], [82390.0, 17710.0], [82392.5, 29600.0], [82395.0, 29420.0]]}}}
{"jsonrpc": "2.0", "method": "subscription", "params": {"channel": "book.BTC-21MAR25.none.20.100ms", "data": {"timestamp": 1741775138131, "change_id": 92417560372, "instrument_name": "BTC-21MAR25", "bids": [[82367.5, 1290.0], [82365.0, 7170.0], [82360.0, 25120.0], [82357.5, 50000.0], [82355.0, 23350.0], [82352.5, 4260.0], [82350.0, 74110.0], [82340.0, 4210.0], [82335.0, 3020.0], [82332.5, 1250.0], [82330.0, 4160.0], [82325.0, 10510.0], [82322.5, 32190.0], [82320.0, 4350.0], [82315.0, 1910.0], [82312.5, 2000.0], [82310.0, 5260.0], [82307.5, 3020.0], [82302.5, 1310.0], [82300.0, 4350.0]], "asks": [[82372.5, 5320.0], [82380.0, 1380.0], [82382.5, 2300.0], [82385.0, 5170.0], [82387.5, 5320.0], [82390.0, 11410.0], [82392.5, 6650.0], [82395.0, 26560.0], [82405.0, 1340.0], [82407.5, 4350.0], [82410.0, 3120.0], [82412.5, 10000.0], [82415.0, 1310.0], [82417.5, 4350.0], [82425.0, 1310.0], [82427.5, 4350.0], [82440.0, 1280.0], [82442.5, 4250.0], [82462.5, 1280.0], [82465.0, 11620.0]]}}}
{"jsonrpc": "2.0", "method": "subscription", "params": {"channel": "book.BTC-14MAR25.none.20.100ms", "data": {"timestamp": 1741775138565, "change_id": 92417560887, "instrument_name": "BTC-14MAR25", "bids": [[82330.0, 300.0], [82322.5, 1200.0], [82320.0, 720.0], [82317.5, 1200.0], [82315.0, 3430.0], [82312.5, 7420.0], [82307.5, 5650.0], [82305.0, 14830.0], [82302.5, 4550.0], [82297.5, 120.0], [82295.0, 1410.0], [82292.5, 54710.0], [82285.0, 10000.0], [82277.5, 4650.0], [82275.0, 12020.0], [82272.5, 30430.0], [82270.0, 1350.0], [82267.5, 4510.0], [82262.5, 650.0], [82260.0, 1580.0]], "asks": [[82332.5, 1210.0], [82335.0, 910.0], [82337.5, 1200.0], [82340.0, 900.0], [82342.5, 2990.0], [82345.0, 960.0], [82347.5, 1200.0], [82350.0, 3200.0], [82352.5, 2600.0], [82355.0, 14450.0], [82357.5, 32580.0], [82362.5, 1740.0], [82365.0, 6000.0], [82367.5, 4680.0], [82372.5, 860.0], [82375.0, 4270.0], [82377.5, 4680.0], [82380.0, 1450.0], [82385.0, 2000.0], [82390.0, 17710.0]]}}}
{"jsonrpc": "2.0", "method": "subscription", "params": {"channel": "book.BTC-21MAR25.none.20.100ms", "data": {"timestamp": 1741775138587, "change_id": 92417560913, "instrument_name": "BTC-21MAR25", "bids": [[82367.5, 3590.0], [82365.0, 7170.0], [82362.5, 2300.0], [82360.0, 10120.0], [82355.0, 1280.0], [82352.5, 4260.0], [82342.5, 1260.0], [82340.0, 4210.0], [82335.0, 3020.0], [82332.5, 1250.0], [82330.0, 54160.0], [82325.0, 10510.0], [82322.5, 32190.0], [82320.0, 4350.0], [82315.0, 1910.0], [82312.5, 2000.0], [82310.0, 5260.0], [82307.5, 3020.0], [82302.5, 1310.0], [82300.0, 4350.0]], "asks": [[82372.5, 3020.0], [82380.0, 1380.0], [82382.5, 2300.0], [82385.0, 5170.0], [82387.5, 5320.0], [82390.0, 11410.0], [82392.5, 6650.0], [82395.0, 26560.0], [82405.0, 1340.0], [82407.5, 4350.0], [82410.0, 3120.0], [82412.5, 10000.0], [82415.0, 1310.0], [82417.5, 4350.0], [82425.0, 1310.0], [82427.5, 4350.0], [82440.0, 1280.0], [82442.5, 4250.0], [82462.5, 1280.0], [82465.0, 11620.0]]}}}
{"jsonrpc": "2.0", "method": "subscription", "params": {"channel": "book.BTC-14MAR25.none.20.100ms", "data": {"timestamp": 1741775138946, "change_id": 92417561463, "instrument_name": "BTC-14MAR25", "bids": [[82330.0, 4910.0], [82322.5, 1200.0], [82320.0, 720.0], [82317.5, 1200.0], [82315.0, 3430.0], [82312.5, 7420.0], [82307.5, 5650.0], [82305.0, 14830.0], [82302.5, 4550.0], [82297.5, 120.0], [82295.0, 16240.0], [82292.5, 54710.0], [82285.0, 10000.0], [82277.5, 4650.0], [82275.0, 12020.0], [82272.5, 30430.0], [82270.0, 1350.0], [82267.5, 4510.0], [82262.5, 650.0], [82260.0, 1580.0]], "asks": [[82332.5, 1210.0], [82335.0, 910.0], [82337.5, 1200.0], [82340.0, 900.0], [82342.5, 2990.0], [82345.0, 960.0], [82347.5, 1200.0], [82350.0, 3200.0], [82352.5, 2600.0], [82355.0, 14450.0], [82357.5, 32580.0], [82362.5, 1740.0], [82365.0, 6000.0], [82367.5, 4680.0], [82372.5, 860.0], [82375.0, 4270.0], [82377.5, 4680.0], [82380.0, 1450.0], [82385.0, 2000.0], [82390.0, 17710.0]]}}}
{"jsonrpc": "2.0", "method": "subscription", "params": {"channel": "book.BTC-14MAR25.none.20.100ms", "data": {"timestamp": 1741775139268, "change_id": 92417561867, "instrument_name": "BTC-14MAR25", "bids": [[82330.0, 4900.0], [82322.5, 1200.0], [82320.0, 720.0], [82317.5, 1200.0], [82315.0, 3430.0], [82312.5, 7420.0], [82307.5, 5650.0], [82305.0, 14830.0], [82302.5, 4550.0], [82297.5, 120.0], [82295.0, 16240.0], [82292.5, 54710.0], [82285.0, 10000.0], [82277.5, 4650.0], [82275.0, 12020.0], [82272.5, 30430.0], [82270.0, 1350.0], [82267.5, 4510.0], [82262.5, 650.0], [82260.0, 1580.0]], "asks": [[82332.5, 1210.0], [82335.0, 1660.0], [82337.5, 2500.0], [82340.0, 900.0], [82342.5, 2990.0], [82345.0, 960.0], [82347.5, 1200.0], [82350.0, 1200.0], [82352.5, 2600.0], [82355.0, 14450.0], [82357.5, 32580.0], [82362.5, 1740.0], [82365.0, 6000.0], [82367.5, 4680.0], [82372.5, 860.0], [82375.0, 4270.0], [82377.5, 4680.0], [82380.0, 1450.0], [82385.0, 2000.0], [82390.0, 17710.0]]}}}
{"jsonrpc": "2.0", "method": "subscription", "params": {"channel": "book.BTC-21MAR25.none.20.100ms", "data": {"timestamp": 1741775139256, "change_id": 92417561865, "instrument_name": "BTC-21MAR25", "bids": [[82367.5, 3590.0], [82365.0, 7170.0], [82362.5, 2300.0], [82360.0, 10120.0], [82355.0, 23350.0], [82352.5, 4260.0], [82350.0, 74110.0], [82342.5, 1260.0], [82340.0, 4210.0], [82335.0, 3020.0], [82332.5, 1250.0], [82330.0, 54160.0], [82325.0, 10510.0], [82322.5, 32190.0], [82320.0, 4350.0], [82315.0, 1910.0], [82312.5, 2000.0], [82310.0, 5260.0], [82307.5, 3020.0], [82302.5, 1310.0]], "asks": [[82372.5, 3020.0], [82380.0, 1380.0], [82382.5, 2300.0], [82385.0, 5170.0], [82387.5, 5320.0], [82390.0, 11410.0], [82392.5, 6650.0], [82395.0, 26560.0], [82405.0, 1340.0], [82407.5, 4350.0], [82410.0, 3120.0], [82412.5, 10000.0], [82415.0, 1310.0], [82417.5, 4350.0], [82425.0, 1310.0], [82427.5, 4350.0], [82440.0, 1280.0], [82442.5, 4250.0], [82462.5, 1280.0], [82465.0, 11620.0]]}}}
{"jsonrpc": "2.0", "method": "subscription", "params": {"channel": "book.BTC-14MAR25.none.20.100ms", "data": {"timestamp": 1741775139591, "change_id": 92417562256, "instrument_name": "BTC-14MAR25", "bids": [[82330.0, 1510.0], [82322.5, 1200.0], [82320.0, 720.0], [82317.5, 1200.0], [82315.0, 3430.0], [82312.5, 7420.0], [82310.0, 1200.0], [82307.5, 5650.0], [82305.0, 14830.0], [82302.5, 4550.0], [82297.5, 120.0], [82295.0, 16240.0], [82292.5, 54710.0], [82285.0, 10000.0], [82277.5, 4650.0], [82275.0, 12020.0], [82272.5, 30430.0], [82270.0, 1350.0], [82267.5, 4510.0], [82260.0, 2230.0]], "asks": [[82332.5, 1210.0], [82335.0, 1660.0], [82337.5, 2500.0], [82340.0, 2100.0], [82342.5, 2990.0], [82350.0, 1200.0], [82352.5, 2600.0], [82355.0, 14450.0], [82357.5, 32580.0], [82362.5, 1740.0], [82365.0, 6000.0], [82367.5, 4680.0], [82372.5, 860.0], [82375.0, 4270.0], [82377.5, 4680.0], [82380.0, 1450.0], [82385.0, 2000.0], [82390.0, 17710.0], [82392.5, 29600.0], [82395.0, 29420.0]]}}}
{"jsonrpc": "2.0", "method": "subscription", "params": {"channel": "book.BTC-21MAR25.none.20.100ms", "data": {"timestamp": 1741775139562, "change_id": 92417562218, "instrument_name": "BTC-21MAR25", "bids": [[82367.5, 3590.0], [82365.0, 7170.0], [82362.5, 2300.0], [82360.0, 10120.0], [82357.5, 15000.0], [82355.0, 73350.0], [82352.5, 4260.0], [82350.0, 74110.0], [82342.5, 1260.0], [82340.0, 4210.0], [82337.5, 910.0], [82335.0, 3020.0], [82332.5, 1250.0], [82330.0, 4160.0], [82325.0, 10510.0], [82322.5, 32190.0], [82320.0, 4350.0], [82315.0, 1910.0], [82312.5, 2000.0], [82310.0, 5260.0]], "asks": [[82372.5, 5320.0], [82380.0, 1380.0], [82382.5, 2300.0], [82385.0, 5170.0], [82387.5, 5320.0], [82390.0, 11410.0], [82392.5, 6650.0], [82395.0, 26560.0], [82405.0, 1340.0], [82407.5, 4350.0], [82410.0, 3120.0], [82412.5, 10000.0], [82415.0, 1310.0], [82417.5, 4350.0], [82425.0, 1310.0], [82427.5, 4350.0], [82440.0, 1280.0], [82442.5, 4250.0], [82462.5, 1280.0], [82465.0, 11620.0]]}}}
{"jsonrpc": "2.0", "method": "subscription", "params": {"channel": "book.BTC-14MAR25.none.20.100ms", "data": {"timestamp": 1741775139841, "change_id": 92417562822, "instrument_name": "BTC-14MAR25", "bids": [[82332.5, 1210.0], [82330.0, 6100.0], [82325.0, 1740.0], [82322.5, 5790.0], [82320.0, 720.0], [82317.5, 1200.0], [82315.0, 3430.0], [82312.5, 7420.0], [82310.0, 1200.0], [82307.5, 5650.0], [82305.0, 14830.0], [82302.5, 4550.0], [82297.5, 120.0], [82295.0, 16240.0], [82292.5, 54710.0], [82285.0, 10000.0], [82277.5, 4650.0], [82275.0, 12020.0], [82272.5, 30430.0], [82270.0, 1350.0]], "asks": [[82335.0, 10000.0], [82337.5, 2870.0], [82342.5, 120.0], [82350.0, 1200.0], [82352.5, 2600.0], [82355.0, 14450.0], [82357.5, 32580.0], [82362.5, 1740.0], [82365.0, 6000.0], [82367.5, 4680.0], [82372.5, 860.0], [82375.0, 4270.0], [82377.5, 4680.0], [82380.0, 1450.0], [82385.0, 2000.0], [82390.0, 17710.0], [82392.5, 29600.0], [82395.0, 29420.0], [82400.0, 1360.0], [82402.5, 4510.0]]}}}
{"jsonrpc": "2.0", "method": "subscription", "params": {"channel": "book.BTC-21MAR25.none.20.100ms", "data": {"timestamp": 1741775139755, "change_id": 92417562702, "instrument_name": "BTC-21MAR25", "bids": [[82367.5, 3590.0], [82365.0, 7170.0], [82362.5, 2300.0], [82360.0, 10120.0], [82355.0, 1280.0], [82352.5, 4260.0], [82342.5, 1260.0], [82340.0, 4210.0], [82337.5, 910.0], [82335.0, 3020.0], [82332.5, 51250.0], [82330.0, 4160.0], [82325.0, 10510.0], [82322.5, 32190.0], [82320.0, 4350.0], [82315.0, 1910.0], [82312.5, 2000.0], [82310.0, 5260.0], [82307.5, 3020.0], [82302.5, 1310.0]], "asks": [[82372.5, 5320.0], [82380.0, 1380.0], [82382.5, 2300.0], [82385.0, 5170.0], [82387.5, 5320.0], [82390.0, 11410.0], [82392.5, 6650.0], [82395.0, 26560.0], [82405.0, 1340.0], [82407.5, 4350.0], [82410.0, 3120.0], [82412.5, 10000.0], [82415.0, 1310.0], [82417.5, 4350.0], [82425.0, 1310.0], [82427.5, 4350.0], [82440.0, 1280.0], [82442.5, 4250.0], [82462.5, 1280.0], [82465.0, 11620.0]]}}}
{"jsonrpc": "2.0", "method": "subscription", "params": {"channel": "book.BTC-14MAR25.none.20.100ms", "data": {"timestamp": 1741775140103, "change_id": 92417563041, "instrument_name": "BTC-14MAR25", "bids": [[82332.5, 1200.0], [82330.0, 1500.0], [82325.0, 1740.0], [82322.5, 5790.0], [82320.0, 720.0], [82317.5, 1200.0], [82315.0, 3430.0], [82312.5, 7420.0], [82310.0, 1200.0], [82307.5, 5650.0], [82305.0, 14830.0], [82302.5, 4550.0], [82297.5, 120.0], [82295.0, 16240.0], [82292.5, 54710.0], [82287.5, 3000.0], [82285.0, 10000.0], [82277.5, 4650.0], [82275.0, 12020.0], [82272.5, 30430.0]], "asks": [[82335.0, 10010.0], [82337.5, 2870.0], [82342.5, 120.0], [82350.0, 1200.0], [82352.5, 2600.0], [82355.0, 14450.0], [82357.5, 32580.0], [82362.5, 1740.0], [82365.0, 6000.0], [82367.5, 4680.0], [82372.5, 860.0], [82375.0, 4270.0], [82377.5, 4680.0], [82380.0, 1450.0], [82385.0, 2000.0], [82390.0, 17710.0], [82392.5, 29600.0], [82395.0, 29420.0], [82400.0, 1360.0], [82402.5, 4510.0]]}}}
{"jsonrpc": "2.0", "method": "subscription", "params": {"channel": "book.BTC-21MAR25.none.20.100ms", "data": {"timestamp": 1741775140221, "change_id": 92417563241, "instrument_name": "BTC-21MAR25", "bids": [[82365.0, 2890.0], [82362.5, 2300.0], [82360.0, 10120.0], [82355.0, 1280.0], [82352.5, 4260.0], [82350.0, 37230.0], [82347.5, 50000.0], [82345.0, 74110.0], [82342.5, 1260.0], [82340.0, 4210.0], [82337.5, 910.0], [82335.0, 3020.0], [82332.5, 1250.0], [82330.0, 4160.0], [82325.0, 10510.0], [82322.5, 32190.0], [82320.0, 4350.0], [82315.0, 1910.0], [82312.5, 2000.0], [82310.0, 5260.0]], "asks": [[82372.5, 5320.0], [82380.0, 2490.0], [82382.5, 6580.0], [82385.0, 5170.0], [82387.5, 5320.0], [82390.0, 11410.0], [82392.5, 6650.0], [82395.0, 26560.0], [82405.0, 1340.0], [82407.5, 4350.0], [82410.0, 3120.0], [82412.5, 10000.0], [82415.0, 1310.0], [82417.5, 4350.0], [82425.0, 1310.0], [82427.5, 4350.0], [82440.0, 1280.0], [82442.5, 4250.0], [82462.5, 1280.0], [82465.0, 11620.0]]}}}
{"jsonrpc": "2.0", "method": "subscription", "params": {"channel": "book.BTC-14MAR25.none.20.100ms", "data": {"timestamp": 1741775140533, "change_id": 92417563660, "instrument_name": "BTC-14MAR25", "bids": [[82330.0, 300.0], [82322.5, 1200.0], [82320.0, 720.0], [82317.5, 1200.0], [82315.0, 3430.0], [82312.5, 7420.0], [82310.0, 1200.0], [82307.5, 5650.0], [82305.0, 14830.0], [82302.5, 4550.0], [82297.5, 120.0], [82295.0, 16240.0], [82292.5, 54710.0], [82287.5, 3000.0], [82285.0, 10000.0], [82277.5, 4650.0], [82275.0, 12020.0], [82272.5, 30430.0], [82270.0, 1350.0], [82267.5, 4510.0]], "asks": [[82332.5, 1210.0], [82335.0, 10860.0], [82337.5, 2870.0], [82340.0, 2610.0], [82342.5, 4710.0], [82350.0, 1200.0], [82352.5, 2600.0], [82355.0, 14450.0], [82357.5, 32580.0], [82362.5, 1740.0], [82365.0, 6000.0], [82367.5, 4680.0], [82372.5, 860.0], [82375.0, 4270.0], [82377.5, 4680.0], [82380.0, 1450.0], [82385.0, 2000.0], [82390.0, 17710.0], [82392.5, 29600.0], [82395.0, 29420.0]]}}}
{"jsonrpc": "2.0", "method": "subscription", "params": {"channel": "book.BTC-21MAR25.none.20.100ms", "data": {"timestamp": 1741775140551, "change_id": 92417563666, "instrument_name": "BTC-21MAR25", "bids": [[82365.0, 2890.0], [82360.0, 10120.0], [82355.0, 1280.0], [82352.5, 4260.0], [82350.0, 37230.0], [82347.5, 50000.0], [82345.0, 74110.0], [82342.5, 1260.0], [82340.0, 4210.0], [82337.5, 910.0], [82335.0, 3020.0], [82332.5, 1250.0], [82330.0, 4160.0], [82325.0, 10510.0], [82322.5, 32190.0], [82320.0, 4350.0], [82315.0, 1910.0], [82312.5, 2000.0], [82310.0, 5260.0], [82307.5, 3020.0]], "asks": [[82372.5, 5320.0], [82375.0, 690.0], [82377.5, 2300.0], [82380.0, 2490.0], [82382.5, 6580.0], [82385.0, 5170.0], [82387.5, 5320.0], [82390.0, 11410.0], [82392.5, 6650.0], [82395.0, 26560.0], [82405.0, 1340.0], [82407.5, 4350.0], [82410.0, 3120.0], [82412.5, 10000.0], [82415.0, 1310.0], [82417.5, 4350.0], [82425.0, 1310.0], [82427.5, 4350.0], [82440.0, 1280.0], [82442.5, 4250.0]]}}}
{"jsonrpc": "2.0", "method": "subscription", "params": {"channel": "book.BTC-14MAR25.none.20.100ms", "data": {"timestamp": 1741775140748, "change_id": 92417564127, "instrument_name": "BTC-14MAR25", "bids": [[82330.0, 300.0], [82322.5, 1200.0], [82320.0, 720.0], [82317.5, 1200.0], [82315.0, 3430.0], [82312.5, 7420.0], [82310.0, 1200.0], [82307.5, 5650.0], [82305.0, 14830.0], [82302.5, 4550.0], [82297.5, 120.0], [82295.0, 16240.0], [82292.5, 54710.0], [82287.5, 3000.0], [82285.0, 10000.0], [82277.5, 4650.0], [82275.0, 12020.0], [82272.5, 30430.0], [82270.0, 1350.0], [82267.5, 4510.0]], "asks": [[82332.5, 1210.0], [82335.0, 10860.0], [82337.5, 2870.0], [82340.0, 2610.0], [82342.5, 4710.0], [82347.5, 1220.0], [82350.0, 4070.0], [82352.5, 2600.0], [82355.0, 14450.0], [82357.5, 32580.0], [82362.5, 1740.0], [82365.0, 6000.0], [82367.5, 4680.0], [82375.0, 1400.0], [82377.5, 4680.0], [82380.0, 1450.0], [82385.0, 2000.0], [82390.0, 17710.0], [82392.5, 29600.0], [82395.0, 29420.0]]}}}
{"jsonrpc": "2.0", "method": "subscription", "params": {"channel": "book.BTC-14MAR25.none.20.100ms", "data": {"timestamp": 1741775141009, "change_id": 92417564609, "instrument_name": "BTC-14MAR25", "bids": [[82330.0, 300.0], [82322.5, 1200.0], [82320.0, 720.0], [82317.5, 1200.0], [82315.0, 3430.0], [82312.5, 4550.0], [82310.0, 1200.0], [82307.5, 8520.0], [82305.0, 14830.0], [82302.5, 4550.0], [82297.5, 120.0], [82295.0, 16240.0], [82292.5, 54710.0], [82287.5, 3000.0], [82285.0, 10000.0], [82277.5, 4650.0], [82275.0, 12020.0], [82272.5, 30430.0], [82270.0, 1350.0], [82267.5, 4510.0]], "asks": [[82332.5, 1330.0], [82335.0, 10860.0], [82337.5, 2870.0], [82340.0, 2610.0], [82342.5, 4590.0], [82347.5, 1220.0], [82350.0, 4070.0], [82352.5, 2600.0], [82355.0, 14450.0], [82357.5, 32580.0], [82362.5, 1740.0], [82365.0, 6000.0], [82367.5, 4680.0], [82375.0, 1400.0], [82377.5, 4680.0], [82380.0, 1450.0], [82385.0, 2000.0], [82390.0, 17710.0], [82392.5, 29600.0], [82395.0, 29420.0]]}}}
{"jsonrpc": "2.0", "method": "subscription", "params": {"channel": "book.BTC-21MAR25.none.20.100ms", "data": {"timestamp": 1741775141016, "change_id": 92417564644, "instrument_name": "BTC-21MAR25", "bids": [[82365.0, 2890.0], [82360.0, 10120.0], [82355.0, 1280.0], [82352.5, 4260.0], [82350.0, 37230.0], [82347.5, 50000.0], [82345.0, 74110.0], [82342.5, 1260.0], [82340.0, 4210.0], [82337.5, 910.0], [82335.0, 3020.0], [82332.5, 1250.0], [82330.0, 4160.0], [82325.0, 10510.0], [82322.5, 32190.0], [82320.0, 4350.0], [82315.0, 1910.0], [82312.5, 2000.0], [82310.0, 5260.0], [82307.5, 3020.0]], "asks": [[82370.0, 3900.0], [82372.5, 5320.0], [82375.0, 690.0], [82377.5, 2300.0], [82380.0, 2490.0], [82382.5, 6580.0], [82385.0, 5170.0], [82387.5, 5320.0], [82390.0, 11410.0], [82392.5, 6650.0], [82395.0, 26560.0], [82400.0, 120.0], [82405.0, 1340.0], [82407.5, 4350.0], [82410.0, 3000.0], [82412.5, 10000.0], [82415.0, 1310.0], [82417.5, 4350.0], [82425.0, 1310.0], [82427.5, 4350.0]]}}}
{"jsonrpc": "2.0", "method": "subscription", "params": {"channel": "book.BTC-14MAR25.none.20.100ms", "data": {"timestamp": 1741775141601, "change_id": 92417565330, "instrument_name": "BTC-14MAR25", "bids": [[82332.5, 1210.0], [82330.0, 4900.0], [82325.0, 2940.0], [82322.5, 5790.0], [82320.0, 720.0], [82317.5, 1200.0], [82315.0, 3430.0], [82312.5, 4550.0], [82310.0, 1200.0], [82307.5, 8520.0], [82305.0, 16200.0], [82302.5, 4550.0], [82297.5, 120.0], [82295.0, 16240.0], [82292.5, 54710.0], [82287.5, 3000.0], [82285.0, 10000.0], [82277.5, 4650.0], [82275.0, 12020.0], [82272.5, 30430.0]], "asks": [[82335.0, 1330.0], [82337.5, 3270.0], [82340.0, 120.0], [82345.0, 1200.0], [82347.5, 1220.0], [82350.0, 4070.0], [82352.5, 2600.0], [82355.0, 14450.0], [82357.5, 32580.0], [82362.5, 1740.0], [82365.0, 6000.0], [82367.5, 4680.0], [82375.0, 1400.0], [82377.5, 4680.0], [82380.0, 1450.0], [82385.0, 2000.0], [82390.0, 17710.0], [82392.5, 29600.0], [82395.0, 29420.0], [82400.0, 1360.0]]}}}
{"jsonrpc": "2.0", "method": "subscription", "params": {"channel": "book.BTC-21MAR25.none.20.100ms", "data": {"timestamp": 1741775141610, "change_id": 92417565338, "instrument_name": "BTC-21MAR25", "bids": [[82367.5, 4270.0], [82365.0, 9440.0], [82360.0, 10120.0], [82355.0, 1280.0], [82352.5, 4260.0], [82350.0, 37230.0], [82347.5, 50000.0], [82345.0, 74110.0], [82342.5, 1260.0], [82340.0, 4210.0], [82337.5, 910.0], [82335.0, 3020.0], [82332.5, 1250.0], [82330.0, 4160.0], [82325.0, 10510.0], [82322.5, 32190.0], [82320.0, 4350.0], [82315.0, 1910.0], [82312.5, 2000.0], [82310.0, 5260.0]], "asks": [[82372.5, 3020.0], [82375.0, 600.0], [82377.5, 2300.0], [82380.0, 3680.0], [82382.5, 2300.0], [82385.0, 5170.0], [82387.5, 5320.0], [82390.0, 11410.0], [82392.5, 6650.0], [82395.0, 26560.0], [82400.0, 3120.0], [82402.5, 10000.0], [82405.0, 1340.0], [82407.5, 4350.0], [82415.0, 1310.0], [82417.5, 4350.0], [82425.0, 1310.0], [82427.5, 4350.0], [82440.0, 1280.0], [82442.5, 4250.0]]}}}
{"jsonrpc": "2.0", "method": "subscription", "params": {"channel": "book.BTC-14MAR25.none.20.100ms", "data": {"timestamp": 1741775141937, "change_id": 92417565843, "instrument_name": "BTC-14MAR25", "bids": [[82332.5, 5810.0], [82330.0, 4900.0], [82325.0, 2940.0], [82322.5, 5790.0], [82320.0, 720.0], [82317.5, 1200.0], [82315.0, 3430.0], [82312.5, 4550.0], [82310.0, 1200.0], [82307.5, 8520.0], [82305.0, 16200.0], [82302.5, 4550.0], [82297.5, 120.0], [82295.0, 16240.0], [82292.5, 54710.0], [82287.5, 3000.0], [82285.0, 10000.0], [82277.5, 4650.0], [82275.0, 12020.0], [82272.5, 30430.0]], "asks": [[82335.0, 1330.0], [82337.5, 3270.0], [82340.0, 120.0], [82345.0, 1200.0], [82347.5, 1220.0], [82350.0, 4070.0], [82352.5, 2600.0], [82355.0, 4680.0], [82362.5, 1740.0], [82365.0, 6000.0], [82367.5, 4680.0], [82375.0, 1400.0], [82377.5, 4680.0], [82380.0, 1450.0], [82385.0, 2000.0], [82390.0, 17710.0], [82392.5, 29600.0], [82395.0, 29420.0], [82400.0, 1360.0], [82402.5, 4510.0]]}}}
{"jsonrpc": "2.0", "method": "subscription", "params": {"channel": "book.BTC-21MAR25.none.20.100ms", "data": {"timestamp": 1741775141876, "change_id": 92417565812, "instrument_name": "BTC-21MAR25", "bids": [[82367.5, 2300.0], [82365.0, 2890.0], [82360.0, 10120.0], [82355.0, 1280.0], [82352.5, 4260.0], [82350.0, 37230.0], [82347.5, 50000.0], [82345.0, 74110.0], [82342.5, 1260.0], [82340.0, 4210.0], [82337.5, 910.0], [82335.0, 3020.0], [82332.5, 1250.0], [82330.0, 4160.0], [82325.0, 10510.0], [82322.5, 32190.0], [82320.0, 4350.0], [82315.0, 1910.0], [82312.5, 2000.0], [82310.0, 5260.0]], "asks": [[82372.5, 3020.0], [82377.5, 2300.0], [82380.0, 3680.0], [82382.5, 2300.0], [82385.0, 5170.0], [82387.5, 5320.0], [82390.0, 11410.0], [82392.5, 6650.0], [82395.0, 26560.0], [82400.0, 3120.0], [82402.5, 10000.0], [82405.0, 1340.0], [82407.5, 4350.0], [82415.0, 1310.0], [82417.5, 4350.0], [82425.0, 1310.0], [82427.5, 4350.0], [82440.0, 1280.0], [82442.5, 4250.0], [82462.5, 1280.0]]}}}
{"jsonrpc": "2.0", "method": "subscription", "params": {"channel": "book.BTC-14MAR25.none.20.100ms", "data": {"timestamp": 1741775142234, "change_id": 92417566424, "instrument_name": "BTC-14MAR25", "bids": [[82332.5, 5810.0], [82330.0, 4900.0], [82325.0, 2940.0], [82322.5, 5790.0], [82320.0, 1490.0], [82317.5, 1200.0], [82315.0, 6300.0], [82312.5, 4550.0], [82310.0, 1200.0], [82307.5, 5650.0], [82305.0, 16200.0], [82302.5, 4550.0], [82300.0, 2870.0], [82297.5, 120.0], [82295.0, 16240.0], [82292.5, 54710.0], [82287.5, 3000.0], [82285.0, 10000.0], [82277.5, 4650.0], [82275.0, 9150.0]], "asks": [[82335.0, 1330.0], [82337.5, 3270.0], [82340.0, 120.0], [82345.0, 1200.0], [82347.5, 1220.0], [82350.0, 4070.0], [82352.5, 1200.0], [82362.5, 1740.0], [82365.0, 6000.0], [82367.5, 4680.0], [82375.0, 1400.0], [82377.5, 4680.0], [82380.0, 1450.0], [82385.0, 2000.0], [82390.0, 17710.0], [82392.5, 29600.0], [82395.0, 29420.0], [82400.0, 1360.0], [82402.5, 4510.0], [82405.0, 20.0]]}}}
{"jsonrpc": "2.0", "method": "subscription", "params": {"channel": "book.BTC-21MAR25.none.20.100ms", "data": {"timestamp": 1741775142248, "change_id": 92417566451, "instrument_name": "BTC-21MAR25", "bids": [[82370.0, 6550.0], [82367.5, 10830.0], [82365.0, 2890.0], [82360.0, 10120.0], [82355.0, 1280.0], [82352.5, 4260.0], [82350.0, 37230.0], [82347.5, 50000.0], [82345.0, 76280.0], [82342.5, 3020.0], [82340.0, 4210.0], [82332.5, 1250.0], [82330.0, 4160.0], [82325.0, 18110.0], [82322.5, 24590.0], [82320.0, 4350.0], [82315.0, 1910.0], [82312.5, 2000.0], [82310.0, 5260.0], [82307.5, 3020.0]], "asks": [[82372.5, 3020.0], [82380.0, 2300.0], [82382.5, 2300.0], [82385.0, 5170.0], [82387.5, 5320.0], [82390.0, 11410.0], [82392.5, 6580.0], [82395.0, 26560.0], [82400.0, 3120.0], [82402.5, 10000.0], [82405.0, 1340.0], [82407.5, 4350.0], [82415.0, 1310.0], [82417.5, 4350.0], [82425.0, 1310.0], [82427.5, 4350.0], [82440.0, 1280.0], [82442.5, 4250.0], [82462.5, 1280.0], [82465.0, 11620.0]]}}}
{"jsonrpc": "2.0", "method": "subscription", "params": {"channel": "book.BTC-14MAR25.none.20.100ms", "data": {"timestamp": 1741775142561, "change_id": 92417566906, "instrument_name": "BTC-14MAR25", "bids": [[82332.5, 5810.0], [82330.0, 5620.0], [82327.5, 1200.0], [82325.0, 2940.0], [82322.5, 5790.0], [82320.0, 16390.0], [82317.5, 1200.0], [82315.0, 59970.0], [82312.5, 19380.0], [82307.5, 1200.0], [82305.0, 2050.0], [82302.5, 4550.0], [82300.0, 2870.0], [82297.5, 120.0], [82295.0, 1410.0], [82292.5, 4710.0], [82287.5, 3000.0], [82285.0, 10000.0], [82277.5, 35080.0], [82275.0, 20.0]], "asks": [[82335.0, 1330.0], [82340.0, 120.0], [82345.0, 860.0], [82347.5, 2870.0], [82352.5, 1200.0], [82362.5, 1740.0], [82365.0, 6000.0], [82367.5, 4680.0], [82372.5, 29420.0], [82375.0, 4270.0], [82377.5, 4680.0], [82380.0, 1450.0], [82385.0, 2000.0], [82390.0, 8880.0], [82392.5, 29600.0], [82400.0, 1360.0], [82402.5, 4510.0], [82405.0, 20.0], [82412.5, 11910.0], [82415.0, 39710.0]]}}}
{"jsonrpc": "2.0", "method": "subscription", "params": {"channel": "book.BTC-21MAR25.none.20.100ms", "data": {"timestamp": 1741775142558, "change_id": 92417566897, "instrument_name": "BTC-21MAR25", "bids": [[82370.0, 6550.0], [82367.5, 10830.0], [82365.0, 2890.0], [82362.5, 2300.0], [82360.0, 10120.0], [82355.0, 1280.0], [82352.5, 4260.0], [82350.0, 37230.0], [82347.5, 50000.0], [82345.0, 76280.0], [82342.5, 3020.0], [82340.0, 4210.0], [82332.5, 1250.0], [82330.0, 4160.0], [82325.0, 18110.0], [82322.5, 24590.0], [82320.0, 4350.0], [82315.0, 1910.0], [82312.5, 2000.0], [82310.0, 5260.0]], "asks": [[82372.5, 3020.0], [82382.5, 2300.0], [82385.0, 3680.0], [82387.5, 2300.0], [82390.0, 11410.0], [82392.5, 6580.0], [82395.0, 26560.0], [82400.0, 120.0], [82405.0, 1340.0], [82407.5, 4350.0], [82415.0, 11310.0], [82417.5, 4350.0], [82425.0, 1310.0], [82427.5, 4350.0], [82440.0, 1280.0], [82442.5, 4250.0], [82462.5, 1280.0], [82465.0, 11620.0], [82467.5, 24570.0], [82472.5, 20.0]]}}}
{"jsonrpc": "2.0", "method": "subscription", "params": {"channel": "book.BTC-14MAR25.none.20.100ms", "data": {"timestamp": 1741775142887, "change_id": 92417567783, "instrument_name": "BTC-14MAR25", "bids": [[82337.5, 5810.0], [82335.0, 6250.0], [82332.5, 1200.0], [82330.0, 1790.0], [82327.5, 1200.0], [82325.0, 20590.0], [82322.5, 55790.0], [82320.0, 720.0], [82317.5, 1200.0], [82315.0, 3430.0], [82312.5, 19380.0], [82307.5, 1200.0], [82305.0, 1370.0], [82302.5, 4550.0], [82300.0, 2870.0], [82297.5, 120.0], [82295.0, 1410.0], [82292.5, 4710.0], [82287.5, 3000.0], [82285.0, 10000.0]], "asks": [[82340.0, 120.0], [82345.0, 10860.0], [82347.5, 2870.0], [82352.5, 1200.0], [82362.5, 1740.0], [82365.0, 6000.0], [82367.5, 4680.0], [82372.5, 29420.0], [82375.0, 2870.0], [82377.5, 4680.0], [82380.0, 800.0], [82382.5, 650.0], [82385.0, 2000.0], [82392.5, 4680.0], [82400.0, 1360.0], [82402.5, 4510.0], [82405.0, 20.0], [82412.5, 11910.0], [82415.0, 39710.0], [82422.5, 440.0]]}}}
{"jsonrpc": "2.0", "method": "subscription", "params": {"channel": "book.BTC-21MAR25.none.20.100ms", "data": {"timestamp": 1741775142830, "change_id": 92417567610, "instrument_name": "BTC-21MAR25", "bids": [[82377.5, 2300.0], [82375.0, 4360.0], [82372.5, 4250.0], [82370.0, 5530.0], [82367.5, 4280.0], [82365.0, 2890.0], [82360.0, 10120.0], [82352.5, 4260.0], [82350.0, 3020.0], [82347.5, 50000.0], [82345.0, 74110.0], [82340.0, 4210.0], [82330.0, 4160.0], [82325.0, 14520.0], [82322.5, 24590.0], [82320.0, 4350.0], [82312.5, 2000.0], [82310.0, 4350.0], [82307.5, 3020.0], [82305.0, 5750.0]], "asks": [[82380.0, 5320.0], [82382.5, 2300.0], [82385.0, 2300.0], [82387.5, 2300.0], [82390.0, 11410.0], [82392.5, 2300.0], [82395.0, 26560.0], [82405.0, 1310.0], [82407.5, 4350.0], [82412.5, 120.0], [82415.0, 10000.0], [82417.5, 7370.0], [82427.5, 4350.0], [82440.0, 1280.0], [82442.5, 4250.0], [82465.0, 4250.0], [82472.5, 20.0], [82475.0, 4280.0], [82487.5, 4550.0], [82490.0, 15150.0]]}}}
{"jsonrpc": "2.0", "method": "subscription", "params": {"channel": "book.BTC-14MAR25.none.20.100ms", "data": {"timestamp": 1741775143266, "change_id": 92417568364, "instrument_name": "BTC-14MAR25", "bids": [[82337.5, 1210.0], [82335.0, 6250.0], [82332.5, 1200.0], [82330.0, 1790.0], [82327.5, 1200.0], [82325.0, 5810.0], [82322.5, 5790.0], [82320.0, 720.0], [82317.5, 1200.0], [82315.0, 3430.0], [82312.5, 69380.0], [82307.5, 1200.0], [82305.0, 1370.0], [82302.5, 4550.0], [82300.0, 2870.0], [82297.5, 120.0], [82295.0, 1410.0], [82292.5, 4710.0], [82287.5, 3000.0], [82285.0, 10000.0]], "asks": [[82340.0, 120.0], [82342.5, 3860.0], [82345.0, 10000.0], [82347.5, 2870.0], [82352.5, 1200.0], [82362.5, 1740.0], [82365.0, 6000.0], [82367.5, 4680.0], [82372.5, 29420.0], [82375.0, 2870.0], [82377.5, 29410.0], [82380.0, 800.0], [82382.5, 650.0], [82385.0, 2000.0], [82392.5, 4680.0], [82400.0, 1360.0], [82402.5, 4510.0], [82405.0, 20.0], [82412.5, 11910.0], [82415.0, 39710.0]]}}}
{"jsonrpc": "2.0", "method": "subscription", "params": {"channel": "book.BTC-21MAR25.none.20.100ms", "data": {"timestamp": 1741775143078, "change_id": 92417568134, "instrument_name": "BTC-21MAR25", "bids": [[82377.5, 2300.0], [82370.0, 1280.0], [82367.5, 4280.0], [82365.0, 2890.0], [82360.0, 10120.0], [82352.5, 4260.0], [82350.0, 3020.0], [82340.0, 4210.0], [82330.0, 4160.0], [82327.5, 50000.0], [82325.0, 14520.0], [82322.5, 24590.0], [82320.0, 4350.0], [82312.5, 2000.0], [82310.0, 4350.0], [82307.5, 3020.0], [82305.0, 5750.0], [82302.5, 14800.0], [82300.0, 4350.0], [82290.0, 4170.0]], "asks": [[82380.0, 5320.0], [82382.5, 2300.0], [82385.0, 2300.0], [82387.5, 2300.0], [82390.0, 11410.0], [82392.5, 2300.0], [82395.0, 26560.0], [82405.0, 1310.0], [82407.5, 4350.0], [82412.5, 120.0], [82415.0, 10000.0], [82417.5, 7370.0], [82427.5, 4350.0], [82440.0, 1280.0], [82442.5, 4250.0], [82452.5, 24550.0], [82465.0, 4250.0], [82472.5, 20.0], [82475.0, 4280.0], [82487.5, 4550.0]]}}}
{"jsonrpc": "2.0", "method": "subscription", "params": {"channel": "book.BTC-14MAR25.none.20.100ms", "data": {"timestamp": 1741775143509, "change_id": 92417568758, "instrument_name": "BTC-14MAR25", "bids": [[82337.5, 1200.0], [82335.0, 5050.0], [82332.5, 1200.0], [82330.0, 1790.0], [82327.5, 1200.0], [82325.0, 5810.0], [82322.5, 5790.0], [82320.0, 720.0], [82317.5, 1200.0], [82315.0, 21740.0], [82312.5, 69380.0], [82305.0, 1370.0], [82302.5, 4550.0], [82300.0, 2870.0], [82297.5, 120.0], [82295.0, 1410.0], [82292.5, 4710.0], [82287.5, 3000.0], [82285.0, 10000.0], [82280.0, 10530.0]], "asks": [[82340.0, 130.0], [82342.5, 3860.0], [82345.0, 10000.0], [82347.5, 2870.0], [82362.5, 1740.0], [82365.0, 6000.0], [82367.5, 4680.0], [82370.0, 9690.0], [82372.5, 29420.0], [82375.0, 2870.0], [82377.5, 29410.0], [82380.0, 800.0], [82382.5, 650.0], [82385.0, 2000.0], [82392.5, 4680.0], [82400.0, 1360.0], [82402.5, 4510.0], [82405.0, 20.0], [82412.5, 11910.0], [82415.0, 39710.0]]}}}
{"jsonrpc": "2.0", "method": "subscription", "params": {"channel": "book.BTC-21MAR25.none.20.100ms", "data": {"timestamp": 1741775143534, "change_id": 92417568777, "instrument_name": "BTC-21MAR25", "bids": [[82375.0, 1970.0], [82372.5, 2300.0], [82370.0, 5530.0], [82367.5, 4280.0], [82365.0, 2890.0], [82360.0, 10120.0], [82355.0, 2180.0], [82352.5, 4260.0], [82350.0, 3020.0], [82340.0, 4210.0], [82330.0, 4160.0], [82327.5, 50000.0], [82325.0, 14520.0], [82322.5, 24590.0], [82320.0, 4350.0], [82312.5, 2000.0], [82310.0, 4350.0], [82307.5, 3020.0], [82305.0, 5750.0], [82302.5, 14800.0]], "asks": [[82380.0, 5320.0], [82382.5, 2300.0], [82385.0, 690.0], [82387.5, 2300.0], [82390.0, 9110.0], [82392.5, 2300.0], [82395.0, 26560.0], [82400.0, 690.0], [82402.5, 2300.0], [82405.0, 1310.0], [82407.5, 4350.0], [82412.5, 3120.0], [82415.0, 10000.0], [82417.5, 7370.0], [82427.5, 4350.0], [82440.0, 1280.0], [82442.5, 4250.0], [82452.5, 24550.0], [82462.5, 1280.0], [82465.0, 4250.0]]}}}
{"jsonrpc": "2.0", "method": "subscription", "params": {"channel": "book.BTC-14MAR25.none.20.100ms", "data": {"timestamp": 1741775143824, "change_id": 92417569113, "instrument_name": "BTC-14MAR25", "bids": [[82337.5, 5810.0], [82335.0, 5050.0], [82332.5, 1200.0], [82330.0, 1790.0], [82327.5, 1200.0], [82325.0, 5810.0], [82322.5, 5790.0], [82320.0, 720.0], [82317.5, 1200.0], [82315.0, 3430.0], [82312.5, 69380.0], [82305.0, 1370.0], [82302.5, 4550.0], [82300.0, 2870.0], [82297.5, 120.0], [82295.0, 1410.0], [82292.5, 4710.0], [82287.5, 3000.0], [82285.0, 10000.0], [82280.0, 10530.0]], "asks": [[82340.0, 120.0], [82342.5, 3860.0], [82345.0, 10000.0], [82347.5, 2870.0], [82362.5, 1740.0], [82365.0, 6000.0], [82367.5, 4680.0], [82370.0, 9690.0], [82372.5, 29420.0], [82375.0, 2870.0], [82377.5, 29410.0], [82380.0, 800.0], [82382.5, 650.0], [82385.0, 2000.0], [82392.5, 4680.0], [82400.0, 1360.0], [82402.5, 4510.0], [82405.0, 20.0], [82412.5, 11910.0], [82415.0, 39710.0]]}}}
{"jsonrpc": "2.0", "method": "subscription", "params": {"channel": "book.BTC-21MAR25.none.20.100ms", "data": {"timestamp": 1741775143908, "change_id": 92417569181, "instrument_name": "BTC-21MAR25", "bids": [[82375.0, 1970.0], [82372.5, 2300.0], [82370.0, 5530.0], [82367.5, 4280.0], [82365.0, 2890.0], [82360.0, 10120.0], [82357.5, 15000.0], [82355.0, 52180.0], [82352.5, 78370.0], [82350.0, 3020.0], [82340.0, 4210.0], [82330.0, 4160.0], [82325.0, 14520.0], [82322.5, 24590.0], [82320.0, 4350.0], [82312.5, 2000.0], [82310.0, 4350.0], [82307.5, 3020.0], [82305.0, 5750.0], [82302.5, 14800.0]], "asks": [[82380.0, 3020.0], [82387.5, 2300.0], [82390.0, 9110.0], [82392.5, 2300.0], [82395.0, 26560.0], [82400.0, 690.0], [82402.5, 2300.0], [82405.0, 1310.0], [82407.5, 4350.0], [82412.5, 3120.0], [82415.0, 10000.0], [82417.5, 7370.0], [82427.5, 4350.0], [82440.0, 1280.0], [82442.5, 4250.0], [82452.5, 24550.0], [82462.5, 1280.0], [82465.0, 4250.0], [82472.5, 20.0], [82475.0, 4280.0]]}}}
{"jsonrpc": "2.0", "method": "subscription", "params": {"channel": "book.BTC-14MAR25.none.20.100ms", "data": {"timestamp": 1741775144198, "change_id": 92417569575, "instrument_name": "BTC-14MAR25", "bids": [[82337.5, 5810.0], [82335.0, 5050.0], [82332.5, 1200.0], [82330.0, 1790.0], [82327.5, 1200.0], [82325.0, 5810.0], [82322.5, 5790.0], [82320.0, 720.0], [82317.5, 1200.0], [82315.0, 3430.0], [82312.5, 69380.0], [82305.0, 1370.0], [82302.5, 4550.0], [82300.0, 2870.0], [82297.5, 120.0], [82295.0, 1410.0], [82292.5, 4710.0], [82287.5, 3000.0], [82285.0, 10000.0], [82280.0, 10530.0]], "asks": [[82340.0, 120.0], [82342.5, 3860.0], [82345.0, 10000.0], [82347.5, 2870.0], [82362.5, 1740.0], [82365.0, 6000.0], [82367.5, 4680.0], [82370.0, 9690.0], [82372.5, 29420.0], [82375.0, 2870.0], [82377.5, 29410.0], [82380.0, 800.0], [82382.5, 650.0], [82385.0, 2000.0], [82392.5, 4680.0], [82400.0, 1360.0], [82402.5, 4510.0], [82405.0, 20.0], [82412.5, 11910.0], [82415.0, 39710.0]]}}}
{"jsonrpc": "2.0", "method": "subscription", "params": {"channel": "book.BTC-21MAR25.none.20.100ms", "data": {"timestamp": 1741775144132, "change_id": 92417569444, "instrument_name": "BTC-21MAR25", "bids": [[82375.0, 1970.0], [82372.5, 2300.0], [82370.0, 5650.0], [82367.5, 4280.0], [82365.0, 2890.0], [82360.0, 10000.0], [82357.5, 15000.0], [82355.0, 52180.0], [82352.5, 78370.0], [82350.0, 3020.0], [82340.0, 4210.0], [82330.0, 4160.0], [82325.0, 14520.0], [82322.5, 24590.0], [82320.0, 4350.0], [82312.5, 2000.0], [82310.0, 4350.0], [82307.5, 3020.0], [82305.0, 5750.0], [82302.5, 14800.0]], "asks": [[82380.0, 3020.0], [82385.0, 690.0], [82387.5, 2300.0], [82390.0, 9110.0], [82392.5, 2300.0], [82395.0, 26560.0], [82400.0, 690.0], [82402.5, 2300.0], [82405.0, 1310.0], [82407.5, 4350.0], [82412.5, 3120.0], [82415.0, 10000.0], [82417.5, 7370.0], [82427.5, 4350.0], [82440.0, 1280.0], [82442.5, 4250.0], [82452.5, 24550.0], [82462.5, 1280.0], [82465.0, 4250.0], [82472.5, 20.0]]}}}
{"jsonrpc": "2.0", "method": "subscription", "params": {"channel": "book.BTC-14MAR25.none.20.100ms", "data": {"timestamp": 1741775144518, "change_id": 92417570102, "instrument_name": "BTC-14MAR25", "bids": [[82337.5, 1210.0], [82332.5, 5800.0], [82330.0, 1020.0], [82327.5, 1200.0], [82325.0, 2940.0], [82322.5, 5790.0], [82320.0, 720.0], [82317.5, 1200.0], [82315.0, 21740.0], [82312.5, 69380.0], [82305.0, 2050.0], [82302.5, 4550.0], [82300.0, 2870.0], [82297.5, 120.0], [82295.0, 1410.0], [82292.5, 4710.0], [82287.5, 3000.0], [82285.0, 10000.0], [82280.0, 10530.0], [82277.5, 35080.0]], "asks": [[82340.0, 1320.0], [82342.5, 5060.0], [82345.0, 10000.0], [82347.5, 2870.0], [82362.5, 1740.0], [82365.0, 6000.0], [82367.5, 4680.0], [82370.0, 9690.0], [82372.5, 29420.0], [82375.0, 11690.0], [82377.5, 29410.0], [82380.0, 800.0], [82382.5, 650.0], [82385.0, 2000.0], [82392.5, 4680.0], [82400.0, 1360.0], [82402.5, 4510.0], [82405.0, 20.0], [82412.5, 11910.0], [82415.0, 39710.0]]}}}
{"jsonrpc": "2.0", "method": "subscription", "params": {"channel": "book.BTC-21MAR25.none.20.100ms", "data": {"timestamp": 1741775144488, "change_id": 92417569915, "instrument_name": "BTC-21MAR25", "bids": [[82372.5, 2300.0], [82370.0, 120.0], [82365.0, 4280.0], [82362.5, 4280.0], [82360.0, 10000.0], [82355.0, 2180.0], [82352.5, 4260.0], [82350.0, 3020.0], [82340.0, 4210.0], [82330.0, 4160.0], [82325.0, 7600.0], [82322.5, 74590.0], [82320.0, 4350.0], [82312.5, 2000.0], [82310.0, 4350.0], [82307.5, 3020.0], [82302.5, 14800.0], [82300.0, 4350.0], [82290.0, 4170.0], [82280.0, 35660.0]], "asks": [[82377.5, 2300.0], [82380.0, 3020.0], [82385.0, 690.0], [82387.5, 2300.0], [82390.0, 13390.0], [82392.5, 2300.0], [82395.0, 26560.0], [82402.5, 2300.0], [82405.0, 1310.0], [82407.5, 4350.0], [82412.5, 120.0], [82415.0, 10000.0], [82417.5, 7370.0], [82427.5, 4350.0], [82442.5, 4250.0], [82452.5, 24550.0], [82465.0, 4250.0], [82472.5, 20.0], [82475.0, 4280.0], [82487.5, 4550.0]]}}}
{"jsonrpc": "2.0", "method": "subscription", "params": {"channel": "book.BTC-14MAR25.none.20.100ms", "data": {"timestamp": 1741775144821, "change_id": 92417570624, "instrument_name": "BTC-14MAR25", "bids": [[82337.5, 1210.0], [82335.0, 1830.0], [82332.5, 5800.0], [82330.0, 1020.0], [82327.5, 1200.0], [82325.0, 2940.0], [82322.5, 5790.0], [82320.0, 3590.0], [82317.5, 1200.0], [82315.0, 3430.0], [82312.5, 69380.0], [82305.0, 2050.0], [82302.5, 4550.0], [82300.0, 2870.0], [82297.5, 120.0], [82295.0, 1410.0], [82292.5, 4710.0], [82287.5, 3000.0], [82285.0, 10000.0], [82280.0, 10530.0]], "asks": [[82340.0, 120.0], [82342.5, 5060.0], [82345.0, 10000.0], [82347.5, 2870.0], [82362.5, 1740.0], [82365.0, 6000.0], [82367.5, 4680.0], [82370.0, 9690.0], [82372.5, 29420.0], [82375.0, 11690.0], [82377.5, 29410.0], [82380.0, 800.0], [82382.5, 650.0], [82385.0, 2000.0], [82392.5, 4680.0], [82400.0, 1360.0], [82402.5, 4510.0], [82405.0, 20.0], [82412.5, 11910.0], [82415.0, 39710.0]]}}}
{"jsonrpc": "2.0", "method": "subscription", "params": {"channel": "book.BTC-21MAR25.none.20.100ms", "data": {"timestamp": 1741775144842, "change_id": 92417570675, "instrument_name": "BTC-21MAR25", "bids": [[82372.5, 2300.0], [82370.0, 120.0], [82365.0, 4280.0], [82362.5, 4280.0], [82360.0, 10000.0], [82357.5, 15000.0], [82355.0, 73350.0], [82352.5, 78370.0], [82342.5, 3020.0], [82340.0, 4210.0], [82330.0, 4160.0], [82325.0, 7600.0], [82322.5, 24590.0], [82320.0, 4350.0], [82312.5, 2000.0], [82310.0, 4350.0], [82307.5, 3020.0], [82302.5, 14800.0], [82300.0, 4350.0], [82290.0, 4170.0]], "asks": [[82377.5, 2300.0], [82380.0, 3020.0], [82385.0, 690.0], [82387.5, 2300.0], [82390.0, 9110.0], [82392.5, 2300.0], [82395.0, 27840.0], [82397.5, 4280.0], [82400.0, 690.0], [82402.5, 2300.0], [82405.0, 1310.0], [82407.5, 4350.0], [82412.5, 120.0], [82415.0, 10000.0], [82417.5, 7370.0], [82427.5, 4350.0], [82442.5, 4250.0], [82452.5, 24550.0], [82465.0, 4250.0], [82472.5, 20.0]]}}}
{"jsonrpc": "2.0", "method": "subscription", "params": {"channel": "book.BTC-14MAR25.none.20.100ms", "data": {"timestamp": 1741775145238, "change_id": 92417571096, "instrument_name": "BTC-14MAR25", "bids": [[82337.5, 1210.0], [82335.0, 450.0], [82332.5, 1200.0], [82330.0, 1020.0], [82327.5, 1200.0], [82325.0, 2940.0], [82322.5, 5790.0], [82320.0, 3590.0], [82317.5, 1200.0], [82315.0, 3430.0], [82312.5, 69380.0], [82305.0, 2050.0], [82302.5, 4550.0], [82300.0, 2870.0], [82297.5, 120.0], [82295.0, 1410.0], [82292.5, 4710.0], [82287.5, 3000.0], [82285.0, 10000.0], [82280.0, 10530.0]], "asks": [[82340.0, 120.0], [82342.5, 6660.0], [82345.0, 10000.0], [82347.5, 2870.0], [82362.5, 1740.0], [82365.0, 6000.0], [82367.5, 4680.0], [82370.0, 9690.0], [82372.5, 29420.0], [82375.0, 11690.0], [82377.5, 29410.0], [82380.0, 800.0], [82382.5, 650.0], [82385.0, 2000.0], [82392.5, 4680.0], [82400.0, 1360.0], [82402.5, 4510.0], [82405.0, 20.0], [82412.5, 11910.0], [82415.0, 39710.0]]}}}
{"jsonrpc": "2.0", "method": "subscription", "params": {"channel": "book.BTC-21MAR25.none.20.100ms", "data": {"timestamp": 1741775145201, "change_id": 92417571069, "instrument_name": "BTC-21MAR25", "bids": [[82372.5, 3610.0], [82370.0, 4370.0], [82365.0, 4280.0], [82362.5, 4280.0], [82360.0, 10000.0], [82357.5, 15000.0], [82355.0, 73350.0], [82352.5, 78370.0], [82342.5, 3020.0], [82340.0, 4210.0], [82332.5, 7600.0], [82330.0, 4160.0], [82322.5, 24590.0], [82320.0, 4350.0], [82315.0, 14800.0], [82312.5, 2000.0], [82310.0, 4350.0], [82307.5, 3020.0], [82290.0, 4170.0], [82280.0, 35660.0]], "asks": [[82377.5, 2300.0], [82380.0, 3020.0], [82385.0, 690.0], [82387.5, 2300.0], [82390.0, 9110.0], [82392.5, 2300.0], [82395.0, 27840.0], [82397.5, 4280.0], [82400.0, 690.0], [82402.5, 2300.0], [82405.0, 1310.0], [82407.5, 4350.0], [82412.5, 120.0], [82415.0, 10000.0], [82417.5, 7370.0], [82442.5, 4250.0], [82452.5, 24550.0], [82465.0, 4250.0], [82472.5, 20.0], [82475.0, 4280.0]]}}}
{"jsonrpc": "2.0", "method": "subscription", "params": {"channel": "book.BTC-14MAR25.none.20.100ms", "data": {"timestamp": 1741775145361, "change_id": 92417571152, "instrument_name": "BTC-14MAR25", "bids": [[82337.5, 1210.0], [82335.0, 450.0], [82332.5, 1200.0], [82330.0, 1020.0], [82327.5, 1200.0], [82325.0, 8030.0], [82322.5, 5790.0], [82320.0, 18420.0], [82317.5, 1200.0], [82315.0, 3430.0], [82312.5, 54550.0], [82305.0, 2050.0], [82302.5, 4550.0], [82300.0, 2870.0], [82297.5, 120.0], [82295.0, 1410.0], [82292.5, 4710.0], [82287.5, 3000.0], [82285.0, 40430.0], [82277.5, 4650.0]], "asks": [[82340.0, 120.0], [82342.5, 6660.0], [82345.0, 10000.0], [82347.5, 2870.0], [82362.5, 1740.0], [82365.0, 6000.0], [82367.5, 4680.0], [82370.0, 9690.0], [82372.5, 29420.0], [82375.0, 11690.0], [82377.5, 29410.0], [82380.0, 800.0], [82382.5, 650.0], [82385.0, 2000.0], [82392.5, 4680.0], [82400.0, 1360.0], [82402.5, 4510.0], [82405.0, 20.0], [82412.5, 11910.0], [82415.0, 39710.0]]}}}
{"jsonrpc": "2.0", "method": "subscription", "params": {"channel": "book.BTC-21MAR25.none.20.100ms", "data": {"timestamp": 1741775145497, "change_id": 92417571358, "instrument_name": "BTC-21MAR25", "bids": [[82372.5, 2300.0], [82370.0, 120.0], [82365.0, 4280.0], [82362.5, 4280.0], [82360.0, 10000.0], [82357.5, 15000.0], [82355.0, 73350.0], [82352.5, 78370.0], [82342.5, 3020.0], [82340.0, 4210.0], [82335.0, 3530.0], [82332.5, 7600.0], [82330.0, 4160.0], [82322.5, 24590.0], [82320.0, 4350.0], [82315.0, 14800.0], [82312.5, 2000.0], [82310.0, 4350.0], [82307.5, 3020.0], [82292.5, 1250.0]], "asks": [[82377.5, 2300.0], [82380.0, 3020.0], [82385.0, 690.0], [82387.5, 2300.0], [82390.0, 9110.0], [82392.5, 2300.0], [82395.0, 28370.0], [82397.5, 6580.0], [82400.0, 690.0], [82402.5, 2300.0], [82405.0, 1310.0], [82407.5, 4350.0], [82412.5, 3120.0], [82415.0, 10000.0], [82417.5, 7370.0], [82442.5, 4250.0], [82450.0, 7370.0], [82452.5, 24550.0], [82465.0, 4250.0], [82472.5, 20.0]]}}}
{"jsonrpc": "2.0", "method": "subscription", "params": {"channel": "book.BTC-14MAR25.none.20.100ms", "data": {"timestamp": 1741775145946, "change_id": 92417572427, "instrument_name": "BTC-14MAR25", "bids": [[82337.5, 5810.0], [82335.0, 450.0], [82332.5, 1200.0], [82330.0, 1020.0], [82327.5, 1200.0], [82325.0, 8030.0], [82322.5, 5790.0], [82320.0, 33330.0], [82317.5, 51200.0], [82315.0, 1200.0], [82312.5, 4550.0], [82305.0, 2050.0], [82302.5, 4550.0], [82300.0, 2870.0], [82297.5, 120.0], [82295.0, 1410.0], [82292.5, 4710.0], [82287.5, 3000.0], [82285.0, 40430.0], [82280.0, 1400.0]], "asks": [[82340.0, 120.0], [82342.5, 1600.0], [82345.0, 10000.0], [82362.5, 1740.0], [82365.0, 6000.0], [82367.5, 4680.0], [82370.0, 9690.0], [82372.5, 29420.0], [82375.0, 2870.0], [82377.5, 4680.0], [82382.5, 24060.0], [82387.5, 650.0], [82390.0, 1400.0], [82392.5, 4680.0], [82400.0, 1360.0], [82402.5, 4510.0], [82405.0, 2020.0], [82412.5, 11910.0], [82415.0, 39710.0], [82422.5, 440.0]]}}}
{"jsonrpc": "2.0", "method": "subscription", "params": {"channel": "book.BTC-21MAR25.none.20.100ms", "data": {"timestamp": 1741775146212, "change_id": 92417572410, "instrument_name": "BTC-21MAR25", "bids": [[82377.5, 2300.0], [82375.0, 11600.0], [82372.5, 2300.0], [82370.0, 120.0], [82365.0, 4280.0], [82362.5, 4280.0], [82360.0, 10000.0], [82357.5, 15000.0], [82355.0, 73350.0], [82352.5, 78370.0], [82342.5, 3020.0], [82340.0, 4210.0], [82335.0, 3530.0], [82332.5, 9600.0], [82330.0, 4160.0], [82322.5, 24590.0], [82320.0, 4350.0], [82315.0, 14800.0], [82310.0, 4350.0], [82307.5, 3020.0]], "asks": [[82380.0, 3020.0], [82387.5, 2300.0], [82392.5, 10270.0], [82395.0, 27090.0], [82397.5, 2300.0], [82400.0, 690.0], [82402.5, 2300.0], [82405.0, 1310.0], [82407.5, 4350.0], [82412.5, 3120.0], [82415.0, 10000.0], [82417.5, 7370.0], [82442.5, 4250.0], [82455.0, 24730.0], [82465.0, 4250.0], [82472.5, 20.0], [82475.0, 4280.0], [82487.5, 4550.0], [82490.0, 16410.0], [82492.5, 4210.0]]}}}
{"jsonrpc": "2.0", "method": "subscription", "params": {"channel": "book.BTC-14MAR25.none.20.100ms", "data": {"timestamp": 1741775146324, "change_id": 92417573108, "instrument_name": "BTC-14MAR25", "bids": [[82340.0, 5810.0], [82337.5, 5800.0], [82335.0, 450.0], [82332.5, 1200.0], [82330.0, 7340.0], [82327.5, 4070.0], [82325.0, 36360.0], [82322.5, 54590.0], [82315.0, 1200.0], [82312.5, 4550.0], [82307.5, 120.0], [82305.0, 2050.0], [82302.5, 4550.0], [82300.0, 2870.0], [82295.0, 11410.0], [82292.5, 4710.0], [82290.0, 30430.0], [82280.0, 1400.0], [82277.5, 4650.0], [82275.0, 20.0]], "asks": [[82342.5, 1600.0], [82345.0, 10000.0], [82352.5, 980.0], [82355.0, 2870.0], [82362.5, 2940.0], [82365.0, 6000.0], [82367.5, 4680.0], [82375.0, 2870.0], [82377.5, 4680.0], [82382.5, 24060.0], [82390.0, 30820.0], [82392.5, 4680.0], [82400.0, 1360.0], [82402.5, 4510.0], [82405.0, 2020.0], [82412.5, 11910.0], [82415.0, 39710.0], [82422.5, 440.0], [82425.0, 1450.0], [82442.5, 9350.0]]}}}
{"jsonrpc": "2.0", "method": "subscription", "params": {"channel": "book.BTC-21MAR25.none.20.100ms", "data": {"timestamp": 1741775146568, "change_id": 92417573215, "instrument_name": "BTC-21MAR25", "bids": [[82385.0, 4820.0], [82382.5, 2300.0], [82380.0, 9810.0], [82377.5, 4250.0], [82375.0, 7950.0], [82372.5, 12300.0], [82370.0, 120.0], [82367.5, 15000.0], [82365.0, 54280.0], [82362.5, 4280.0], [82355.0, 26370.0], [82352.5, 78370.0], [82342.5, 1260.0], [82340.0, 4210.0], [82335.0, 6550.0], [82332.5, 9600.0], [82330.0, 4160.0], [82322.5, 24590.0], [82320.0, 4350.0], [82315.0, 14800.0]], "asks": [[82390.0, 3020.0], [82392.5, 2300.0], [82395.0, 27090.0], [82397.5, 2300.0], [82400.0, 690.0], [82402.5, 2300.0], [82405.0, 1310.0], [82407.5, 4350.0], [82410.0, 730.0], [82412.5, 2420.0], [82415.0, 2210.0], [82417.5, 7370.0], [82427.5, 10000.0], [82442.5, 4250.0], [82452.5, 7420.0], [82455.0, 24730.0], [82465.0, 4250.0], [82472.5, 20.0], [82475.0, 4280.0], [82487.5, 4550.0]]}}}
{"jsonrpc": "2.0", "method": "subscription", "params": {"channel": "book.BTC-14MAR25.none.20.100ms", "data": {"timestamp": 1741775146648, "change_id": 92417574251, "instrument_name": "BTC-14MAR25", "bids": [[82340.0, 5810.0], [82337.5, 6660.0], [82335.0, 3320.0], [82332.5, 1200.0], [82330.0, 7340.0], [82327.5, 1200.0], [82325.0, 36360.0], [82322.5, 54590.0], [82315.0, 1200.0], [82312.5, 4550.0], [82307.5, 120.0], [82305.0, 2050.0], [82302.5, 4550.0], [82300.0, 2870.0], [82295.0, 11410.0], [82292.5, 4710.0], [82290.0, 30430.0], [82280.0, 1400.0], [82277.5, 4650.0], [82275.0, 20.0]], "asks": [[82342.5, 1600.0], [82352.5, 120.0], [82357.5, 10000.0], [82360.0, 860.0], [82362.5, 2870.0], [82372.5, 860.0], [82375.0, 4270.0], [82377.5, 4680.0], [82390.0, 30820.0], [82392.5, 29280.0], [82400.0, 2010.0], [82402.5, 4510.0], [82405.0, 2020.0], [82412.5, 11910.0], [82415.0, 39710.0], [82422.5, 440.0], [82425.0, 1450.0], [82442.5, 9350.0], [82445.0, 31150.0], [82455.0, 2480.0]]}}}
{"jsonrpc": "2.0", "method": "subscription", "params": {"channel": "book.BTC-21MAR25.none.20.100ms", "data": {"timestamp": 1741775146893, "change_id": 92417574421, "instrument_name": "BTC-21MAR25", "bids": [[82387.5, 7510.0], [82385.0, 11960.0], [82382.5, 2300.0], [82380.0, 3600.0], [82375.0, 7950.0], [82372.5, 12300.0], [82370.0, 120.0], [82367.5, 18020.0], [82365.0, 54280.0], [82362.5, 4280.0], [82355.0, 1280.0], [82352.5, 4260.0], [82342.5, 1260.0], [82340.0, 4210.0], [82335.0, 6550.0], [82332.5, 9600.0], [82330.0, 4160.0], [82322.5, 24590.0], [82320.0, 4350.0], [82315.0, 14800.0]], "asks": [[82395.0, 29580.0], [82410.0, 730.0], [82412.5, 2300.0], [82415.0, 2210.0], [82417.5, 7370.0], [82425.0, 120.0], [82427.5, 10000.0], [82442.5, 4250.0], [82465.0, 28800.0], [82472.5, 20.0], [82475.0, 4280.0], [82487.5, 4550.0], [82490.0, 16410.0], [82492.5, 4210.0], [82502.5, 4270.0], [82505.0, 35000.0], [82512.5, 4320.0], [82525.0, 1250.0], [82527.5, 4170.0], [82535.0, 21940.0]]}}}
{"jsonrpc": "2.0", "method": "subscription", "params": {"channel": "book.BTC-14MAR25.none.20.100ms", "data": {"timestamp": 1741775147031, "change_id": 92417575505, "instrument_name": "BTC-14MAR25", "bids": [[82355.0, 10.0], [82352.5, 4600.0], [82350.0, 1930.0], [82347.5, 5800.0], [82345.0, 7510.0], [82342.5, 8690.0], [82340.0, 17250.0], [82337.5, 1200.0], [82335.0, 450.0], [82332.5, 1200.0], [82330.0, 1020.0], [82327.5, 51200.0], [82325.0, 4070.0], [82322.5, 4590.0], [82317.5, 120.0], [82312.5, 4550.0], [82305.0, 41800.0], [82302.5, 4550.0], [82295.0, 1410.0], [82292.5, 4710.0]], "asks": [[82357.5, 10000.0], [82365.0, 120.0], [82372.5, 860.0], [82375.0, 4270.0], [82377.5, 4680.0], [82387.5, 8830.0], [82390.0, 30820.0], [82392.5, 4680.0], [82400.0, 4230.0], [82402.5, 4510.0], [82405.0, 26170.0], [82412.5, 11910.0], [82415.0, 39710.0], [82422.5, 440.0], [82425.0, 1450.0], [82442.5, 9350.0], [82445.0, 31150.0], [82455.0, 2480.0], [82457.5, 4510.0], [82460.0, 4320.0]]}}}
{"jsonrpc": "2.0", "method": "subscription", "params": {"channel": "book.BTC-21MAR25.none.20.100ms", "data": {"timestamp": 1741775147211, "change_id": 92417575450, "instrument_name": "BTC-21MAR25", "bids": [[82390.0, 9540.0], [82387.5, 4250.0], [82385.0, 10310.0], [82382.5, 12300.0], [82380.0, 120.0], [82377.5, 1300.0], [82375.0, 4320.0], [82372.5, 15000.0], [82370.0, 50000.0], [82367.5, 92150.0], [82362.5, 4280.0], [82355.0, 1280.0], [82352.5, 4260.0], [82345.0, 7600.0], [82340.0, 4210.0], [82335.0, 3020.0], [82332.5, 2000.0], [82330.0, 4160.0], [82327.5, 14800.0], [82322.5, 24590.0]], "asks": [[82395.0, 29580.0], [82410.0, 730.0], [82412.5, 2300.0], [82415.0, 2210.0], [82417.5, 7370.0], [82425.0, 3120.0], [82427.5, 10000.0], [82442.5, 4250.0], [82465.0, 4250.0], [82472.5, 20.0], [82475.0, 4280.0], [82480.0, 24530.0], [82487.5, 4550.0], [82490.0, 16410.0], [82492.5, 4210.0], [82502.5, 4270.0], [82505.0, 35000.0], [82512.5, 4320.0], [82525.0, 1250.0], [82527.5, 4170.0]]}}}
{"jsonrpc": "2.0", "method": "subscription", "params": {"channel": "book.BTC-14MAR25.none.20.100ms", "data": {"timestamp": 1741775147503, "change_id": 92417576327, "instrument_name": "BTC-14MAR25", "bids": [[82355.0, 1200.0], [82350.0, 1930.0], [82347.5, 5800.0], [82345.0, 7510.0], [82342.5, 8690.0], [82340.0, 16050.0], [82337.5, 1200.0], [82335.0, 450.0], [82332.5, 1200.0], [82330.0, 1020.0], [82327.5, 50000.0], [82325.0, 2870.0], [82322.5, 4590.0], [82317.5, 120.0], [82312.5, 4550.0], [82305.0, 41800.0], [82302.5, 4550.0], [82295.0, 1410.0], [82292.5, 4710.0], [82280.0, 1400.0]], "asks": [[82357.5, 10010.0], [82365.0, 980.0], [82367.5, 2870.0], [82375.0, 2600.0], [82377.5, 4680.0], [82387.5, 58830.0], [82390.0, 30820.0], [82392.5, 4680.0], [82400.0, 4230.0], [82402.5, 4510.0], [82405.0, 26820.0], [82412.5, 11910.0], [82415.0, 39710.0], [82422.5, 440.0], [82425.0, 1450.0], [82442.5, 9350.0], [82445.0, 31150.0], [82455.0, 2480.0], [82457.5, 4510.0], [82460.0, 4320.0]]}}}
{"jsonrpc": "2.0", "method": "subscription", "params": {"channel": "book.BTC-21MAR25.none.20.100ms", "data": {"timestamp": 1741775147535, "change_id": 92417576326, "instrument_name": "BTC-21MAR25", "bids": [[82390.0, 4470.0], [82385.0, 10310.0], [82382.5, 12300.0], [82380.0, 120.0], [82377.5, 1300.0], [82375.0, 4320.0], [82372.5, 15000.0], [82370.0, 50000.0], [82367.5, 92150.0], [82362.5, 4280.0], [82355.0, 1280.0], [82352.5, 4260.0], [82345.0, 7600.0], [82340.0, 4210.0], [82335.0, 3020.0], [82332.5, 2000.0], [82330.0, 4160.0], [82327.5, 14800.0], [82322.5, 24590.0], [82320.0, 4350.0]], "asks": [[82395.0, 29580.0], [82410.0, 1290.0], [82412.5, 2300.0], [82415.0, 4510.0], [82417.5, 7370.0], [82425.0, 120.0], [82437.5, 50000.0], [82440.0, 10000.0], [82442.5, 4250.0], [82465.0, 4250.0], [82472.5, 20.0], [82475.0, 4280.0], [82480.0, 24530.0], [82487.5, 4550.0], [82490.0, 16410.0], [82492.5, 4210.0], [82502.5, 4270.0], [82505.0, 35000.0], [82512.5, 4320.0], [82525.0, 1250.0]]}}}
{"jsonrpc": "2.0", "method": "subscription", "params": {"channel": "book.BTC-14MAR25.none.20.100ms", "data": {"timestamp": 1741775147856, "change_id": 92417576932, "instrument_name": "BTC-14MAR25", "bids": [[82355.0, 5810.0], [82350.0, 1930.0], [82347.5, 5800.0], [82345.0, 7510.0], [82342.5, 8690.0], [82340.0, 16050.0], [82337.5, 1200.0], [82335.0, 450.0], [82332.5, 1200.0], [82330.0, 1020.0], [82327.5, 50000.0], [82325.0, 2870.0], [82322.5, 4590.0], [82317.5, 120.0], [82312.5, 4550.0], [82305.0, 41800.0], [82302.5, 4550.0], [82295.0, 1410.0], [82292.5, 4710.0], [82280.0, 1400.0]], "asks": [[82357.5, 10000.0], [82365.0, 980.0], [82367.5, 2870.0], [82375.0, 2600.0], [82377.5, 4680.0], [82387.5, 58830.0], [82390.0, 30820.0], [82392.5, 4680.0], [82400.0, 4230.0], [82402.5, 4510.0], [82405.0, 26820.0], [82412.5, 11910.0], [82415.0, 39710.0], [82422.5, 440.0], [82425.0, 1450.0], [82442.5, 9350.0], [82445.0, 31150.0], [82455.0, 2480.0], [82457.5, 4510.0], [82460.0, 4320.0]]}}}
{"jsonrpc": "2.0", "method": "subscription", "params": {"channel": "book.BTC-21MAR25.none.20.100ms", "data": {"timestamp": 1741775147868, "change_id": 92417576940, "instrument_name": "BTC-21MAR25", "bids": [[82390.0, 4470.0], [82385.0, 10310.0], [82382.5, 12300.0], [82380.0, 120.0], [82377.5, 1300.0], [82375.0, 4320.0], [82372.5, 15000.0], [82370.0, 50000.0], [82367.5, 3020.0], [82362.5, 4280.0], [82355.0, 1280.0], [82352.5, 4260.0], [82347.5, 2280.0], [82345.0, 7600.0], [82340.0, 4210.0], [82335.0, 3020.0], [82332.5, 2000.0], [82330.0, 4160.0], [82327.5, 14800.0], [82322.5, 24590.0]], "asks": [[82395.0, 29580.0], [82410.0, 1290.0], [82412.5, 2300.0], [82415.0, 4510.0], [82417.5, 7370.0], [82425.0, 120.0], [82435.0, 18000.0], [82437.5, 54320.0], [82440.0, 10000.0], [82465.0, 4250.0], [82472.5, 20.0], [82475.0, 4280.0], [82477.5, 7360.0], [82480.0, 24530.0], [82487.5, 4550.0], [82490.0, 16410.0], [82492.5, 4210.0], [82502.5, 4270.0], [82505.0, 35000.0], [82510.0, 1300.0]]}}}
{"jsonrpc": "2.0", "method": "subscription", "params": {"channel": "book.BTC-14MAR25.none.20.100ms", "data": {"timestamp": 1741775148162, "change_id": 92417577276, "instrument_name": "BTC-14MAR25", "bids": [[82355.0, 1210.0], [82350.0, 1930.0], [82347.5, 5800.0], [82345.0, 7510.0], [82342.5, 8690.0], [82340.0, 16050.0], [82337.5, 1200.0], [82335.0, 450.0], [82332.5, 1200.0], [82330.0, 1020.0], [82327.5, 50000.0], [82325.0, 2870.0], [82322.5, 4590.0], [82317.5, 120.0], [82312.5, 4550.0], [82305.0, 41800.0], [82302.5, 4550.0], [82295.0, 1410.0], [82292.5, 4710.0], [82280.0, 1400.0]], "asks": [[82357.5, 10000.0], [82365.0, 980.0], [82367.5, 2870.0], [82375.0, 2600.0], [82377.5, 4680.0], [82385.0, 23830.0], [82387.5, 50000.0], [82390.0, 30820.0], [82392.5, 4680.0], [82400.0, 4230.0], [82402.5, 4510.0], [82405.0, 26820.0], [82412.5, 11910.0], [82415.0, 39710.0], [82422.5, 440.0], [82425.0, 1450.0], [82442.5, 9350.0], [82445.0, 31150.0], [82455.0, 2480.0], [82457.5, 4510.0]]}}}
{"jsonrpc": "2.0", "method": "subscription", "params": {"channel": "book.BTC-21MAR25.none.20.100ms", "data": {"timestamp": 1741775148138, "change_id": 92417577264, "instrument_name": "BTC-21MAR25", "bids": [[82392.5, 2300.0], [82390.0, 4590.0], [82385.0, 10310.0], [82382.5, 10000.0], [82377.5, 16130.0], [82375.0, 76560.0], [82372.5, 74130.0], [82367.5, 3020.0], [82362.5, 4280.0], [82355.0, 1280.0], [82352.5, 4260.0], [82347.5, 2280.0], [82345.0, 7600.0], [82340.0, 4210.0], [82335.0, 3020.0], [82332.5, 2000.0], [82330.0, 4160.0], [82327.5, 14800.0], [82322.5, 24590.0], [82320.0, 4350.0]], "asks": [[82395.0, 29580.0], [82410.0, 1290.0], [82412.5, 2300.0], [82415.0, 4510.0], [82417.5, 7370.0], [82425.0, 120.0], [82435.0, 18000.0], [82437.5, 54320.0], [82440.0, 10000.0], [82465.0, 4250.0], [82472.5, 20.0], [82475.0, 4280.0], [82477.5, 7360.0], [82480.0, 24530.0], [82487.5, 4550.0], [82490.0, 16410.0], [82492.5, 4210.0], [82502.5, 4270.0], [82505.0, 35000.0], [82510.0, 1300.0]]}}}
{"jsonrpc": "2.0", "method": "subscription", "params": {"channel": "book.BTC-14MAR25.none.20.100ms", "data": {"timestamp": 1741775148430, "change_id": 92417577554, "instrument_name": "BTC-14MAR25", "bids": [[82355.0, 1210.0], [82352.5, 1200.0], [82350.0, 1930.0], [82347.5, 5800.0], [82345.0, 7510.0], [82342.5, 8690.0], [82340.0, 16050.0], [82337.5, 1200.0], [82335.0, 450.0], [82332.5, 1200.0], [82330.0, 1020.0], [82327.5, 50000.0], [82325.0, 2870.0], [82322.5, 4590.0], [82317.5, 120.0], [82312.5, 4550.0], [82305.0, 41800.0], [82302.5, 4550.0], [82295.0, 1410.0], [82292.5, 4710.0]], "asks": [[82357.5, 10000.0], [82365.0, 980.0], [82367.5, 2870.0], [82370.0, 720.0], [82372.5, 1200.0], [82375.0, 2600.0], [82377.5, 4680.0], [82385.0, 23830.0], [82387.5, 50000.0], [82390.0, 30820.0], [82392.5, 4680.0], [82400.0, 4230.0], [82402.5, 4510.0], [82405.0, 26820.0], [82412.5, 11910.0], [82415.0, 39710.0], [82422.5, 440.0], [82425.0, 1450.0], [82442.5, 9350.0], [82445.0, 31150.0]]}}}
{"jsonrpc": "2.0", "method": "subscription", "params": {"channel": "book.BTC-21MAR25.none.20.100ms", "data": {"timestamp": 1741775148476, "change_id": 92417577725, "instrument_name": "BTC-21MAR25", "bids": [[82392.5, 2300.0], [82390.0, 2290.0], [82385.0, 10310.0], [82382.5, 10000.0], [82377.5, 16130.0], [82375.0, 76560.0], [82372.5, 74130.0], [82367.5, 3020.0], [82362.5, 4280.0], [82355.0, 1280.0], [82352.5, 4260.0], [82347.5, 2280.0], [82345.0, 7600.0], [82340.0, 4210.0], [82335.0, 3020.0], [82332.5, 2000.0], [82330.0, 4160.0], [82327.5, 14800.0], [82322.5, 24590.0], [82320.0, 4350.0]], "asks": [[82395.0, 29580.0], [82407.5, 2300.0], [82410.0, 1290.0], [82412.5, 2300.0], [82415.0, 4510.0], [82417.5, 7370.0], [82425.0, 120.0], [82435.0, 18000.0], [82437.5, 54320.0], [82440.0, 10000.0], [82465.0, 4250.0], [82472.5, 20.0], [82475.0, 4280.0], [82477.5, 7360.0], [82480.0, 24530.0], [82487.5, 4550.0], [82490.0, 16410.0], [82492.5, 4210.0], [82502.5, 4270.0], [82505.0, 35000.0]]}}}
{"jsonrpc": "2.0", "method": "subscription", "params": {"channel": "book.BTC-14MAR25.none.20.100ms", "data": {"timestamp": 1741775148885, "change_id": 92417578380, "instrument_name": "BTC-14MAR25", "bids": [[82355.0, 1210.0], [82352.5, 1200.0], [82350.0, 1930.0], [82347.5, 5800.0], [82345.0, 7510.0], [82342.5, 8690.0], [82340.0, 16050.0], [82337.5, 1200.0], [82335.0, 450.0], [82332.5, 1200.0], [82330.0, 1020.0], [82327.5, 50000.0], [82325.0, 2870.0], [82322.5, 4590.0], [82317.5, 120.0], [82312.5, 4550.0], [82305.0, 41800.0], [82302.5, 4550.0], [82295.0, 1410.0], [82292.5, 4710.0]], "asks": [[82357.5, 10000.0], [82365.0, 980.0], [82367.5, 2870.0], [82370.0, 720.0], [82372.5, 1200.0], [82375.0, 2600.0], [82377.5, 4680.0], [82385.0, 23830.0], [82387.5, 50000.0], [82390.0, 30820.0], [82392.5, 4680.0], [82400.0, 4230.0], [82402.5, 4510.0], [82405.0, 26820.0], [82412.5, 11910.0], [82415.0, 39710.0], [82422.5, 440.0], [82425.0, 1450.0], [82442.5, 9350.0], [82445.0, 31150.0]]}}}
{"jsonrpc": "2.0", "method": "subscription", "params": {"channel": "book.BTC-21MAR25.none.20.100ms", "data": {"timestamp": 1741775148669, "change_id": 92417577980, "instrument_name": "BTC-21MAR25", "bids": [[82392.5, 2300.0], [82390.0, 2290.0], [82385.0, 10310.0], [82382.5, 10000.0], [82377.5, 16130.0], [82375.0, 76560.0], [82372.5, 74130.0], [82367.5, 3020.0], [82365.0, 1280.0], [82362.5, 4280.0], [82355.0, 1280.0], [82352.5, 4260.0], [82347.5, 2280.0], [82345.0, 7600.0], [82340.0, 4210.0], [82335.0, 3020.0], [82332.5, 2000.0], [82330.0, 4160.0], [82327.5, 14800.0], [82325.0, 8680.0]], "asks": [[82395.0, 29580.0], [82407.5, 2300.0], [82410.0, 1290.0], [82412.5, 2300.0], [82415.0, 4510.0], [82417.5, 7370.0], [82425.0, 120.0], [82435.0, 18000.0], [82437.5, 54320.0], [82440.0, 10000.0], [82462.5, 1280.0], [82465.0, 4250.0], [82472.5, 20.0], [82475.0, 4280.0], [82477.5, 7360.0], [82480.0, 24530.0], [82487.5, 4550.0], [82490.0, 16410.0], [82492.5, 4210.0], [82502.5, 14770.0]]}}}
{"jsonrpc": "2.0", "method": "subscription", "params": {"channel": "book.BTC-14MAR25.none.20.100ms", "data": {"timestamp": 1741775149051, "change_id": 92417578591, "instrument_name": "BTC-14MAR25", "bids": [[82355.0, 1210.0], [82352.5, 1200.0], [82350.0, 1930.0], [82347.5, 5800.0], [82345.0, 7510.0], [82342.5, 8690.0], [82340.0, 16050.0], [82337.5, 1200.0], [82335.0, 450.0], [82332.5, 1200.0], [82330.0, 1020.0], [82327.5, 50000.0], [82325.0, 2870.0], [82322.5, 4590.0], [82317.5, 120.0], [82312.5, 4550.0], [82305.0, 41800.0], [82302.5, 4550.0], [82295.0, 1410.0], [82292.5, 4710.0]], "asks": [[82357.5, 10000.0], [82365.0, 980.0], [82367.5, 2870.0], [82370.0, 720.0], [82372.5, 1200.0], [82375.0, 2600.0], [82377.5, 4680.0], [82385.0, 23830.0], [82387.5, 50000.0], [82390.0, 30820.0], [82392.5, 4680.0], [82400.0, 4230.0], [82402.5, 4510.0], [82405.0, 26820.0], [82412.5, 11910.0], [82415.0, 39710.0], [82422.5, 440.0], [82425.0, 1450.0], [82442.5, 9350.0], [82445.0, 31150.0]]}}}
{"jsonrpc": "2.0", "method": "subscription", "params": {"channel": "book.BTC-14MAR25.none.20.100ms", "data": {"timestamp": 1741775149517, "change_id": 92417579307, "instrument_name": "BTC-14MAR25", "bids": [[82355.0, 10.0], [82352.5, 1200.0], [82350.0, 3130.0], [82347.5, 5800.0], [82345.0, 7510.0], [82342.5, 8690.0], [82340.0, 16050.0], [82337.5, 1200.0], [82335.0, 450.0], [82332.5, 1200.0], [82330.0, 16070.0], [82327.5, 50120.0], [82325.0, 2870.0], [82322.5, 4590.0], [82312.5, 4550.0], [82305.0, 41800.0], [82302.5, 4550.0], [82295.0, 1410.0], [82292.5, 4710.0], [82290.0, 650.0]], "asks": [[82357.5, 10000.0], [82365.0, 120.0], [82367.5, 2870.0], [82370.0, 720.0], [82372.5, 1200.0], [82375.0, 2590.0], [82377.5, 4620.0], [82385.0, 23830.0], [82387.5, 50000.0], [82390.0, 30820.0], [82392.5, 4680.0], [82400.0, 4230.0], [82402.5, 4510.0], [82405.0, 2020.0], [82407.5, 650.0], [82412.5, 11910.0], [82415.0, 39710.0], [82422.5, 23870.0], [82425.0, 1450.0], [82442.5, 9350.0]]}}}
{"jsonrpc": "2.0", "method": "subscription", "params": {"channel": "book.BTC-21MAR25.none.20.100ms", "data": {"timestamp": 1741775149519, "change_id": 92417579316, "instrument_name": "BTC-21MAR25", "bids": [[82392.5, 2300.0], [82390.0, 1500.0], [82387.5, 2300.0], [82385.0, 5990.0], [82382.5, 10000.0], [82377.5, 16130.0], [82375.0, 76560.0], [82372.5, 74130.0], [82367.5, 3020.0], [82365.0, 1280.0], [82362.5, 4280.0], [82355.0, 1280.0], [82352.5, 4260.0], [82347.5, 2280.0], [82345.0, 7600.0], [82340.0, 4210.0], [82335.0, 3020.0], [82332.5, 2000.0], [82330.0, 4160.0], [82327.5, 14800.0]], "asks": [[82395.0, 29580.0], [82405.0, 4320.0], [82410.0, 1290.0], [82412.5, 2300.0], [82415.0, 4510.0], [82417.5, 7370.0], [82425.0, 120.0], [82435.0, 18000.0], [82437.5, 54320.0], [82440.0, 10000.0], [82462.5, 1280.0], [82465.0, 4250.0], [82472.5, 20.0], [82475.0, 4280.0], [82487.5, 4550.0], [82490.0, 16410.0], [82492.5, 4210.0], [82497.5, 23920.0], [82502.5, 14770.0], [82505.0, 35000.0]]}}}
{"jsonrpc": "2.0", "method": "subscription", "params": {"channel": "book.BTC-14MAR25.none.20.100ms", "data": {"timestamp": 1741775149674, "change_id": 92417579586, "instrument_name": "BTC-14MAR25", "bids": [[82355.0, 10.0], [82352.5, 1200.0], [82350.0, 3130.0], [82347.5, 5800.0], [82345.0, 7510.0], [82342.5, 8690.0], [82340.0, 16050.0], [82337.5, 1200.0], [82335.0, 450.0], [82332.5, 1200.0], [82330.0, 16070.0], [82327.5, 50120.0], [82325.0, 2870.0], [82322.5, 4590.0], [82312.5, 4550.0], [82305.0, 41800.0], [82302.5, 4550.0], [82295.0, 1410.0], [82292.5, 4710.0], [82290.0, 650.0]], "asks": [[82357.5, 10000.0], [82365.0, 980.0], [82367.5, 2870.0], [82370.0, 720.0], [82372.5, 1200.0], [82375.0, 2590.0], [82377.5, 4620.0], [82385.0, 23830.0], [82387.5, 50000.0], [82390.0, 30820.0], [82392.5, 4680.0], [82400.0, 4230.0], [82402.5, 4510.0], [82405.0, 2020.0], [82407.5, 650.0], [82412.5, 11910.0], [82415.0, 39710.0], [82422.5, 23870.0], [82425.0, 1450.0], [82442.5, 9350.0]]}}}
{"jsonrpc": "2.0", "method": "subscription", "params": {"channel": "book.BTC-21MAR25.none.20.100ms", "data": {"timestamp": 1741775149676, "change_id": 92417579590, "instrument_name": "BTC-21MAR25", "bids": [[82392.5, 2300.0], [82390.0, 1500.0], [82387.5, 2300.0], [82385.0, 5990.0], [82382.5, 10000.0], [82377.5, 16130.0], [82375.0, 76560.0], [82372.5, 74130.0], [82370.0, 910.0], [82367.5, 3020.0], [82365.0, 1280.0], [82362.5, 4280.0], [82355.0, 1280.0], [82352.5, 4260.0], [82347.5, 2280.0], [82345.0, 7600.0], [82340.0, 4210.0], [82335.0, 3020.0], [82332.5, 2000.0], [82330.0, 8600.0]], "asks": [[82395.0, 29580.0], [82410.0, 1290.0], [82412.5, 2300.0], [82415.0, 4510.0], [82417.5, 7370.0], [82425.0, 120.0], [82435.0, 18000.0], [82437.5, 54320.0], [82440.0, 10000.0], [82462.5, 1280.0], [82465.0, 4250.0], [82472.5, 1300.0], [82475.0, 4280.0], [82487.5, 4550.0], [82490.0, 16410.0], [82492.5, 4210.0], [82497.5, 23920.0], [82502.5, 14770.0], [82505.0, 35000.0], [82510.0, 1300.0]]}}}
{"jsonrpc": "2.0", "method": "subscription", "params": {"channel": "book.BTC-14MAR25.none.20.100ms", "data": {"timestamp": 1741775150014, "change_id": 92417580223, "instrument_name": "BTC-14MAR25", "bids": [[82355.0, 10.0], [82352.5, 1200.0], [82350.0, 3130.0], [82347.5, 5800.0], [82345.0, 7510.0], [82342.5, 8690.0], [82340.0, 16050.0], [82337.5, 1200.0], [82335.0, 450.0], [82332.5, 1200.0], [82330.0, 16070.0], [82327.5, 50120.0], [82325.0, 2870.0], [82322.5, 4590.0], [82312.5, 4550.0], [82305.0, 41800.0], [82302.5, 4550.0], [82295.0, 1410.0], [82292.5, 4710.0], [82290.0, 650.0]], "asks": [[82357.5, 10000.0], [82365.0, 980.0], [82367.5, 2870.0], [82370.0, 720.0], [82372.5, 1200.0], [82375.0, 2590.0], [82377.5, 4620.0], [82385.0, 23830.0], [82387.5, 50000.0], [82390.0, 30820.0], [82392.5, 4680.0], [82400.0, 4230.0], [82402.5, 4510.0], [82405.0, 2020.0], [82407.5, 650.0], [82412.5, 11910.0], [82415.0, 39710.0], [82422.5, 23870.0], [82425.0, 1450.0], [82442.5, 9350.0]]}}}
{"jsonrpc": "2.0", "method": "subscription", "params": {"channel": "book.BTC-21MAR25.none.20.100ms", "data": {"timestamp": 1741775150166, "change_id": 92417580377, "instrument_name": "BTC-21MAR25", "bids": [[82392.5, 2300.0], [82390.0, 810.0], [82387.5, 2300.0], [82385.0, 3690.0], [82382.5, 10000.0], [82377.5, 16130.0], [82375.0, 76560.0], [82372.5, 74130.0], [82370.0, 910.0], [82367.5, 3020.0], [82365.0, 1280.0], [82362.5, 4280.0], [82355.0, 1280.0], [82352.5, 4260.0], [82347.5, 2280.0], [82345.0, 7600.0], [82340.0, 4210.0], [82335.0, 3020.0], [82332.5, 2000.0], [82330.0, 8600.0]], "asks": [[82395.0, 29580.0], [82405.0, 4320.0], [82410.0, 1290.0], [82412.5, 2300.0], [82415.0, 4510.0], [82417.5, 7370.0], [82425.0, 120.0], [82435.0, 18000.0], [82437.5, 54320.0], [82440.0, 10000.0], [82462.5, 1280.0], [82465.0, 4250.0], [82472.5, 1300.0], [82475.0, 4280.0], [82487.5, 4550.0], [82490.0, 16410.0], [82492.5, 4210.0], [82497.5, 23920.0], [82502.5, 14770.0], [82505.0, 35000.0]]}}}
{"jsonrpc": "2.0", "method": "subscription", "params": {"channel": "book.BTC-14MAR25.none.20.100ms", "data": {"timestamp": 1741775150510, "change_id": 92417580904, "instrument_name": "BTC-14MAR25", "bids": [[82352.5, 1200.0], [82350.0, 3130.0], [82347.5, 5800.0], [82345.0, 7510.0], [82342.5, 8690.0], [82340.0, 30040.0], [82337.5, 1200.0], [82335.0, 50450.0], [82332.5, 1200.0], [82330.0, 1020.0], [82327.5, 120.0], [82325.0, 2870.0], [82322.5, 4590.0], [82312.5, 4550.0], [82307.5, 12130.0], [82305.0, 41800.0], [82302.5, 4550.0], [82295.0, 1410.0], [82292.5, 4710.0], [82290.0, 650.0]], "asks": [[82357.5, 11210.0], [82365.0, 980.0], [82367.5, 2870.0], [82370.0, 720.0], [82372.5, 1200.0], [82375.0, 2590.0], [82377.5, 4620.0], [82385.0, 23830.0], [82387.5, 50000.0], [82390.0, 30820.0], [82392.5, 4680.0], [82397.5, 860.0], [82400.0, 4230.0], [82402.5, 4510.0], [82405.0, 2020.0], [82407.5, 650.0], [82412.5, 11910.0], [82415.0, 39710.0], [82422.5, 23870.0], [82425.0, 1450.0]]}}}
{"jsonrpc": "2.0", "method": "subscription", "params": {"channel": "book.BTC-21MAR25.none.20.100ms", "data": {"timestamp": 1741775150458, "change_id": 92417580753, "instrument_name": "BTC-21MAR25", "bids": [[82390.0, 3110.0], [82387.5, 2300.0], [82385.0, 3690.0], [82382.5, 10000.0], [82377.5, 16130.0], [82375.0, 76560.0], [82372.5, 74130.0], [82370.0, 910.0], [82367.5, 3020.0], [82365.0, 1280.0], [82362.5, 4280.0], [82355.0, 1280.0], [82352.5, 4260.0], [82347.5, 2280.0], [82345.0, 7600.0], [82340.0, 4210.0], [82335.0, 3020.0], [82332.5, 2000.0], [82330.0, 8600.0], [82327.5, 14800.0]], "asks": [[82395.0, 31880.0], [82405.0, 5010.0], [82407.5, 2300.0], [82410.0, 1290.0], [82412.5, 2300.0], [82415.0, 4510.0], [82417.5, 7370.0], [82420.0, 15040.0], [82422.5, 50000.0], [82425.0, 120.0], [82427.5, 4320.0], [82435.0, 4300.0], [82437.5, 4320.0], [82440.0, 10000.0], [82462.5, 1280.0], [82465.0, 4250.0], [82472.5, 1300.0], [82475.0, 4280.0], [82487.5, 4550.0], [82490.0, 16410.0]]}}}
{"jsonrpc": "2.0", "method": "subscription", "params": {"channel": "book.BTC-14MAR25.none.20.100ms", "data": {"timestamp": 1741775150816, "change_id": 92417581245, "instrument_name": "BTC-14MAR25", "bids": [[82355.0, 10.0], [82352.5, 1200.0], [82350.0, 3130.0], [82347.5, 5800.0], [82345.0, 7510.0], [82342.5, 8690.0], [82340.0, 30040.0], [82337.5, 1200.0], [82335.0, 50450.0], [82332.5, 1200.0], [82330.0, 1020.0], [82327.5, 120.0], [82325.0, 2870.0], [82312.5, 4550.0], [82307.5, 12130.0], [82305.0, 41800.0], [82302.5, 4550.0], [82295.0, 1410.0], [82292.5, 4710.0], [82290.0, 650.0]], "asks": [[82357.5, 11200.0], [82365.0, 980.0], [82367.5, 2870.0], [82370.0, 720.0], [82372.5, 1200.0], [82375.0, 2590.0], [82377.5, 4620.0], [82385.0, 23830.0], [82387.5, 50000.0], [82390.0, 30820.0], [82392.5, 4680.0], [82397.5, 860.0], [82400.0, 4230.0], [82402.5, 4510.0], [82405.0, 2020.0], [82407.5, 650.0], [82412.5, 11910.0], [82415.0, 39710.0], [82422.5, 23870.0], [82425.0, 1450.0]]}}}
{"jsonrpc": "2.0", "method": "subscription", "params": {"channel": "book.BTC-21MAR25.none.20.100ms", "data": {"timestamp": 1741775150731, "change_id": 92417581113, "instrument_name": "BTC-21MAR25", "bids": [[82390.0, 2420.0], [82385.0, 3690.0], [82382.5, 10000.0], [82377.5, 16130.0], [82375.0, 76560.0], [82372.5, 74130.0], [82370.0, 910.0], [82367.5, 3020.0], [82365.0, 1280.0], [82362.5, 4280.0], [82355.0, 1280.0], [82352.5, 4260.0], [82347.5, 2280.0], [82345.0, 7600.0], [82340.0, 4210.0], [82335.0, 4870.0], [82332.5, 2000.0], [82330.0, 8600.0], [82327.5, 14800.0], [82325.0, 8680.0]], "asks": [[82395.0, 31880.0], [82405.0, 5010.0], [82407.5, 2300.0], [82410.0, 1290.0], [82412.5, 2300.0], [82415.0, 4510.0], [82417.5, 7370.0], [82420.0, 15040.0], [82422.5, 50000.0], [82425.0, 120.0], [82427.5, 4320.0], [82435.0, 4300.0], [82437.5, 4320.0], [82440.0, 10000.0], [82462.5, 1280.0], [82465.0, 4250.0], [82472.5, 1300.0], [82475.0, 4280.0], [82487.5, 4550.0], [82490.0, 16410.0]]}}}
{"jsonrpc": "2.0", "method": "subscription", "params": {"channel": "book.BTC-14MAR25.none.20.100ms", "data": {"timestamp": 1741775151047, "change_id": 92417581541, "instrument_name": "BTC-14MAR25", "bids": [[82355.0, 4610.0], [82352.5, 1200.0], [82350.0, 3130.0], [82347.5, 5800.0], [82345.0, 7510.0], [82342.5, 8690.0], [82340.0, 30040.0], [82337.5, 1200.0], [82335.0, 50450.0], [82332.5, 1200.0], [82330.0, 1020.0], [82327.5, 120.0], [82325.0, 2870.0], [82312.5, 4550.0], [82307.5, 12130.0], [82305.0, 41800.0], [82302.5, 4550.0], [82295.0, 1410.0], [82292.5, 4710.0], [82290.0, 650.0]], "asks": [[82357.5, 11200.0], [82365.0, 980.0], [82367.5, 2870.0], [82370.0, 720.0], [82372.5, 1200.0], [82375.0, 2590.0], [82377.5, 4620.0], [82385.0, 23830.0], [82387.5, 50000.0], [82390.0, 30820.0], [82392.5, 4680.0], [82397.5, 860.0], [82400.0, 4230.0], [82402.5, 4510.0], [82405.0, 2020.0], [82407.5, 650.0], [82412.5, 11910.0], [82415.0, 39710.0], [82422.5, 23870.0], [82425.0, 1450.0]]}}}
{"jsonrpc": "2.0", "method": "subscription", "params": {"channel": "book.BTC-21MAR25.none.20.100ms", "data": {"timestamp": 1741775151114, "change_id": 92417581598, "instrument_name": "BTC-21MAR25", "bids": [[82390.0, 120.0], [82385.0, 3690.0], [82382.5, 10000.0], [82377.5, 16130.0], [82375.0, 76560.0], [82372.5, 74130.0], [82370.0, 910.0], [82367.5, 3020.0], [82365.0, 1280.0], [82362.5, 4280.0], [82357.5, 7600.0], [82355.0, 1280.0], [82352.5, 4260.0], [82340.0, 4210.0], [82337.5, 14800.0], [82335.0, 4870.0], [82332.5, 2000.0], [82330.0, 4160.0], [82325.0, 8680.0], [82322.5, 24590.0]], "asks": [[82395.0, 31880.0], [82405.0, 5010.0], [82407.5, 2300.0], [82410.0, 1290.0], [82412.5, 2300.0], [82415.0, 4510.0], [82417.5, 7370.0], [82420.0, 15040.0], [82422.5, 50000.0], [82425.0, 120.0], [82427.5, 4320.0], [82435.0, 4300.0], [82437.5, 4320.0], [82440.0, 10000.0], [82462.5, 1280.0], [82465.0, 4250.0], [82472.5, 1300.0], [82475.0, 4280.0], [82487.5, 4550.0], [82490.0, 16410.0]]}}}
{"jsonrpc": "2.0", "method": "subscription", "params": {"channel": "book.BTC-14MAR25.none.20.100ms", "data": {"timestamp": 1741775151401, "change_id": 92417581857, "instrument_name": "BTC-14MAR25", "bids": [[82355.0, 5810.0], [82352.5, 1200.0], [82350.0, 3130.0], [82347.5, 5800.0], [82345.0, 8010.0], [82342.5, 23520.0], [82340.0, 15210.0], [82337.5, 1200.0], [82335.0, 50450.0], [82332.5, 1200.0], [82330.0, 1020.0], [82327.5, 120.0], [82325.0, 2870.0], [82315.0, 1370.0], [82312.5, 4550.0], [82310.0, 30430.0], [82305.0, 11370.0], [82302.5, 4550.0], [82295.0, 1410.0], [82292.5, 4710.0]], "asks": [[82357.5, 10000.0], [82362.5, 400.0], [82365.0, 2180.0], [82367.5, 2870.0], [82370.0, 720.0], [82372.5, 1200.0], [82375.0, 2590.0], [82377.5, 4620.0], [82390.0, 1400.0], [82392.5, 4680.0], [82397.5, 860.0], [82400.0, 54230.0], [82402.5, 4510.0], [82405.0, 2020.0], [82407.5, 650.0], [82410.0, 29420.0], [82412.5, 11910.0], [82415.0, 39710.0], [82420.0, 7460.0], [82422.5, 23430.0]]}}}
{"jsonrpc": "2.0", "method": "subscription", "params": {"channel": "book.BTC-21MAR25.none.20.100ms", "data": {"timestamp": 1741775151427, "change_id": 92417581867, "instrument_name": "BTC-21MAR25", "bids": [[82390.0, 2420.0], [82385.0, 3690.0], [82382.5, 10000.0], [82377.5, 16130.0], [82375.0, 76560.0], [82372.5, 74130.0], [82370.0, 910.0], [82367.5, 3020.0], [82365.0, 1280.0], [82362.5, 4280.0], [82357.5, 7600.0], [82355.0, 1280.0], [82352.5, 4260.0], [82340.0, 4210.0], [82337.5, 14800.0], [82335.0, 4870.0], [82332.5, 2000.0], [82330.0, 4160.0], [82325.0, 8680.0], [82322.5, 24590.0]], "asks": [[82395.0, 29580.0], [82405.0, 690.0], [82407.5, 2300.0], [82410.0, 1290.0], [82412.5, 2300.0], [82415.0, 4510.0], [82417.5, 9670.0], [82420.0, 15040.0], [82422.5, 50000.0], [82425.0, 120.0], [82427.5, 4320.0], [82435.0, 4300.0], [82437.5, 4320.0], [82440.0, 10000.0], [82462.5, 1280.0], [82465.0, 4250.0], [82472.5, 1300.0], [82475.0, 4280.0], [82487.5, 4550.0], [82490.0, 16410.0]]}}}
{"jsonrpc": "2.0", "method": "subscription", "params": {"channel": "book.BTC-14MAR25.none.20.100ms", "data": {"timestamp": 1741775151743, "change_id": 92417582371, "instrument_name": "BTC-14MAR25", "bids": [[82355.0, 1210.0], [82352.5, 1200.0], [82350.0, 3130.0], [82347.5, 5800.0], [82345.0, 8010.0], [82342.5, 23520.0], [82340.0, 15210.0], [82337.5, 1200.0], [82335.0, 50450.0], [82332.5, 1200.0], [82330.0, 1020.0], [82327.5, 120.0], [82325.0, 2870.0], [82315.0, 1370.0], [82312.5, 4550.0], [82310.0, 30430.0], [82305.0, 11370.0], [82302.5, 4550.0], [82295.0, 1410.0], [82292.5, 4710.0]], "asks": [[82357.5, 10000.0], [82362.5, 400.0], [82365.0, 2180.0], [82367.5, 2870.0], [82370.0, 720.0], [82372.5, 1200.0], [82375.0, 2590.0], [82377.5, 4620.0], [82390.0, 1400.0], [82392.5, 4680.0], [82397.5, 860.0], [82400.0, 54230.0], [82402.5, 4510.0], [82405.0, 2020.0], [82407.5, 650.0], [82410.0, 29420.0], [82412.5, 11910.0], [82415.0, 39710.0], [82420.0, 7460.0], [82422.5, 23430.0]]}}}
{"jsonrpc": "2.0", "method": "subscription", "params": {"channel": "book.BTC-21MAR25.none.20.100ms", "data": {"timestamp": 1741775151678, "change_id": 92417582207, "instrument_name": "BTC-21MAR25", "bids": [[82390.0, 2420.0], [82385.0, 3690.0], [82382.5, 10000.0], [82377.5, 16130.0], [82375.0, 76560.0], [82372.5, 74130.0], [82370.0, 910.0], [82367.5, 3020.0], [82365.0, 1280.0], [82362.5, 4280.0], [82357.5, 7600.0], [82355.0, 1280.0], [82352.5, 4260.0], [82340.0, 4210.0], [82337.5, 14800.0], [82335.0, 4870.0], [82332.5, 2000.0], [82330.0, 4160.0], [82325.0, 8680.0], [82322.5, 24590.0]], "asks": [[82395.0, 29580.0], [82407.5, 2300.0], [82410.0, 1290.0], [82412.5, 2300.0], [82415.0, 4510.0], [82417.5, 9670.0], [82420.0, 15040.0], [82422.5, 50000.0], [82425.0, 120.0], [82427.5, 4320.0], [82435.0, 4300.0], [82437.5, 4320.0], [82440.0, 10000.0], [82462.5, 1280.0], [82465.0, 4250.0], [82472.5, 1300.0], [82475.0, 4280.0], [82487.5, 4550.0], [82490.0, 16410.0], [82492.5, 4210.0]]}}}
{"jsonrpc": "2.0", "method": "subscription", "params": {"channel": "book.BTC-14MAR25.none.20.100ms", "data": {"timestamp": 1741775152184, "change_id": 92417582901, "instrument_name": "BTC-14MAR25", "bids": [[82355.0, 1210.0], [82352.5, 1200.0], [82350.0, 3130.0], [82347.5, 5800.0], [82345.0, 8010.0], [82342.5, 23520.0], [82340.0, 15210.0], [82337.5, 1200.0], [82335.0, 50450.0], [82332.5, 1200.0], [82330.0, 1020.0], [82327.5, 120.0], [82325.0, 2870.0], [82315.0, 1370.0], [82312.5, 4550.0], [82310.0, 30430.0], [82305.0, 11370.0], [82302.5, 4550.0], [82295.0, 1410.0], [82292.5, 4710.0]], "asks": [[82357.5, 10000.0], [82362.5, 400.0], [82365.0, 2180.0], [82367.5, 2870.0], [82370.0, 720.0], [82372.5, 1200.0], [82375.0, 2590.0], [82377.5, 4620.0], [82390.0, 1400.0], [82392.5, 4680.0], [82397.5, 860.0], [82400.0, 54230.0], [82402.5, 4510.0], [82405.0, 2020.0], [82407.5, 650.0], [82410.0, 29420.0], [82412.5, 11910.0], [82415.0, 39710.0], [82425.0, 1450.0], [82442.5, 9350.0]]}}}
{"jsonrpc": "2.0", "method": "subscription", "params": {"channel": "book.BTC-21MAR25.none.20.100ms", "data": {"timestamp": 1741775152188, "change_id": 92417582916, "instrument_name": "BTC-21MAR25", "bids": [[82390.0, 2420.0], [82385.0, 3690.0], [82382.5, 10000.0], [82377.5, 16130.0], [82375.0, 76560.0], [82372.5, 74130.0], [82370.0, 910.0], [82367.5, 3020.0], [82365.0, 1280.0], [82362.5, 4280.0], [82360.0, 2280.0], [82357.5, 7600.0], [82355.0, 1280.0], [82352.5, 4260.0], [82340.0, 4210.0], [82337.5, 14800.0], [82335.0, 4870.0], [82332.5, 2000.0], [82330.0, 4160.0], [82325.0, 8680.0]], "asks": [[82395.0, 29580.0], [82405.0, 690.0], [82407.5, 2300.0], [82410.0, 1290.0], [82412.5, 2300.0], [82415.0, 4510.0], [82417.5, 9670.0], [82420.0, 15040.0], [82422.5, 50000.0], [82425.0, 1420.0], [82427.5, 4320.0], [82435.0, 4300.0], [82437.5, 4320.0], [82440.0, 10000.0], [82462.5, 1280.0], [82465.0, 4250.0], [82472.5, 1300.0], [82475.0, 4280.0], [82487.5, 4550.0], [82490.0, 16410.0]]}}}
{"jsonrpc": "2.0", "method": "subscription", "params": {"channel": "book.BTC-14MAR25.none.20.100ms", "data": {"timestamp": 1741775152512, "change_id": 92417583392, "instrument_name": "BTC-14MAR25", "bids": [[82355.0, 1210.0], [82352.5, 5800.0], [82350.0, 3130.0], [82347.5, 5800.0], [82345.0, 8010.0], [82342.5, 23520.0], [82340.0, 15210.0], [82337.5, 1200.0], [82335.0, 50450.0], [82332.5, 1200.0], [82330.0, 1020.0], [82327.5, 120.0], [82325.0, 2870.0], [82315.0, 10320.0], [82312.5, 4550.0], [82310.0, 30430.0], [82305.0, 11370.0], [82302.5, 4550.0], [82295.0, 1410.0], [82292.5, 4710.0]], "asks": [[82357.5, 10000.0], [82362.5, 400.0], [82365.0, 2180.0], [82367.5, 4070.0], [82370.0, 720.0], [82372.5, 1200.0], [82375.0, 2590.0], [82377.5, 4620.0], [82390.0, 1400.0], [82392.5, 54680.0], [82397.5, 860.0], [82400.0, 28070.0], [82402.5, 4510.0], [82405.0, 2020.0], [82407.5, 650.0], [82410.0, 29420.0], [82412.5, 11910.0], [82415.0, 39710.0], [82425.0, 1450.0], [82435.0, 5710.0]]}}}
{"jsonrpc": "2.0", "method": "subscription", "params": {"channel": "book.BTC-21MAR25.none.20.100ms", "data": {"timestamp": 1741775152474, "change_id": 92417583235, "instrument_name": "BTC-21MAR25", "bids": [[82390.0, 2420.0], [82385.0, 3690.0], [82382.5, 10000.0], [82377.5, 16130.0], [82375.0, 76560.0], [82372.5, 74130.0], [82370.0, 910.0], [82367.5, 3020.0], [82365.0, 1280.0], [82362.5, 4280.0], [82360.0, 2280.0], [82357.5, 7600.0], [82355.0, 1280.0], [82352.5, 4260.0], [82340.0, 4210.0], [82337.5, 14800.0], [82335.0, 4870.0], [82332.5, 2000.0], [82330.0, 4160.0], [82325.0, 8680.0]], "asks": [[82395.0, 29580.0], [82405.0, 690.0], [82407.5, 2300.0], [82410.0, 1290.0], [82412.5, 2300.0], [82415.0, 4510.0], [82417.5, 9670.0], [82420.0, 15040.0], [82422.5, 50000.0], [82425.0, 1420.0], [82427.5, 4320.0], [82435.0, 4300.0], [82437.5, 4320.0], [82440.0, 10000.0], [82447.5, 4320.0], [82465.0, 4250.0], [82472.5, 1300.0], [82475.0, 27910.0], [82487.5, 4550.0], [82490.0, 16410.0]]}}}
{"jsonrpc": "2.0", "method": "subscription", "params": {"channel": "book.BTC-14MAR25.none.20.100ms", "data": {"timestamp": 1741775152800, "change_id": 92417583701, "instrument_name": "BTC-14MAR25", "bids": [[82355.0, 1210.0], [82352.5, 5800.0], [82350.0, 3130.0], [82347.5, 5800.0], [82345.0, 8010.0], [82342.5, 23520.0], [82340.0, 15210.0], [82337.5, 1200.0], [82335.0, 50450.0], [82332.5, 1200.0], [82330.0, 1020.0], [82327.5, 120.0], [82325.0, 2870.0], [82315.0, 10320.0], [82312.5, 4550.0], [82310.0, 30430.0], [82305.0, 11370.0], [82302.5, 4550.0], [82295.0, 1410.0], [82292.5, 4710.0]], "asks": [[82357.5, 10000.0], [82362.5, 400.0], [82365.0, 2180.0], [82367.5, 4070.0], [82370.0, 720.0], [82372.5, 1200.0], [82375.0, 2590.0], [82377.5, 4620.0], [82390.0, 1400.0], [82392.5, 54680.0], [82397.5, 860.0], [82400.0, 28070.0], [82402.5, 4510.0], [82405.0, 2020.0], [82407.5, 650.0], [82410.0, 29420.0], [82412.5, 11910.0], [82415.0, 39710.0], [82425.0, 1450.0], [82435.0, 5710.0]]}}}
{"jsonrpc": "2.0", "method": "subscription", "params": {"channel": "book.BTC-21MAR25.none.20.100ms", "data": {"timestamp": 1741775152535, "change_id": 92417583406, "instrument_name": "BTC-21MAR25", "bids": [[82390.0, 2420.0], [82385.0, 3690.0], [82382.5, 10000.0], [82377.5, 16130.0], [82375.0, 76560.0], [82372.5, 74130.0], [82370.0, 910.0], [82367.5, 3020.0], [82365.0, 1280.0], [82362.5, 4280.0], [82360.0, 2280.0], [82357.5, 7600.0], [82355.0, 1280.0], [82352.5, 4260.0], [82340.0, 4210.0], [82337.5, 14800.0], [82335.0, 4870.0], [82332.5, 2000.0], [82330.0, 4160.0], [82325.0, 8680.0]], "asks": [[82395.0, 29580.0], [82405.0, 690.0], [82407.5, 2300.0], [82410.0, 1290.0], [82412.5, 2300.0], [82415.0, 4510.0], [82417.5, 9670.0], [82420.0, 15040.0], [82422.5, 50000.0], [82425.0, 1300.0], [82427.5, 4320.0], [82435.0, 4300.0], [82437.5, 4440.0], [82440.0, 10000.0], [82447.5, 4320.0], [82465.0, 4250.0], [82472.5, 1300.0], [82475.0, 27910.0], [82487.5, 4550.0], [82490.0, 16410.0]]}}}
{"jsonrpc": "2.0", "method": "subscription", "params": {"channel": "book.BTC-14MAR25.none.20.100ms", "data": {"timestamp": 1741775153035, "change_id": 92417583971, "instrument_name": "BTC-14MAR25", "bids": [[82355.0, 1210.0], [82352.5, 1200.0], [82350.0, 3130.0], [82347.5, 5800.0], [82345.0, 8010.0], [82342.5, 23520.0], [82340.0, 15210.0], [82337.5, 1200.0], [82335.0, 50450.0], [82332.5, 1200.0], [82330.0, 1020.0], [82327.5, 120.0], [82325.0, 2870.0], [82315.0, 10320.0], [82312.5, 4550.0], [82310.0, 30430.0], [82305.0, 11370.0], [82302.5, 4550.0], [82295.0, 1410.0], [82292.5, 4710.0]], "asks": [[82357.5, 10000.0], [82362.5, 400.0], [82365.0, 2180.0], [82367.5, 4070.0], [82370.0, 720.0], [82372.5, 1200.0], [82375.0, 2590.0], [82377.5, 4620.0], [82390.0, 1400.0], [82392.5, 54680.0], [82397.5, 860.0], [82400.0, 28070.0], [82402.5, 4510.0], [82405.0, 2020.0], [82407.5, 650.0], [82410.0, 29420.0], [82412.5, 11910.0], [82415.0, 39710.0], [82425.0, 1450.0], [82435.0, 5710.0]]}}}
{"jsonrpc": "2.0", "method": "subscription", "params": {"channel": "book.BTC-21MAR25.none.20.100ms", "data": {"timestamp": 1741775152980, "change_id": 92417583780, "instrument_name": "BTC-21MAR25", "bids": [[82390.0, 120.0], [82385.0, 3690.0], [82382.5, 10000.0], [82377.5, 16130.0], [82375.0, 76560.0], [82372.5, 74130.0], [82370.0, 910.0], [82367.5, 3020.0], [82365.0, 1280.0], [82362.5, 4280.0], [82360.0, 2280.0], [82357.5, 7600.0], [82355.0, 1280.0], [82352.5, 4260.0], [82340.0, 4210.0], [82337.5, 14800.0], [82335.0, 4870.0], [82332.5, 2000.0], [82330.0, 4160.0], [82325.0, 8680.0]], "asks": [[82395.0, 29580.0], [82405.0, 5010.0], [82407.5, 2300.0], [82410.0, 1290.0], [82412.5, 2300.0], [82415.0, 4510.0], [82417.5, 9670.0], [82420.0, 15040.0], [82422.5, 50000.0], [82425.0, 1300.0], [82427.5, 4320.0], [82435.0, 4300.0], [82437.5, 4440.0], [82440.0, 10000.0], [82465.0, 4250.0], [82472.5, 1300.0], [82475.0, 27910.0], [82487.5, 4550.0], [82490.0, 16410.0], [82492.5, 4210.0]]}}}
{"jsonrpc": "2.0", "method": "subscription", "params": {"channel": "book.BTC-14MAR25.none.20.100ms", "data": {"timestamp": 1741775153503, "change_id": 92417584391, "instrument_name": "BTC-14MAR25", "bids": [[82355.0, 1200.0], [82352.5, 1200.0], [82350.0, 3130.0], [82347.5, 5800.0], [82345.0, 8010.0], [82342.5, 23520.0], [82340.0, 15210.0], [82337.5, 1200.0], [82335.0, 50450.0], [82332.5, 1200.0], [82330.0, 1020.0], [82327.5, 120.0], [82325.0, 2870.0], [82315.0, 10320.0], [82312.5, 4550.0], [82310.0, 30430.0], [82307.5, 3000.0], [82305.0, 11370.0], [82302.5, 4550.0], [82295.0, 1410.0]], "asks": [[82357.5, 10010.0], [82360.0, 760.0], [82362.5, 1200.0], [82365.0, 2180.0], [82367.5, 4070.0], [82370.0, 720.0], [82372.5, 1200.0], [82375.0, 2590.0], [82377.5, 4620.0], [82390.0, 16230.0], [82392.5, 54680.0], [82397.5, 860.0], [82400.0, 28070.0], [82402.5, 4510.0], [82405.0, 2020.0], [82407.5, 650.0], [82410.0, 29420.0], [82412.5, 11910.0], [82415.0, 39710.0], [82422.5, 440.0]]}}}
{"jsonrpc": "2.0", "method": "subscription", "params": {"channel": "book.BTC-21MAR25.none.20.100ms", "data": {"timestamp": 1741775153405, "change_id": 92417584215, "instrument_name": "BTC-21MAR25", "bids": [[82390.0, 2420.0], [82385.0, 3690.0], [82382.5, 10000.0], [82377.5, 16130.0], [82375.0, 76560.0], [82372.5, 74130.0], [82370.0, 910.0], [82367.5, 3020.0], [82365.0, 1280.0], [82362.5, 4280.0], [82360.0, 2280.0], [82357.5, 7600.0], [82355.0, 1280.0], [82352.5, 4260.0], [82340.0, 9560.0], [82337.5, 14800.0], [82335.0, 4870.0], [82332.5, 2000.0], [82330.0, 4160.0], [82325.0, 8680.0]], "asks": [[82395.0, 31880.0], [82402.5, 2300.0], [82405.0, 5010.0], [82407.5, 2300.0], [82410.0, 1290.0], [82412.5, 2300.0], [82415.0, 4510.0], [82417.5, 9670.0], [82420.0, 15040.0], [82422.5, 50000.0], [82425.0, 1300.0], [82427.5, 4320.0], [82435.0, 4300.0], [82437.5, 4440.0], [82440.0, 10000.0], [82465.0, 4250.0], [82472.5, 8230.0], [82475.0, 27910.0], [82487.5, 4550.0], [82490.0, 16410.0]]}}}
{"jsonrpc": "2.0", "method": "subscription", "params": {"channel": "book.BTC-14MAR25.none.20.100ms", "data": {"timestamp": 1741775153748, "change_id": 92417584779, "instrument_name": "BTC-14MAR25", "bids": [[82355.0, 1210.0], [82352.5, 1200.0], [82350.0, 3130.0], [82347.5, 5800.0], [82345.0, 8010.0], [82342.5, 23520.0], [82340.0, 15210.0], [82337.5, 1200.0], [82335.0, 50450.0], [82332.5, 1200.0], [82330.0, 1020.0], [82327.5, 120.0], [82325.0, 2870.0], [82315.0, 10320.0], [82312.5, 4550.0], [82310.0, 30430.0], [82307.5, 3000.0], [82305.0, 11370.0], [82302.5, 4550.0], [82295.0, 1410.0]], "asks": [[82357.5, 10000.0], [82362.5, 1200.0], [82365.0, 2180.0], [82367.5, 4070.0], [82370.0, 720.0], [82372.5, 1200.0], [82375.0, 2590.0], [82377.5, 4620.0], [82390.0, 16230.0], [82392.5, 54680.0], [82397.5, 860.0], [82400.0, 28070.0], [82402.5, 4510.0], [82405.0, 2020.0], [82407.5, 650.0], [82410.0, 29420.0], [82412.5, 11910.0], [82415.0, 39710.0], [82422.5, 440.0], [82425.0, 1450.0]]}}}
{"jsonrpc": "2.0", "method": "subscription", "params": {"channel": "book.BTC-14MAR25.none.20.100ms", "data": {"timestamp": 1741775154123, "change_id": 92417585184, "instrument_name": "BTC-14MAR25", "bids": [[82355.0, 1210.0], [82352.5, 1200.0], [82350.0, 3130.0], [82347.5, 5800.0], [82345.0, 8010.0], [82342.5, 23520.0], [82340.0, 15210.0], [82337.5, 1200.0], [82335.0, 50450.0], [82332.5, 1200.0], [82330.0, 1020.0], [82327.5, 120.0], [82325.0, 2870.0], [82315.0, 10320.0], [82312.5, 4550.0], [82310.0, 30430.0], [82307.5, 3000.0], [82305.0, 11370.0], [82302.5, 4550.0], [82295.0, 1410.0]], "asks": [[82357.5, 10000.0], [82362.5, 1200.0], [82365.0, 2180.0], [82367.5, 4070.0], [82370.0, 720.0], [82372.5, 1200.0], [82375.0, 2590.0], [82377.5, 4620.0], [82390.0, 16230.0], [82392.5, 54680.0], [82397.5, 860.0], [82400.0, 28070.0], [82402.5, 4510.0], [82405.0, 2020.0], [82407.5, 650.0], [82410.0, 29420.0], [82412.5, 11910.0], [82415.0, 39710.0], [82422.5, 440.0], [82425.0, 1450.0]]}}}
{"jsonrpc": "2.0", "method": "subscription", "params": {"channel": "book.BTC-21MAR25.none.20.100ms", "data": {"timestamp": 1741775154113, "change_id": 92417585175, "instrument_name": "BTC-21MAR25", "bids": [[82390.0, 2420.0], [82385.0, 3690.0], [82382.5, 10000.0], [82377.5, 16130.0], [82375.0, 76560.0], [82372.5, 74130.0], [82370.0, 910.0], [82367.5, 3020.0], [82365.0, 1280.0], [82362.5, 4280.0], [82360.0, 7600.0], [82355.0, 1280.0], [82352.5, 4260.0], [82340.0, 9560.0], [82337.5, 14800.0], [82335.0, 4870.0], [82332.5, 2000.0], [82330.0, 4160.0], [82325.0, 8680.0], [82322.5, 24590.0]], "asks": [[82395.0, 31880.0], [82402.5, 2300.0], [82405.0, 5010.0], [82407.5, 2300.0], [82410.0, 1290.0], [82412.5, 2300.0], [82415.0, 4510.0], [82417.5, 9670.0], [82420.0, 15040.0], [82422.5, 50000.0], [82425.0, 1300.0], [82427.5, 4320.0], [82435.0, 4300.0], [82437.5, 4440.0], [82440.0, 10000.0], [82465.0, 4250.0], [82472.5, 8230.0], [82475.0, 27910.0], [82487.5, 4550.0], [82490.0, 16410.0]]}}}
{"jsonrpc": "2.0", "method": "subscription", "params": {"channel": "book.BTC-14MAR25.none.20.100ms", "data": {"timestamp": 1741775154489, "change_id": 92417585622, "instrument_name": "BTC-14MAR25", "bids": [[82352.5, 1200.0], [82350.0, 3130.0], [82347.5, 5800.0], [82345.0, 8010.0], [82342.5, 23520.0], [82340.0, 15210.0], [82337.5, 1200.0], [82335.0, 50450.0], [82332.5, 1200.0], [82330.0, 1020.0], [82327.5, 120.0], [82325.0, 2870.0], [82315.0, 1370.0], [82312.5, 4550.0], [82310.0, 12130.0], [82307.5, 30430.0], [82305.0, 11370.0], [82302.5, 4550.0], [82295.0, 1410.0], [82292.5, 4710.0]], "asks": [[82357.5, 10010.0], [82362.5, 1200.0], [82365.0, 2180.0], [82367.5, 4070.0], [82370.0, 720.0], [82372.5, 1200.0], [82375.0, 2590.0], [82377.5, 4620.0], [82390.0, 16230.0], [82392.5, 54680.0], [82397.5, 7910.0], [82400.0, 28070.0], [82402.5, 4510.0], [82405.0, 2020.0], [82407.5, 650.0], [82410.0, 29420.0], [82412.5, 11910.0], [82415.0, 39710.0], [82422.5, 440.0], [82425.0, 1450.0]]}}}
{"jsonrpc": "2.0", "method": "subscription", "params": {"channel": "book.BTC-21MAR25.none.20.100ms", "data": {"timestamp": 1741775154409, "change_id": 92417585437, "instrument_name": "BTC-21MAR25", "bids": [[82390.0, 2420.0], [82385.0, 3690.0], [82382.5, 10000.0], [82377.5, 16130.0], [82375.0, 76560.0], [82372.5, 74130.0], [82370.0, 910.0], [82367.5, 3020.0], [82365.0, 3400.0], [82362.5, 4280.0], [82360.0, 7600.0], [82355.0, 1280.0], [82352.5, 4260.0], [82340.0, 9560.0], [82337.5, 14800.0], [82335.0, 4870.0], [82332.5, 2000.0], [82330.0, 4160.0], [82325.0, 8680.0], [82322.5, 24590.0]], "asks": [[82395.0, 29580.0], [82402.5, 2300.0], [82405.0, 5010.0], [82407.5, 2300.0], [82410.0, 1290.0], [82412.5, 2300.0], [82415.0, 4510.0], [82417.5, 9670.0], [82420.0, 15040.0], [82422.5, 50000.0], [82425.0, 1300.0], [82427.5, 4320.0], [82435.0, 4300.0], [82437.5, 4440.0], [82440.0, 10000.0], [82462.5, 1280.0], [82465.0, 4250.0], [82472.5, 8230.0], [82475.0, 27910.0], [82487.5, 4550.0]]}}}
{"jsonrpc": "2.0", "method": "subscription", "params": {"channel": "book.BTC-14MAR25.none.20.100ms", "data": {"timestamp": 1741775154745, "change_id": 92417586033, "instrument_name": "BTC-14MAR25", "bids": [[82352.5, 1200.0], [82350.0, 3130.0], [82347.5, 5800.0], [82345.0, 8010.0], [82342.5, 23520.0], [82340.0, 15210.0], [82337.5, 1200.0], [82335.0, 50450.0], [82332.5, 1200.0], [82330.0, 1020.0], [82327.5, 120.0], [82325.0, 2870.0], [82315.0, 1370.0], [82312.5, 4550.0], [82310.0, 12130.0], [82307.5, 30430.0], [82305.0, 11370.0], [82302.5, 4550.0], [82295.0, 1410.0], [82292.5, 4710.0]], "asks": [[82357.5, 10010.0], [82362.5, 1200.0], [82365.0, 2180.0], [82367.5, 4070.0], [82370.0, 720.0], [82372.5, 1200.0], [82375.0, 2590.0], [82377.5, 4620.0], [82390.0, 16230.0], [82392.5, 54680.0], [82397.5, 7910.0], [82400.0, 28070.0], [82402.5, 4510.0], [82405.0, 2020.0], [82407.5, 650.0], [82410.0, 29420.0], [82412.5, 11910.0], [82415.0, 39710.0], [82422.5, 440.0], [82425.0, 1450.0]]}}}
{"jsonrpc": "2.0", "method": "subscription", "params": {"channel": "book.BTC-21MAR25.none.20.100ms", "data": {"timestamp": 1741775154723, "change_id": 92417586006, "instrument_name": "BTC-21MAR25", "bids": [[82390.0, 120.0], [82385.0, 3690.0], [82382.5, 10000.0], [82377.5, 16130.0], [82375.0, 76560.0], [82372.5, 74130.0], [82370.0, 910.0], [82367.5, 3020.0], [82365.0, 3400.0], [82362.5, 4280.0], [82360.0, 7600.0], [82355.0, 1280.0], [82352.5, 4260.0], [82340.0, 9560.0], [82337.5, 14800.0], [82335.0, 4870.0], [82332.5, 2000.0], [82330.0, 4160.0], [82325.0, 8680.0], [82322.5, 24590.0]], "asks": [[82395.0, 29580.0], [82402.5, 2300.0], [82405.0, 5010.0], [82407.5, 2300.0], [82410.0, 1290.0], [82412.5, 2300.0], [82415.0, 4510.0], [82417.5, 9670.0], [82420.0, 15040.0], [82422.5, 50000.0], [82425.0, 1300.0], [82427.5, 4320.0], [82435.0, 4300.0], [82437.5, 4440.0], [82440.0, 10000.0], [82462.5, 1280.0], [82465.0, 4250.0], [82472.5, 8230.0], [82475.0, 27910.0], [82487.5, 4550.0]]}}}
{"jsonrpc": "2.0", "method": "subscription", "params": {"channel": "book.BTC-14MAR25.none.20.100ms", "data": {"timestamp": 1741775154927, "change_id": 92417586229, "instrument_name": "BTC-14MAR25", "bids": [[82352.5, 1200.0], [82350.0, 3130.0], [82347.5, 5800.0], [82345.0, 8010.0], [82342.5, 23520.0], [82340.0, 15210.0], [82337.5, 1200.0], [82335.0, 50450.0], [82332.5, 1200.0], [82330.0, 1020.0], [82327.5, 120.0], [82325.0, 2870.0], [82315.0, 1370.0], [82312.5, 4550.0], [82310.0, 12130.0], [82307.5, 30430.0], [82305.0, 11370.0], [82302.5, 4550.0], [82295.0, 1410.0], [82292.5, 4710.0]], "asks": [[82357.5, 10010.0], [82362.5, 1200.0], [82365.0, 2180.0], [82367.5, 4070.0], [82370.0, 720.0], [82372.5, 1200.0], [82375.0, 2590.0], [82377.5, 4620.0], [82390.0, 16230.0], [82392.5, 54680.0], [82397.5, 7910.0], [82400.0, 28070.0], [82402.5, 4510.0], [82405.0, 2020.0], [82407.5, 650.0], [82410.0, 29420.0], [82412.5, 11910.0], [82415.0, 39710.0], [82422.5, 440.0], [82425.0, 1450.0]]}}}
{"jsonrpc": "2.0", "method": "subscription", "params": {"channel": "book.BTC-14MAR25.none.20.100ms", "data": {"timestamp": 1741775155414, "change_id": 92417586602, "instrument_name": "BTC-14MAR25", "bids": [[82355.0, 10.0], [82352.5, 1200.0], [82350.0, 3130.0], [82347.5, 5800.0], [82345.0, 8010.0], [82342.5, 23520.0], [82340.0, 15210.0], [82337.5, 1200.0], [82335.0, 50450.0], [82332.5, 1200.0], [82330.0, 1020.0], [82327.5, 120.0], [82325.0, 2870.0], [82315.0, 1370.0], [82312.5, 4550.0], [82310.0, 12130.0], [82307.5, 30430.0], [82305.0, 11370.0], [82302.5, 4550.0], [82295.0, 1410.0]], "asks": [[82357.5, 11200.0], [82362.5, 1200.0], [82365.0, 2180.0], [82367.5, 4070.0], [82370.0, 720.0], [82372.5, 1200.0], [82375.0, 2590.0], [82377.5, 4620.0], [82390.0, 16230.0], [82392.5, 54680.0], [82397.5, 7910.0], [82400.0, 28070.0], [82402.5, 4510.0], [82405.0, 2020.0], [82407.5, 650.0], [82410.0, 29420.0], [82412.5, 11910.0], [82415.0, 39710.0], [82422.5, 440.0], [82425.0, 1450.0]]}}}
{"jsonrpc": "2.0", "method": "subscription", "params": {"channel": "book.BTC-21MAR25.none.20.100ms", "data": {"timestamp": 1741775155384, "change_id": 92417586596, "instrument_name": "BTC-21MAR25", "bids": [[82390.0, 810.0], [82387.5, 2300.0], [82385.0, 3690.0], [82382.5, 10000.0], [82377.5, 16130.0], [82375.0, 76560.0], [82372.5, 74130.0], [82370.0, 910.0], [82367.5, 3020.0], [82365.0, 3400.0], [82362.5, 4280.0], [82360.0, 7600.0], [82355.0, 1280.0], [82352.5, 4260.0], [82342.5, 1260.0], [82340.0, 9560.0], [82337.5, 14800.0], [82335.0, 4870.0], [82332.5, 2000.0], [82330.0, 4160.0]], "asks": [[82395.0, 31880.0], [82402.5, 2300.0], [82405.0, 5010.0], [82407.5, 2300.0], [82410.0, 1290.0], [82412.5, 2300.0], [82415.0, 4510.0], [82417.5, 9670.0], [82420.0, 15040.0], [82422.5, 50000.0], [82425.0, 1300.0], [82427.5, 4320.0], [82435.0, 4300.0], [82437.5, 4440.0], [82440.0, 10000.0], [82462.5, 1280.0], [82465.0, 4250.0], [82472.5, 8230.0], [82475.0, 27910.0], [82487.5, 4550.0]]}}}
{"jsonrpc": "2.0", "method": "subscription", "params": {"channel": "book.BTC-14MAR25.none.20.100ms", "data": {"timestamp": 1741775155815, "change_id": 92417587208, "instrument_name": "BTC-14MAR25", "bids": [[82355.0, 10.0], [82352.5, 1200.0], [82350.0, 1740.0], [82347.5, 1200.0], [82345.0, 8010.0], [82342.5, 23520.0], [82340.0, 15210.0], [82337.5, 1200.0], [82335.0, 50450.0], [82332.5, 1200.0], [82330.0, 1020.0], [82327.5, 120.0], [82325.0, 2870.0], [82315.0, 1370.0], [82312.5, 4550.0], [82310.0, 12130.0], [82307.5, 30430.0], [82305.0, 11370.0], [82302.5, 4550.0], [82295.0, 1410.0]], "asks": [[82357.5, 10000.0], [82362.5, 1200.0], [82365.0, 1320.0], [82367.5, 4070.0], [82370.0, 720.0], [82372.5, 1200.0], [82375.0, 2590.0], [82377.5, 4620.0], [82390.0, 16230.0], [82392.5, 54680.0], [82397.5, 860.0], [82400.0, 4230.0], [82402.5, 4510.0], [82405.0, 2020.0], [82407.5, 9480.0], [82410.0, 29420.0], [82412.5, 11910.0], [82415.0, 39710.0], [82422.5, 440.0], [82425.0, 25230.0]]}}}
