{"jsonrpc": "2.0", "id": 1, "result": ["book.BTC-24OCT25.none.20.100ms"], "usIn": 1760992038623470, "usOut": 1760992038623650, "usDiff": 180, "testnet": false}
{"jsonrpc": "2.0", "method": "subscription", "params": {"channel": "book.BTC-24OCT25.none.20.100ms", "data": {"timestamp": 1760992037648, "change_id": 122884517176, "instrument_name": "BTC-24OCT25", "bids": [[111087.5, 31260.0], [111085.0, 21280.0], [111080.0, 71390.0], [111077.5, 36400.0], [111075.0, 1770.0], [111070.0, 11470.0], [111067.5, 37400.0], [111065.0, 1030.0], [111062.5, 530.0], [111060.0, 1770.0], [111057.5, 10870.0], [111055.0, 37850.0], [111050.0, 7440.0], [111047.5, 1770.0], [111045.0, 7120.0], [111027.5, 1930.0], [111025.0, 6460.0], [111015.0, 5500.0], [111012.5, 18420.0], [110995.0, 1410.0]], "asks": [[111090.0, 7460.0], [111092.5, 2700.0], [111095.0, 8740.0], [111097.5, 12700.0], [111100.0, 5660.0], [111102.5, 2700.0], [111105.0, 1330.0], [111107.5, 2700.0], [111110.0, 1770.0], [111115.0, 49680.0], [111117.5, 177780.0], [111120.0, 2530.0], [111122.5, 1780.0], [111125.0, 6690.0], [111132.5, 520.0], [111135.0, 1750.0], [111147.5, 520.0], [111150.0, 1750.0], [111160.0, 14930.0], [111162.5, 51770.0]]}}}
{"jsonrpc": "2.0", "method": "subscription", "params": {"channel": "book.BTC-24OCT25.none.20.100ms", "data": {"timestamp": 1760992038858, "change_id": 122884518651, "instrument_name": "BTC-24OCT25", "bids": [[111087.5, 31260.0], [111085.0, 21280.0], [111080.0, 71390.0], [111077.5, 36400.0], [111075.0, 1770.0], [111070.0, 11470.0], [111067.5, 37400.0], [111065.0, 1030.0], [111062.5, 530.0], [111060.0, 1770.0], [111057.5, 10870.0], [111055.0, 37230.0], [111050.0, 5380.0], [111047.5, 1770.0], [111045.0, 7120.0], [111027.5, 1930.0], [111025.0, 6460.0], [111015.0, 5500.0], [111012.5, 18420.0], [110995.0, 1410.0]], "asks": [[111090.0, 7460.0], [111092.5, 2700.0], [111095.0, 8740.0], [111097.5, 12700.0], [111100.0, 5660.0], [111102.5, 2700.0], [111105.0, 1330.0], [111107.5, 2700.0], [111110.0, 1770.0], [111115.0, 49680.0], [111117.5, 177780.0], [111120.0, 2530.0], [111122.5, 1780.0], [111125.0, 6690.0], [111132.5, 520.0], [111135.0, 1750.0], [111147.5, 520.0], [111150.0, 1750.0], [111160.0, 14930.0], [111162.5, 51770.0]]}}}
{"jsonrpc": "2.0", "method": "subscription", "params": {"channel": "book.BTC-24OCT25.none.20.100ms", "data": {"timestamp": 1760992039599, "change_id": 122884519503, "instrument_name": "BTC-24OCT25", "bids": [[111087.5, 31260.0], [111085.0, 21280.0], [111080.0, 71390.0], [111077.5, 36400.0], [111075.0, 1770.0], [111070.0, 11470.0], [111067.5, 37400.0], [111065.0, 1030.0], [111062.5, 530.0], [111060.0, 1770.0], [111057.5, 10870.0], [111055.0, 37230.0], [111050.0, 5380.0], [111047.5, 1770.0], [111045.0, 7120.0], [111027.5, 1930.0], [111025.0, 6460.0], [111015.0, 5500.0], [111012.5, 18420.0], [110995.0, 1410.0]], "asks": [[111090.0, 7420.0], [111092.5, 2700.0], [111095.0, 8740.0], [111097.5, 12700.0], [111100.0, 5660.0], [111102.5, 2700.0], [111105.0, 1330.0], [111107.5, 2700.0], [111110.0, 1770.0], [111115.0, 49680.0], [111117.5, 177780.0], [111120.0, 2530.0], [111122.5, 1780.0], [111125.0, 6690.0], [111132.5, 520.0], [111135.0, 1750.0], [111147.5, 520.0], [111150.0, 1750.0], [111160.0, 14930.0], [111162.5, 51770.0]]}}}
{"jsonrpc": "2.0", "method": "subscription", "params": {"channel": "book.BTC-24OCT25.none.20.100ms", "data": {"timestamp": 1760992040128, "change_id": 122884519946, "instrument_name": "BTC-24OCT25", "bids": [[111087.5, 31260.0], [111085.0, 21280.0], [111080.0, 71390.0], [111077.5, 36400.0], [111075.0, 1770.0], [111070.0, 11470.0], [111067.5, 37400.0], [111065.0, 1030.0], [111062.5, 530.0], [111060.0, 1770.0], [111057.5, 10870.0], [111055.0, 37230.0], [111050.0, 7440.0], [111047.5, 1770.0], [111045.0, 7120.0], [111027.5, 1930.0], [111025.0, 6460.0], [111015.0, 5500.0], [111012.5, 18420.0], [110995.0, 1410.0]], "asks": [[111090.0, 5690.0], [111092.5, 2700.0], [111095.0, 8740.0], [111097.5, 12700.0], [111100.0, 5660.0], [111102.5, 2700.0], [111105.0, 1330.0], [111107.5, 2700.0], [111110.0, 1770.0], [111115.0, 49680.0], [111117.5, 177780.0], [111120.0, 2530.0], [111122.5, 1780.0], [111125.0, 6690.0], [111132.5, 520.0], [111135.0, 1750.0], [111147.5, 520.0], [111150.0, 1750.0], [111160.0, 14930.0], [111162.5, 51770.0]]}}}
{"jsonrpc": "2.0", "method": "subscription", "params": {"channel": "book.BTC-24OCT25.none.20.100ms", "data": {"timestamp": 1760992042251, "change_id": 122884522855, "instrument_name": "BTC-24OCT25", "bids": [[111095.0, 8190.0], [111092.5, 6010.0], [111090.0, 13430.0], [111087.5, 32700.0], [111085.0, 16590.0], [111082.5, 2700.0], [111080.0, 71390.0], [111077.5, 36400.0], [111075.0, 2770.0], [111070.0, 11470.0], [111067.5, 36400.0], [111065.0, 1030.0], [111062.5, 530.0], [111060.0, 1770.0], [111057.5, 10870.0], [111055.0, 37740.0], [111050.0, 7440.0], [111047.5, 1770.0], [111045.0, 7120.0], [111027.5, 1930.0]], "asks": [[111100.0, 970.0], [111102.5, 2700.0], [111105.0, 2330.0], [111107.5, 2700.0], [111110.0, 1770.0], [111115.0, 49680.0], [111117.5, 177780.0], [111120.0, 2530.0], [111122.5, 1780.0], [111125.0, 6690.0], [111132.5, 520.0], [111135.0, 1750.0], [111147.5, 520.0], [111150.0, 1750.0], [111160.0, 14930.0], [111162.5, 51770.0], [111197.5, 520.0], [111200.0, 6450.0], [111202.5, 15750.0], [111207.5, 70.0]]}}}
{"jsonrpc": "2.0", "method": "subscription", "params": {"channel": "book.BTC-24OCT25.none.20.100ms", "data": {"timestamp": 1760992042472, "change_id": 122884524083, "instrument_name": "BTC-24OCT25", "bids": [[111097.5, 5950.0], [111090.0, 35550.0], [111087.5, 129100.0], [111085.0, 1100.0], [111082.5, 3700.0], [111080.0, 13100.0], [111077.5, 36400.0], [111075.0, 7500.0], [111067.5, 36400.0], [111062.5, 160.0], [111060.0, 1770.0], [111050.0, 4690.0], [111047.5, 1770.0], [111045.0, 7120.0], [111025.0, 4770.0], [111012.5, 18420.0], [110995.0, 510.0], [110990.0, 1710.0], [110985.0, 50.0], [110975.0, 1780.0]], "asks": [[111100.0, 160.0], [111102.5, 2700.0], [111105.0, 1810.0], [111107.5, 2700.0], [111110.0, 2990.0], [111112.5, 10000.0], [111115.0, 49680.0], [111117.5, 177780.0], [111120.0, 2530.0], [111122.5, 1780.0], [111125.0, 6690.0], [111135.0, 1750.0], [111147.5, 1340.0], [111150.0, 6440.0], [111162.5, 51770.0], [111200.0, 1750.0], [111207.5, 70.0], [111212.5, 1770.0], [111215.0, 24910.0], [111225.0, 1730.0]]}}}
{"jsonrpc": "2.0", "method": "subscription", "params": {"channel": "book.BTC-24OCT25.none.20.100ms", "data": {"timestamp": 1760992042716, "change_id": 122884524481, "instrument_name": "BTC-24OCT25", "bids": [[111097.5, 5950.0], [111092.5, 8960.0], [111090.0, 65550.0], [111087.5, 99100.0], [111085.0, 1100.0], [111082.5, 3700.0], [111080.0, 13100.0], [111077.5, 36400.0], [111075.0, 7500.0], [111067.5, 36400.0], [111062.5, 160.0], [111060.0, 1770.0], [111050.0, 4690.0], [111047.5, 1770.0], [111045.0, 7120.0], [111025.0, 4770.0], [111012.5, 18420.0], [110995.0, 510.0], [110990.0, 1710.0], [110985.0, 50.0]], "asks": [[111100.0, 1890.0], [111102.5, 7390.0], [111105.0, 1810.0], [111107.5, 2700.0], [111110.0, 2990.0], [111112.5, 10000.0], [111115.0, 49680.0], [111117.5, 177780.0], [111120.0, 2530.0], [111122.5, 1780.0], [111125.0, 6690.0], [111135.0, 1750.0], [111147.5, 1340.0], [111150.0, 6440.0], [111162.5, 51770.0], [111200.0, 1750.0], [111207.5, 70.0], [111212.5, 1770.0], [111215.0, 24910.0], [111225.0, 1730.0]]}}}
{"jsonrpc": "2.0", "method": "subscription", "params": {"channel": "book.BTC-24OCT25.none.20.100ms", "data": {"timestamp": 1760992043241, "change_id": 122884525058, "instrument_name": "BTC-24OCT25", "bids": [[111097.5, 7680.0], [111090.0, 35550.0], [111087.5, 129100.0], [111085.0, 1100.0], [111082.5, 3700.0], [111080.0, 13100.0], [111077.5, 36400.0], [111075.0, 7500.0], [111067.5, 36400.0], [111062.5, 160.0], [111060.0, 1770.0], [111050.0, 4690.0], [111047.5, 1770.0], [111045.0, 7120.0], [111025.0, 4770.0], [111012.5, 18420.0], [110995.0, 510.0], [110990.0, 1710.0], [110985.0, 50.0], [110975.0, 1780.0]], "asks": [[111100.0, 160.0], [111102.5, 7390.0], [111105.0, 1810.0], [111107.5, 2700.0], [111110.0, 2990.0], [111112.5, 10000.0], [111115.0, 49680.0], [111117.5, 177780.0], [111120.0, 2530.0], [111122.5, 1780.0], [111125.0, 6690.0], [111135.0, 1750.0], [111147.5, 1340.0], [111150.0, 6440.0], [111162.5, 51770.0], [111200.0, 1750.0], [111207.5, 70.0], [111212.5, 1770.0], [111215.0, 24910.0], [111225.0, 1730.0]]}}}
{"jsonrpc": "2.0", "method": "subscription", "params": {"channel": "book.BTC-24OCT25.none.20.100ms", "data": {"timestamp": 1760992043558, "change_id": 122884526055, "instrument_name": "BTC-24OCT25", "bids": [[111090.0, 4690.0], [111087.5, 40000.0], [111085.0, 15890.0], [111082.5, 52700.0], [111080.0, 13100.0], [111077.5, 36400.0], [111075.0, 7500.0], [111072.5, 300.0], [111070.0, 11870.0], [111067.5, 36400.0], [111062.5, 690.0], [111060.0, 38170.0], [111050.0, 4690.0], [111047.5, 1770.0], [111045.0, 7120.0], [111025.0, 1770.0], [111012.5, 18420.0], [110995.0, 510.0], [110990.0, 1710.0], [110985.0, 50.0]], "asks": [[111092.5, 1730.0], [111095.0, 1450.0], [111097.5, 4690.0], [111100.0, 1780.0], [111102.5, 2700.0], [111105.0, 3540.0], [111107.5, 2700.0], [111110.0, 2990.0], [111112.5, 10000.0], [111115.0, 49680.0], [111117.5, 177780.0], [111120.0, 2530.0], [111122.5, 1780.0], [111125.0, 6690.0], [111135.0, 1750.0], [111147.5, 1340.0], [111150.0, 6440.0], [111162.5, 51770.0], [111200.0, 1750.0], [111207.5, 70.0]]}}}
{"jsonrpc": "2.0", "method": "subscription", "params": {"channel": "book.BTC-24OCT25.none.20.100ms", "data": {"timestamp": 1760992043749, "change_id": 122884526412, "instrument_name": "BTC-24OCT25", "bids": [[111090.0, 4690.0], [111087.5, 40000.0], [111085.0, 15890.0], [111082.5, 52700.0], [111080.0, 13100.0], [111077.5, 36400.0], [111075.0, 7500.0], [111072.5, 300.0], [111070.0, 11870.0], [111067.5, 36400.0], [111062.5, 690.0], [111060.0, 38170.0], [111050.0, 4690.0], [111047.5, 1770.0], [111045.0, 7120.0], [111025.0, 1770.0], [111012.5, 18420.0], [110995.0, 510.0], [110990.0, 1710.0], [110985.0, 50.0]], "asks": [[111092.5, 1730.0], [111095.0, 1450.0], [111097.5, 4690.0], [111100.0, 4560.0], [111102.5, 2700.0], [111105.0, 13540.0], [111107.5, 2700.0], [111115.0, 49680.0], [111117.5, 177780.0], [111120.0, 2530.0], [111122.5, 1780.0], [111125.0, 6690.0], [111135.0, 1750.0], [111147.5, 1340.0], [111150.0, 6440.0], [111162.5, 51770.0], [111200.0, 1750.0], [111207.5, 70.0], [111212.5, 1770.0], [111215.0, 24910.0]]}}}
{"jsonrpc": "2.0", "method": "subscription", "params": {"channel": "book.BTC-24OCT25.none.20.100ms", "data": {"timestamp": 1760992044543, "change_id": 122884527442, "instrument_name": "BTC-24OCT25", "bids": [[111090.0, 4690.0], [111087.5, 40000.0], [111085.0, 15890.0], [111082.5, 52700.0], [111080.0, 13100.0], [111077.5, 36400.0], [111075.0, 7500.0], [111072.5, 300.0], [111070.0, 11870.0], [111067.5, 36400.0], [111062.5, 11490.0], [111060.0, 38170.0], [111050.0, 4690.0], [111047.5, 1770.0], [111045.0, 7120.0], [111027.5, 530.0], [111025.0, 1770.0], [111012.5, 18420.0], [110995.0, 510.0], [110990.0, 1710.0]], "asks": [[111092.5, 6420.0], [111100.0, 4560.0], [111102.5, 2700.0], [111105.0, 13540.0], [111115.0, 49680.0], [111117.5, 177780.0], [111120.0, 2530.0], [111122.5, 1780.0], [111125.0, 6690.0], [111132.5, 520.0], [111135.0, 1750.0], [111147.5, 1340.0], [111150.0, 6440.0], [111160.0, 15450.0], [111162.5, 51770.0], [111200.0, 1750.0], [111207.5, 70.0], [111212.5, 9210.0], [111215.0, 24910.0], [111225.0, 1730.0]]}}}
{"jsonrpc": "2.0", "method": "subscription", "params": {"channel": "book.BTC-24OCT25.none.20.100ms", "data": {"timestamp": 1760992044806, "change_id": 122884527691, "instrument_name": "BTC-24OCT25", "bids": [[111090.0, 4690.0], [111087.5, 40000.0], [111085.0, 15890.0], [111082.5, 52700.0], [111080.0, 13100.0], [111077.5, 36400.0], [111075.0, 7500.0], [111072.5, 300.0], [111070.0, 11870.0], [111067.5, 36400.0], [111062.5, 11490.0], [111060.0, 38170.0], [111050.0, 4690.0], [111047.5, 1770.0], [111045.0, 7120.0], [111027.5, 530.0], [111025.0, 1770.0], [111012.5, 18420.0], [111010.0, 3000.0], [110995.0, 510.0]], "asks": [[111092.5, 6420.0], [111100.0, 4560.0], [111102.5, 2700.0], [111105.0, 13540.0], [111115.0, 49680.0], [111117.5, 177780.0], [111120.0, 2530.0], [111122.5, 1780.0], [111125.0, 6690.0], [111132.5, 520.0], [111135.0, 1750.0], [111147.5, 1340.0], [111150.0, 6440.0], [111160.0, 15450.0], [111162.5, 51770.0], [111200.0, 1750.0], [111207.5, 70.0], [111212.5, 9210.0], [111215.0, 24910.0], [111225.0, 1730.0]]}}}
{"jsonrpc": "2.0", "method": "subscription", "params": {"channel": "book.BTC-24OCT25.none.20.100ms", "data": {"timestamp": 1760992045244, "change_id": 122884527982, "instrument_name": "BTC-24OCT25", "bids": [[111090.0, 4690.0], [111087.5, 40000.0], [111085.0, 15890.0], [111082.5, 52700.0], [111080.0, 13100.0], [111077.5, 36400.0], [111075.0, 7500.0], [111072.5, 300.0], [111070.0, 11870.0], [111067.5, 36400.0], [111062.5, 11490.0], [111060.0, 38170.0], [111050.0, 11810.0], [111047.5, 1770.0], [111027.5, 530.0], [111025.0, 1770.0], [111012.5, 18420.0], [111010.0, 3000.0], [110995.0, 510.0], [110990.0, 1710.0]], "asks": [[111092.5, 6420.0], [111100.0, 4560.0], [111102.5, 2700.0], [111105.0, 13540.0], [111115.0, 49680.0], [111117.5, 177780.0], [111120.0, 2530.0], [111122.5, 1780.0], [111125.0, 6690.0], [111132.5, 520.0], [111135.0, 1750.0], [111147.5, 1340.0], [111150.0, 6440.0], [111160.0, 15450.0], [111162.5, 51770.0], [111200.0, 1750.0], [111207.5, 70.0], [111212.5, 9210.0], [111215.0, 24910.0], [111225.0, 1730.0]]}}}
{"jsonrpc": "2.0", "method": "subscription", "params": {"channel": "book.BTC-24OCT25.none.20.100ms", "data": {"timestamp": 1760992045878, "change_id": 122884529030, "instrument_name": "BTC-24OCT25", "bids": [[111090.0, 4690.0], [111087.5, 40000.0], [111085.0, 15890.0], [111082.5, 52700.0], [111080.0, 13100.0], [111077.5, 36400.0], [111075.0, 7500.0], [111072.5, 300.0], [111070.0, 11870.0], [111067.5, 36400.0], [111062.5, 11490.0], [111060.0, 38170.0], [111052.5, 3530.0], [111050.0, 11810.0], [111047.5, 1770.0], [111027.5, 530.0], [111025.0, 1770.0], [111015.0, 6390.0], [111012.5, 18420.0], [111010.0, 3000.0]], "asks": [[111092.5, 6470.0], [111100.0, 4560.0], [111102.5, 2700.0], [111105.0, 13540.0], [111115.0, 49680.0], [111117.5, 177780.0], [111120.0, 2530.0], [111122.5, 1780.0], [111125.0, 6690.0], [111132.5, 520.0], [111135.0, 1750.0], [111147.5, 1340.0], [111150.0, 6440.0], [111160.0, 15450.0], [111162.5, 51770.0], [111197.5, 520.0], [111200.0, 1750.0], [111207.5, 70.0], [111212.5, 9210.0], [111215.0, 24910.0]]}}}
{"jsonrpc": "2.0", "method": "subscription", "params": {"channel": "book.BTC-24OCT25.none.20.100ms", "data": {"timestamp": 1760992046455, "change_id": 122884529698, "instrument_name": "BTC-24OCT25", "bids": [[111087.5, 44690.0], [111085.0, 15890.0], [111082.5, 52700.0], [111080.0, 13100.0], [111077.5, 36400.0], [111075.0, 7500.0], [111072.5, 300.0], [111070.0, 11870.0], [111067.5, 36400.0], [111062.5, 11490.0], [111060.0, 38170.0], [111052.5, 3530.0], [111050.0, 11810.0], [111047.5, 1770.0], [111027.5, 530.0], [111025.0, 1770.0], [111015.0, 6390.0], [111012.5, 18420.0], [110995.0, 510.0], [110990.0, 1710.0]], "asks": [[111090.0, 1780.0], [111092.5, 4690.0], [111100.0, 4560.0], [111102.5, 2700.0], [111105.0, 13540.0], [111115.0, 49680.0], [111117.5, 177780.0], [111120.0, 2530.0], [111122.5, 1780.0], [111125.0, 6690.0], [111132.5, 520.0], [111135.0, 1750.0], [111147.5, 1340.0], [111150.0, 6440.0], [111160.0, 15450.0], [111162.5, 51770.0], [111197.5, 520.0], [111200.0, 1750.0], [111207.5, 70.0], [111212.5, 9210.0]]}}}
{"jsonrpc": "2.0", "method": "subscription", "params": {"channel": "book.BTC-24OCT25.none.20.100ms", "data": {"timestamp": 1760992046812, "change_id": 122884530256, "instrument_name": "BTC-24OCT25", "bids": [[111087.5, 40000.0], [111085.0, 15890.0], [111082.5, 52700.0], [111080.0, 17860.0], [111077.5, 36400.0], [111075.0, 2810.0], [111072.5, 300.0], [111070.0, 11870.0], [111067.5, 36400.0], [111062.5, 11490.0], [111060.0, 38170.0], [111052.5, 2130.0], [111050.0, 7120.0], [111047.5, 1770.0], [111037.5, 4760.0], [111027.5, 530.0], [111025.0, 1770.0], [111015.0, 6390.0], [111012.5, 18420.0], [111010.0, 3000.0]], "asks": [[111090.0, 1780.0], [111097.5, 1470.0], [111100.0, 9320.0], [111102.5, 2700.0], [111105.0, 13540.0], [111115.0, 49680.0], [111117.5, 177780.0], [111120.0, 1130.0], [111122.5, 1780.0], [111125.0, 2000.0], [111132.5, 520.0], [111135.0, 1750.0], [111150.0, 6510.0], [111160.0, 15450.0], [111162.5, 51770.0], [111197.5, 520.0], [111200.0, 1750.0], [111207.5, 70.0], [111212.5, 9210.0], [111215.0, 24910.0]]}}}
{"jsonrpc": "2.0", "method": "subscription", "params": {"channel": "book.BTC-24OCT25.none.20.100ms", "data": {"timestamp": 1760992047514, "change_id": 122884531088, "instrument_name": "BTC-24OCT25", "bids": [[111095.0, 1260.0], [111090.0, 21280.0], [111087.5, 40000.0], [111085.0, 52290.0], [111082.5, 52700.0], [111080.0, 17860.0], [111077.5, 36400.0], [111075.0, 2810.0], [111072.5, 300.0], [111070.0, 11870.0], [111067.5, 36400.0], [111062.5, 690.0], [111060.0, 1770.0], [111052.5, 2130.0], [111050.0, 7120.0], [111047.5, 1770.0], [111037.5, 4760.0], [111027.5, 530.0], [111025.0, 1770.0], [111015.0, 6390.0]], "asks": [[111097.5, 1780.0], [111100.0, 9320.0], [111102.5, 2700.0], [111105.0, 11810.0], [111110.0, 1780.0], [111115.0, 49680.0], [111117.5, 177780.0], [111120.0, 1130.0], [111122.5, 1780.0], [111125.0, 2000.0], [111132.5, 520.0], [111135.0, 1750.0], [111150.0, 6510.0], [111160.0, 15450.0], [111162.5, 51770.0], [111197.5, 520.0], [111200.0, 1750.0], [111207.5, 70.0], [111212.5, 9210.0], [111215.0, 24910.0]]}}}
{"jsonrpc": "2.0", "method": "subscription", "params": {"channel": "book.BTC-24OCT25.none.20.100ms", "data": {"timestamp": 1760992047586, "change_id": 122884531102, "instrument_name": "BTC-24OCT25", "bids": [[111095.0, 1260.0], [111090.0, 35010.0], [111087.5, 90000.0], [111085.0, 38490.0], [111082.5, 2700.0], [111080.0, 17860.0], [111077.5, 36400.0], [111075.0, 2810.0], [111072.5, 300.0], [111070.0, 11870.0], [111067.5, 36400.0], [111062.5, 690.0], [111060.0, 1770.0], [111052.5, 2130.0], [111050.0, 7120.0], [111047.5, 1770.0], [111037.5, 4760.0], [111027.5, 530.0], [111025.0, 1770.0], [111015.0, 6390.0]], "asks": [[111097.5, 1780.0], [111100.0, 9320.0], [111102.5, 2700.0], [111105.0, 11810.0], [111110.0, 1780.0], [111115.0, 49680.0], [111117.5, 177780.0], [111120.0, 1130.0], [111122.5, 1780.0], [111125.0, 2000.0], [111132.5, 520.0], [111135.0, 1750.0], [111150.0, 6510.0], [111160.0, 15450.0], [111162.5, 51770.0], [111197.5, 520.0], [111200.0, 1750.0], [111207.5, 70.0], [111212.5, 9210.0], [111215.0, 24910.0]]}}}
{"jsonrpc": "2.0", "method": "subscription", "params": {"channel": "book.BTC-24OCT25.none.20.100ms", "data": {"timestamp": 1760992048448, "change_id": 122884532056, "instrument_name": "BTC-24OCT25", "bids": [[111095.0, 1260.0], [111092.5, 8960.0], [111090.0, 65010.0], [111087.5, 60000.0], [111085.0, 38490.0], [111082.5, 2700.0], [111080.0, 17860.0], [111077.5, 36400.0], [111075.0, 2810.0], [111072.5, 300.0], [111070.0, 11870.0], [111067.5, 36400.0], [111062.5, 690.0], [111060.0, 1770.0], [111052.5, 2130.0], [111050.0, 7650.0], [111047.5, 1770.0], [111037.5, 4760.0], [111027.5, 530.0], [111025.0, 1770.0]], "asks": [[111097.5, 1780.0], [111100.0, 9320.0], [111102.5, 2700.0], [111105.0, 11810.0], [111110.0, 1780.0], [111115.0, 49680.0], [111117.5, 177780.0], [111120.0, 1130.0], [111122.5, 1780.0], [111125.0, 2000.0], [111132.5, 520.0], [111135.0, 1750.0], [111147.5, 1940.0], [111150.0, 6510.0], [111160.0, 15450.0], [111162.5, 51770.0], [111197.5, 520.0], [111200.0, 1750.0], [111207.5, 70.0], [111212.5, 9210.0]]}}}
{"jsonrpc": "2.0", "method": "subscription", "params": {"channel": "book.BTC-24OCT25.none.20.100ms", "data": {"timestamp": 1760992049697, "change_id": 122884533357, "instrument_name": "BTC-24OCT25", "bids": [[111095.0, 1260.0], [111092.5, 8960.0], [111090.0, 65010.0], [111087.5, 60000.0], [111085.0, 38490.0], [111082.5, 2700.0], [111080.0, 17860.0], [111077.5, 36400.0], [111075.0, 2810.0], [111072.5, 300.0], [111070.0, 11870.0], [111067.5, 36400.0], [111062.5, 690.0], [111060.0, 1770.0], [111052.5, 2130.0], [111050.0, 7650.0], [111047.5, 1770.0], [111040.0, 1420.0], [111037.5, 4760.0], [111027.5, 530.0]], "asks": [[111097.5, 1780.0], [111100.0, 9320.0], [111102.5, 2700.0], [111105.0, 11810.0], [111110.0, 1780.0], [111120.0, 1130.0], [111122.5, 1780.0], [111125.0, 2000.0], [111132.5, 520.0], [111135.0, 1750.0], [111147.5, 1940.0], [111150.0, 6510.0], [111160.0, 15450.0], [111162.5, 51770.0], [111197.5, 520.0], [111200.0, 1750.0], [111207.5, 70.0], [111212.5, 9210.0], [111215.0, 24910.0], [111222.5, 520.0]]}}}
{"jsonrpc": "2.0", "method": "subscription", "params": {"channel": "book.BTC-24OCT25.none.20.100ms", "data": {"timestamp": 1760992050031, "change_id": 122884534114, "instrument_name": "BTC-24OCT25", "bids": [[111095.0, 1260.0], [111092.5, 8960.0], [111090.0, 65010.0], [111087.5, 60000.0], [111085.0, 38490.0], [111082.5, 2700.0], [111080.0, 17860.0], [111077.5, 36400.0], [111075.0, 2810.0], [111072.5, 300.0], [111070.0, 11870.0], [111067.5, 36400.0], [111062.5, 690.0], [111060.0, 1770.0], [111052.5, 2130.0], [111050.0, 7650.0], [111047.5, 1770.0], [111040.0, 1420.0], [111037.5, 4760.0], [111027.5, 530.0]], "asks": [[111097.5, 1780.0], [111100.0, 9320.0], [111102.5, 2700.0], [111105.0, 37960.0], [111107.5, 88880.0], [111110.0, 1780.0], [111120.0, 1130.0], [111122.5, 1780.0], [111125.0, 2000.0], [111132.5, 520.0], [111135.0, 1750.0], [111147.5, 1940.0], [111150.0, 6510.0], [111160.0, 15450.0], [111162.5, 51770.0], [111197.5, 520.0], [111200.0, 1750.0], [111207.5, 70.0], [111212.5, 9210.0], [111215.0, 24910.0]]}}}
{"jsonrpc": "2.0", "method": "subscription", "params": {"channel": "book.BTC-24OCT25.none.20.100ms", "data": {"timestamp": 1760992050786, "change_id": 122884535162, "instrument_name": "BTC-24OCT25", "bids": [[111090.0, 30000.0], [111087.5, 10000.0], [111085.0, 25860.0], [111082.5, 52700.0], [111080.0, 42000.0], [111075.0, 2810.0], [111072.5, 300.0], [111070.0, 11870.0], [111067.5, 36400.0], [111065.0, 11440.0], [111062.5, 36560.0], [111060.0, 1770.0], [111052.5, 2130.0], [111050.0, 7650.0], [111047.5, 1770.0], [111040.0, 1420.0], [111037.5, 4760.0], [111027.5, 530.0], [111025.0, 1770.0], [111015.0, 6390.0]], "asks": [[111092.5, 4480.0], [111095.0, 7960.0], [111097.5, 12700.0], [111100.0, 6690.0], [111102.5, 2700.0], [111105.0, 53850.0], [111107.5, 177760.0], [111110.0, 1780.0], [111120.0, 1130.0], [111122.5, 1780.0], [111125.0, 2000.0], [111132.5, 520.0], [111135.0, 1750.0], [111147.5, 1940.0], [111150.0, 6510.0], [111160.0, 15450.0], [111162.5, 51770.0], [111197.5, 520.0], [111200.0, 1750.0], [111207.5, 70.0]]}}}
{"jsonrpc": "2.0", "method": "subscription", "params": {"channel": "book.BTC-24OCT25.none.20.100ms", "data": {"timestamp": 1760992051541, "change_id": 122884536086, "instrument_name": "BTC-24OCT25", "bids": [[111090.0, 30000.0], [111087.5, 10000.0], [111085.0, 25860.0], [111082.5, 52700.0], [111080.0, 42000.0], [111075.0, 2810.0], [111072.5, 300.0], [111070.0, 11870.0], [111067.5, 36400.0], [111065.0, 11440.0], [111062.5, 36560.0], [111060.0, 1770.0], [111052.5, 2130.0], [111050.0, 7650.0], [111047.5, 1770.0], [111040.0, 1420.0], [111037.5, 4760.0], [111027.5, 530.0], [111025.0, 1770.0], [111015.0, 6390.0]], "asks": [[111092.5, 4480.0], [111095.0, 6540.0], [111097.5, 12700.0], [111100.0, 830.0], [111102.5, 7460.0], [111105.0, 53850.0], [111107.5, 177760.0], [111110.0, 1780.0], [111120.0, 1130.0], [111122.5, 1780.0], [111125.0, 2000.0], [111132.5, 520.0], [111135.0, 1750.0], [111147.5, 1940.0], [111150.0, 6510.0], [111160.0, 15450.0], [111162.5, 51770.0], [111197.5, 520.0], [111200.0, 1750.0], [111207.5, 70.0]]}}}
{"jsonrpc": "2.0", "method": "subscription", "params": {"channel": "book.BTC-24OCT25.none.20.100ms", "data": {"timestamp": 1760992051809, "change_id": 122884536507, "instrument_name": "BTC-24OCT25", "bids": [[111092.5, 3360.0], [111090.0, 32990.0], [111087.5, 10000.0], [111085.0, 25860.0], [111082.5, 52700.0], [111080.0, 37240.0], [111075.0, 2810.0], [111072.5, 300.0], [111070.0, 11870.0], [111067.5, 36400.0], [111065.0, 11440.0], [111062.5, 36560.0], [111060.0, 1770.0], [111052.5, 2130.0], [111050.0, 7650.0], [111047.5, 1770.0], [111040.0, 1420.0], [111037.5, 4760.0], [111027.5, 530.0], [111025.0, 1770.0]], "asks": [[111095.0, 2700.0], [111097.5, 2700.0], [111100.0, 3260.0], [111102.5, 7460.0], [111105.0, 53850.0], [111107.5, 187760.0], [111110.0, 1780.0], [111120.0, 1130.0], [111122.5, 1780.0], [111125.0, 2000.0], [111132.5, 520.0], [111135.0, 1750.0], [111147.5, 1940.0], [111150.0, 6510.0], [111160.0, 15450.0], [111162.5, 51770.0], [111197.5, 520.0], [111200.0, 1750.0], [111207.5, 70.0], [111212.5, 9210.0]]}}}
{"jsonrpc": "2.0", "method": "subscription", "params": {"channel": "book.BTC-24OCT25.none.20.100ms", "data": {"timestamp": 1760992051943, "change_id": 122884536689, "instrument_name": "BTC-24OCT25", "bids": [[111092.5, 3360.0], [111090.0, 32990.0], [111087.5, 10000.0], [111085.0, 25860.0], [111082.5, 57460.0], [111080.0, 37240.0], [111075.0, 2810.0], [111072.5, 300.0], [111070.0, 11870.0], [111067.5, 36400.0], [111065.0, 11440.0], [111062.5, 36560.0], [111060.0, 1770.0], [111052.5, 2130.0], [111050.0, 7650.0], [111047.5, 1770.0], [111040.0, 1420.0], [111037.5, 4760.0], [111027.5, 530.0], [111025.0, 1770.0]], "asks": [[111095.0, 2700.0], [111097.5, 2700.0], [111100.0, 3260.0], [111102.5, 7460.0], [111105.0, 53850.0], [111107.5, 187760.0], [111110.0, 1780.0], [111120.0, 1130.0], [111122.5, 1780.0], [111125.0, 2000.0], [111132.5, 520.0], [111135.0, 1750.0], [111147.5, 1940.0], [111150.0, 6510.0], [111160.0, 15450.0], [111162.5, 51770.0], [111197.5, 520.0], [111200.0, 1750.0], [111207.5, 70.0], [111212.5, 9210.0]]}}}
{"jsonrpc": "2.0", "method": "subscription", "params": {"channel": "book.BTC-24OCT25.none.20.100ms", "data": {"timestamp": 1760992052461, "change_id": 122884537654, "instrument_name": "BTC-24OCT25", "bids": [[111095.0, 1260.0], [111092.5, 12840.0], [111090.0, 32990.0], [111087.5, 10000.0], [111085.0, 25860.0], [111082.5, 57460.0], [111080.0, 48000.0], [111075.0, 39210.0], [111072.5, 300.0], [111070.0, 11870.0], [111067.5, 36400.0], [111062.5, 160.0], [111060.0, 1770.0], [111052.5, 2130.0], [111050.0, 7650.0], [111047.5, 1770.0], [111040.0, 1420.0], [111037.5, 4760.0], [111027.5, 530.0], [111025.0, 1770.0]], "asks": [[111097.5, 2700.0], [111100.0, 3260.0], [111102.5, 7460.0], [111105.0, 53850.0], [111107.5, 187760.0], [111110.0, 1780.0], [111120.0, 1130.0], [111122.5, 1780.0], [111125.0, 2000.0], [111132.5, 520.0], [111135.0, 1750.0], [111147.5, 1940.0], [111150.0, 6510.0], [111160.0, 15450.0], [111162.5, 51770.0], [111197.5, 520.0], [111200.0, 1750.0], [111207.5, 70.0], [111212.5, 9210.0], [111215.0, 24910.0]]}}}
{"jsonrpc": "2.0", "method": "subscription", "params": {"channel": "book.BTC-24OCT25.none.20.100ms", "data": {"timestamp": 1760992052807, "change_id": 122884538047, "instrument_name": "BTC-24OCT25", "bids": [[111095.0, 1260.0], [111092.5, 8960.0], [111090.0, 32990.0], [111087.5, 10000.0], [111085.0, 25860.0], [111082.5, 57460.0], [111080.0, 48000.0], [111075.0, 39210.0], [111072.5, 300.0], [111070.0, 11870.0], [111067.5, 36400.0], [111062.5, 690.0], [111060.0, 1770.0], [111052.5, 2130.0], [111050.0, 7650.0], [111047.5, 1770.0], [111040.0, 1420.0], [111037.5, 4760.0], [111027.5, 530.0], [111025.0, 1770.0]], "asks": [[111097.5, 4480.0], [111100.0, 3260.0], [111102.5, 7460.0], [111105.0, 53850.0], [111107.5, 187760.0], [111110.0, 1780.0], [111120.0, 1130.0], [111122.5, 1780.0], [111125.0, 2000.0], [111132.5, 520.0], [111135.0, 1750.0], [111147.5, 1940.0], [111150.0, 6510.0], [111160.0, 15450.0], [111162.5, 51770.0], [111197.5, 520.0], [111200.0, 1750.0], [111207.5, 70.0], [111212.5, 9210.0], [111215.0, 24910.0]]}}}
{"jsonrpc": "2.0", "method": "subscription", "params": {"channel": "book.BTC-24OCT25.none.20.100ms", "data": {"timestamp": 1760992053443, "change_id": 122884539001, "instrument_name": "BTC-24OCT25", "bids": [[111095.0, 1260.0], [111092.5, 8960.0], [111090.0, 32990.0], [111087.5, 10000.0], [111085.0, 25860.0], [111082.5, 57460.0], [111080.0, 48000.0], [111075.0, 39210.0], [111072.5, 300.0], [111070.0, 11870.0], [111067.5, 36400.0], [111062.5, 690.0], [111060.0, 1770.0], [111052.5, 2130.0], [111050.0, 7650.0], [111047.5, 1770.0], [111040.0, 1420.0], [111037.5, 4760.0], [111027.5, 530.0], [111025.0, 1770.0]], "asks": [[111097.5, 4480.0], [111100.0, 5960.0], [111102.5, 7460.0], [111105.0, 53850.0], [111107.5, 187760.0], [111110.0, 1780.0], [111120.0, 1130.0], [111122.5, 1780.0], [111125.0, 2000.0], [111132.5, 520.0], [111135.0, 1750.0], [111147.5, 1940.0], [111150.0, 6510.0], [111160.0, 15450.0], [111162.5, 51770.0], [111197.5, 520.0], [111200.0, 1750.0], [111207.5, 70.0], [111212.5, 9210.0], [111215.0, 24910.0]]}}}
{"jsonrpc": "2.0", "method": "subscription", "params": {"channel": "book.BTC-24OCT25.none.20.100ms", "data": {"timestamp": 1760992053800, "change_id": 122884539446, "instrument_name": "BTC-24OCT25", "bids": [[111095.0, 1260.0], [111092.5, 8960.0], [111090.0, 32990.0], [111087.5, 10000.0], [111085.0, 25860.0], [111082.5, 57460.0], [111080.0, 48000.0], [111077.5, 1000.0], [111075.0, 39210.0], [111070.0, 10870.0], [111067.5, 36400.0], [111062.5, 690.0], [111060.0, 1770.0], [111052.5, 2130.0], [111050.0, 7650.0], [111047.5, 1770.0], [111040.0, 1420.0], [111037.5, 4760.0], [111027.5, 530.0], [111025.0, 1770.0]], "asks": [[111097.5, 4480.0], [111100.0, 5950.0], [111102.5, 2700.0], [111105.0, 58610.0], [111107.5, 187760.0], [111110.0, 1780.0], [111120.0, 1130.0], [111122.5, 1780.0], [111125.0, 2000.0], [111132.5, 520.0], [111135.0, 1750.0], [111147.5, 1940.0], [111150.0, 6510.0], [111160.0, 15450.0], [111162.5, 51770.0], [111197.5, 520.0], [111200.0, 1750.0], [111207.5, 70.0], [111212.5, 9210.0], [111215.0, 24910.0]]}}}
{"jsonrpc": "2.0", "method": "subscription", "params": {"channel": "book.BTC-24OCT25.none.20.100ms", "data": {"timestamp": 1760992054078, "change_id": 122884539710, "instrument_name": "BTC-24OCT25", "bids": [[111090.0, 30000.0], [111087.5, 10000.0], [111085.0, 25860.0], [111082.5, 57460.0], [111080.0, 37240.0], [111077.5, 1000.0], [111075.0, 2810.0], [111072.5, 10870.0], [111070.0, 36400.0], [111062.5, 11490.0], [111060.0, 38170.0], [111052.5, 2130.0], [111050.0, 7650.0], [111047.5, 1770.0], [111040.0, 1420.0], [111037.5, 4760.0], [111027.5, 530.0], [111025.0, 1770.0], [111015.0, 6390.0], [111012.5, 18420.0]], "asks": [[111092.5, 4480.0], [111095.0, 4890.0], [111097.5, 2700.0], [111100.0, 5950.0], [111102.5, 2700.0], [111105.0, 58610.0], [111107.5, 187760.0], [111110.0, 1780.0], [111120.0, 1130.0], [111122.5, 1780.0], [111125.0, 2000.0], [111132.5, 520.0], [111135.0, 1750.0], [111147.5, 1940.0], [111150.0, 6510.0], [111160.0, 15450.0], [111162.5, 51770.0], [111197.5, 520.0], [111200.0, 1750.0], [111207.5, 70.0]]}}}
{"jsonrpc": "2.0", "method": "subscription", "params": {"channel": "book.BTC-24OCT25.none.20.100ms", "data": {"timestamp": 1760992054434, "change_id": 122884540318, "instrument_name": "BTC-24OCT25", "bids": [[111090.0, 30000.0], [111087.5, 10000.0], [111085.0, 25860.0], [111082.5, 57460.0], [111080.0, 37240.0], [111077.5, 1000.0], [111075.0, 2810.0], [111072.5, 10870.0], [111070.0, 36400.0], [111062.5, 11490.0], [111060.0, 38170.0], [111052.5, 2130.0], [111050.0, 7650.0], [111047.5, 1770.0], [111040.0, 1420.0], [111037.5, 4760.0], [111027.5, 530.0], [111025.0, 1770.0], [111015.0, 6390.0], [111012.5, 18420.0]], "asks": [[111092.5, 4480.0], [111095.0, 850.0], [111097.5, 2700.0], [111100.0, 3250.0], [111102.5, 2700.0], [111105.0, 58610.0], [111107.5, 187760.0], [111110.0, 1780.0], [111120.0, 1130.0], [111122.5, 1780.0], [111125.0, 2000.0], [111132.5, 520.0], [111135.0, 1750.0], [111147.5, 1940.0], [111150.0, 6510.0], [111160.0, 15450.0], [111162.5, 51770.0], [111197.5, 520.0], [111200.0, 1750.0], [111207.5, 70.0]]}}}
{"jsonrpc": "2.0", "method": "subscription", "params": {"channel": "book.BTC-24OCT25.none.20.100ms", "data": {"timestamp": 1760992054578, "change_id": 122884540479, "instrument_name": "BTC-24OCT25", "bids": [[111090.0, 30000.0], [111087.5, 10000.0], [111085.0, 25860.0], [111082.5, 57460.0], [111080.0, 37240.0], [111077.5, 1000.0], [111075.0, 2810.0], [111072.5, 10870.0], [111070.0, 36400.0], [111062.5, 11490.0], [111060.0, 38170.0], [111052.5, 2130.0], [111050.0, 7650.0], [111047.5, 1770.0], [111040.0, 1420.0], [111037.5, 4760.0], [111027.5, 530.0], [111025.0, 1770.0], [111015.0, 6390.0], [111012.5, 18420.0]], "asks": [[111092.5, 4480.0], [111095.0, 850.0], [111097.5, 2700.0], [111100.0, 3250.0], [111102.5, 2700.0], [111105.0, 58610.0], [111107.5, 187760.0], [111110.0, 1780.0], [111120.0, 1130.0], [111122.5, 1780.0], [111125.0, 2000.0], [111132.5, 520.0], [111135.0, 1750.0], [111147.5, 1940.0], [111150.0, 6510.0], [111160.0, 15450.0], [111162.5, 51770.0], [111197.5, 520.0], [111200.0, 1750.0], [111207.5, 70.0]]}}}
{"jsonrpc": "2.0", "method": "subscription", "params": {"channel": "book.BTC-24OCT25.none.20.100ms", "data": {"timestamp": 1760992055080, "change_id": 122884540824, "instrument_name": "BTC-24OCT25", "bids": [[111090.0, 30000.0], [111087.5, 10000.0], [111085.0, 25860.0], [111082.5, 57460.0], [111080.0, 37240.0], [111077.5, 1000.0], [111075.0, 2810.0], [111072.5, 10870.0], [111070.0, 36400.0], [111062.5, 11490.0], [111060.0, 38170.0], [111052.5, 2130.0], [111050.0, 7650.0], [111047.5, 1770.0], [111040.0, 1420.0], [111037.5, 4760.0], [111027.5, 530.0], [111025.0, 1770.0], [111015.0, 6390.0], [111012.5, 18420.0]], "asks": [[111092.5, 4480.0], [111095.0, 850.0], [111097.5, 2700.0], [111100.0, 3250.0], [111102.5, 2700.0], [111105.0, 58610.0], [111107.5, 187760.0], [111110.0, 1780.0], [111120.0, 1130.0], [111122.5, 1780.0], [111125.0, 2000.0], [111132.5, 520.0], [111135.0, 1750.0], [111147.5, 1940.0], [111150.0, 6510.0], [111160.0, 15450.0], [111162.5, 51770.0], [111197.5, 520.0], [111200.0, 1750.0], [111207.5, 70.0]]}}}
{"jsonrpc": "2.0", "method": "subscription", "params": {"channel": "book.BTC-24OCT25.none.20.100ms", "data": {"timestamp": 1760992055496, "change_id": 122884541599, "instrument_name": "BTC-24OCT25", "bids": [[111092.5, 9530.0], [111090.0, 35190.0], [111087.5, 10000.0], [111085.0, 25860.0], [111082.5, 57460.0], [111080.0, 37240.0], [111077.5, 1000.0], [111075.0, 2810.0], [111072.5, 10870.0], [111070.0, 36400.0], [111062.5, 11490.0], [111060.0, 38170.0], [111052.5, 2130.0], [111050.0, 7650.0], [111047.5, 1770.0], [111040.0, 1420.0], [111037.5, 4760.0], [111027.5, 530.0], [111025.0, 1770.0], [111015.0, 6390.0]], "asks": [[111097.5, 4450.0], [111100.0, 3250.0], [111102.5, 2700.0], [111105.0, 58610.0], [111107.5, 187760.0], [111110.0, 1780.0], [111120.0, 1130.0], [111122.5, 1780.0], [111125.0, 2000.0], [111132.5, 520.0], [111135.0, 1750.0], [111147.5, 1940.0], [111150.0, 6510.0], [111160.0, 15450.0], [111162.5, 51770.0], [111197.5, 520.0], [111200.0, 1750.0], [111207.5, 70.0], [111212.5, 9210.0], [111215.0, 24910.0]]}}}
{"jsonrpc": "2.0", "method": "subscription", "params": {"channel": "book.BTC-24OCT25.none.20.100ms", "data": {"timestamp": 1760992055603, "change_id": 122884541643, "instrument_name": "BTC-24OCT25", "bids": [[111092.5, 9530.0], [111090.0, 49730.0], [111087.5, 10000.0], [111085.0, 66880.0], [111082.5, 7460.0], [111080.0, 37240.0], [111077.5, 1000.0], [111075.0, 2810.0], [111072.5, 10870.0], [111070.0, 36400.0], [111062.5, 11490.0], [111060.0, 38170.0], [111052.5, 2130.0], [111050.0, 7650.0], [111047.5, 1770.0], [111040.0, 1420.0], [111037.5, 4760.0], [111027.5, 530.0], [111025.0, 1770.0], [111015.0, 6390.0]], "asks": [[111097.5, 4450.0], [111100.0, 3250.0], [111102.5, 2700.0], [111105.0, 58610.0], [111107.5, 187760.0], [111110.0, 1780.0], [111120.0, 1130.0], [111122.5, 1780.0], [111125.0, 2000.0], [111132.5, 520.0], [111135.0, 1750.0], [111147.5, 1940.0], [111150.0, 6510.0], [111160.0, 15450.0], [111162.5, 51770.0], [111197.5, 520.0], [111200.0, 1750.0], [111207.5, 70.0], [111212.5, 9210.0], [111215.0, 24910.0]]}}}
{"jsonrpc": "2.0", "method": "subscription", "params": {"channel": "book.BTC-24OCT25.none.20.100ms", "data": {"timestamp": 1760992056164, "change_id": 122884542002, "instrument_name": "BTC-24OCT25", "bids": [[111092.5, 9530.0], [111090.0, 49730.0], [111087.5, 10000.0], [111085.0, 66430.0], [111082.5, 2700.0], [111080.0, 37240.0], [111077.5, 1000.0], [111075.0, 2810.0], [111072.5, 10870.0], [111070.0, 36400.0], [111062.5, 11490.0], [111060.0, 38170.0], [111052.5, 2130.0], [111050.0, 7650.0], [111047.5, 1770.0], [111040.0, 1420.0], [111037.5, 4760.0], [111027.5, 530.0], [111025.0, 1770.0], [111015.0, 6390.0]], "asks": [[111097.5, 4450.0], [111100.0, 3250.0], [111102.5, 2700.0], [111105.0, 58610.0], [111107.5, 187760.0], [111110.0, 1780.0], [111120.0, 1130.0], [111122.5, 1780.0], [111125.0, 2000.0], [111132.5, 520.0], [111135.0, 1750.0], [111147.5, 1940.0], [111150.0, 6510.0], [111160.0, 15450.0], [111162.5, 51770.0], [111197.5, 520.0], [111200.0, 1750.0], [111207.5, 70.0], [111212.5, 9210.0], [111215.0, 24910.0]]}}}
{"jsonrpc": "2.0", "method": "subscription", "params": {"channel": "book.BTC-24OCT25.none.20.100ms", "data": {"timestamp": 1760992056389, "change_id": 122884542403, "instrument_name": "BTC-24OCT25", "bids": [[111092.5, 9530.0], [111090.0, 49730.0], [111087.5, 10000.0], [111085.0, 66430.0], [111082.5, 2700.0], [111080.0, 37240.0], [111077.5, 1000.0], [111075.0, 2810.0], [111072.5, 10870.0], [111070.0, 36400.0], [111062.5, 11490.0], [111060.0, 38170.0], [111052.5, 2130.0], [111050.0, 7650.0], [111047.5, 1770.0], [111040.0, 1420.0], [111037.5, 4760.0], [111027.5, 530.0], [111025.0, 1770.0], [111015.0, 6390.0]], "asks": [[111097.5, 4450.0], [111100.0, 2070.0], [111102.5, 2700.0], [111105.0, 53850.0], [111107.5, 187760.0], [111110.0, 1780.0], [111120.0, 1130.0], [111122.5, 1780.0], [111125.0, 2000.0], [111132.5, 520.0], [111135.0, 1750.0], [111147.5, 1940.0], [111150.0, 6510.0], [111160.0, 15450.0], [111162.5, 51770.0], [111197.5, 520.0], [111200.0, 1750.0], [111207.5, 70.0], [111212.5, 9210.0], [111215.0, 24910.0]]}}}
{"jsonrpc": "2.0", "method": "subscription", "params": {"channel": "book.BTC-24OCT25.none.20.100ms", "data": {"timestamp": 1760992056797, "change_id": 122884542983, "instrument_name": "BTC-24OCT25", "bids": [[111092.5, 9530.0], [111090.0, 47530.0], [111087.5, 10000.0], [111085.0, 66430.0], [111082.5, 2700.0], [111080.0, 37240.0], [111077.5, 1000.0], [111075.0, 2810.0], [111072.5, 10870.0], [111070.0, 36400.0], [111062.5, 11490.0], [111060.0, 38170.0], [111052.5, 2130.0], [111050.0, 7650.0], [111047.5, 1770.0], [111040.0, 1420.0], [111037.5, 4760.0], [111027.5, 530.0], [111025.0, 1770.0], [111015.0, 6390.0]], "asks": [[111097.5, 4450.0], [111100.0, 3250.0], [111102.5, 2700.0], [111105.0, 58610.0], [111107.5, 187760.0], [111110.0, 1780.0], [111120.0, 1130.0], [111122.5, 1780.0], [111125.0, 2000.0], [111132.5, 520.0], [111135.0, 1750.0], [111147.5, 1940.0], [111150.0, 6510.0], [111160.0, 15450.0], [111162.5, 51770.0], [111197.5, 520.0], [111200.0, 1750.0], [111207.5, 70.0], [111212.5, 9210.0], [111215.0, 24910.0]]}}}
{"jsonrpc": "2.0", "method": "subscription", "params": {"channel": "book.BTC-24OCT25.none.20.100ms", "data": {"timestamp": 1760992057782, "change_id": 122884544063, "instrument_name": "BTC-24OCT25", "bids": [[111090.0, 47530.0], [111087.5, 10000.0], [111085.0, 66430.0], [111082.5, 2700.0], [111080.0, 37240.0], [111077.5, 1000.0], [111075.0, 2810.0], [111072.5, 10870.0], [111070.0, 36400.0], [111062.5, 11490.0], [111060.0, 38170.0], [111052.5, 2130.0], [111050.0, 7650.0], [111047.5, 1770.0], [111040.0, 1420.0], [111037.5, 4760.0], [111027.5, 530.0], [111025.0, 1770.0], [111015.0, 6390.0], [111012.5, 18420.0]], "asks": [[111095.0, 4450.0], [111097.5, 4450.0], [111100.0, 3250.0], [111102.5, 2700.0], [111105.0, 58610.0], [111107.5, 187760.0], [111110.0, 1780.0], [111120.0, 1130.0], [111122.5, 1780.0], [111125.0, 2000.0], [111132.5, 520.0], [111135.0, 1750.0], [111147.5, 1940.0], [111150.0, 6510.0], [111160.0, 15450.0], [111162.5, 51770.0], [111197.5, 520.0], [111200.0, 1750.0], [111207.5, 70.0], [111212.5, 9210.0]]}}}
{"jsonrpc": "2.0", "method": "subscription", "params": {"channel": "book.BTC-24OCT25.none.20.100ms", "data": {"timestamp": 1760992057933, "change_id": 122884544213, "instrument_name": "BTC-24OCT25", "bids": [[111090.0, 47530.0], [111087.5, 10000.0], [111085.0, 66430.0], [111082.5, 2700.0], [111080.0, 37240.0], [111077.5, 1000.0], [111075.0, 2810.0], [111072.5, 10870.0], [111070.0, 36400.0], [111062.5, 11490.0], [111060.0, 38170.0], [111052.5, 2130.0], [111050.0, 7650.0], [111047.5, 1770.0], [111040.0, 1420.0], [111037.5, 4760.0], [111027.5, 530.0], [111025.0, 1770.0], [111015.0, 6390.0], [111012.5, 18420.0]], "asks": [[111095.0, 4450.0], [111097.5, 2700.0], [111100.0, 3250.0], [111102.5, 2700.0], [111105.0, 58610.0], [111107.5, 187760.0], [111110.0, 1780.0], [111120.0, 1130.0], [111122.5, 1780.0], [111125.0, 2000.0], [111132.5, 520.0], [111135.0, 1750.0], [111147.5, 1940.0], [111150.0, 6510.0], [111160.0, 15450.0], [111162.5, 51770.0], [111197.5, 520.0], [111200.0, 1750.0], [111207.5, 70.0], [111212.5, 9210.0]]}}}
{"jsonrpc": "2.0", "method": "subscription", "params": {"channel": "book.BTC-24OCT25.none.20.100ms", "data": {"timestamp": 1760992058271, "change_id": 122884544435, "instrument_name": "BTC-24OCT25", "bids": [[111090.0, 26040.0], [111087.5, 40000.0], [111085.0, 66430.0], [111082.5, 2700.0], [111080.0, 37240.0], [111077.5, 1000.0], [111075.0, 2810.0], [111072.5, 10870.0], [111070.0, 36400.0], [111062.5, 11490.0], [111060.0, 38170.0], [111052.5, 2130.0], [111050.0, 7650.0], [111047.5, 1770.0], [111040.0, 1420.0], [111037.5, 4760.0], [111027.5, 530.0], [111025.0, 1770.0], [111015.0, 6390.0], [111012.5, 18420.0]], "asks": [[111095.0, 5300.0], [111097.5, 2700.0], [111100.0, 3250.0], [111102.5, 2700.0], [111105.0, 58610.0], [111107.5, 187760.0], [111110.0, 1780.0], [111120.0, 1130.0], [111122.5, 1780.0], [111125.0, 2000.0], [111132.5, 520.0], [111135.0, 1750.0], [111147.5, 1940.0], [111150.0, 6510.0], [111160.0, 15450.0], [111162.5, 51770.0], [111197.5, 520.0], [111200.0, 1750.0], [111207.5, 70.0], [111212.5, 9210.0]]}}}
{"jsonrpc": "2.0", "method": "subscription", "params": {"channel": "book.BTC-24OCT25.none.20.100ms", "data": {"timestamp": 1760992058785, "change_id": 122884545267, "instrument_name": "BTC-24OCT25", "bids": [[111090.0, 93360.0], [111087.5, 10000.0], [111085.0, 16430.0], [111082.5, 2700.0], [111080.0, 37240.0], [111077.5, 1000.0], [111075.0, 2810.0], [111072.5, 10870.0], [111070.0, 36400.0], [111062.5, 11490.0], [111060.0, 38170.0], [111052.5, 2130.0], [111050.0, 7650.0], [111047.5, 1770.0], [111040.0, 1420.0], [111037.5, 4760.0], [111027.5, 530.0], [111025.0, 1770.0], [111015.0, 6390.0], [111012.5, 18420.0]], "asks": [[111095.0, 5300.0], [111097.5, 2700.0], [111100.0, 3250.0], [111102.5, 2700.0], [111105.0, 58610.0], [111107.5, 187760.0], [111110.0, 1780.0], [111120.0, 1130.0], [111122.5, 1780.0], [111125.0, 2000.0], [111132.5, 520.0], [111135.0, 1750.0], [111147.5, 1940.0], [111150.0, 6510.0], [111160.0, 15450.0], [111162.5, 51770.0], [111197.5, 520.0], [111200.0, 1750.0], [111207.5, 70.0], [111212.5, 9210.0]]}}}
{"jsonrpc": "2.0", "method": "subscription", "params": {"channel": "book.BTC-24OCT25.none.20.100ms", "data": {"timestamp": 1760992059092, "change_id": 122884545479, "instrument_name": "BTC-24OCT25", "bids": [[111090.0, 93360.0], [111087.5, 10000.0], [111085.0, 16430.0], [111082.5, 2700.0], [111080.0, 37240.0], [111077.5, 1000.0], [111075.0, 2810.0], [111072.5, 10870.0], [111070.0, 36400.0], [111062.5, 11490.0], [111060.0, 38170.0], [111052.5, 2130.0], [111050.0, 7650.0], [111047.5, 1770.0], [111040.0, 1420.0], [111037.5, 4760.0], [111027.5, 530.0], [111025.0, 1770.0], [111015.0, 6390.0], [111012.5, 18420.0]], "asks": [[111095.0, 3550.0], [111097.5, 2700.0], [111100.0, 3250.0], [111102.5, 2700.0], [111105.0, 58610.0], [111107.5, 187760.0], [111110.0, 1780.0], [111120.0, 1130.0], [111122.5, 1780.0], [111125.0, 2000.0], [111132.5, 520.0], [111135.0, 1750.0], [111147.5, 1940.0], [111150.0, 6510.0], [111160.0, 15450.0], [111162.5, 51770.0], [111197.5, 520.0], [111200.0, 1750.0], [111207.5, 70.0], [111212.5, 9210.0]]}}}
{"jsonrpc": "2.0", "method": "subscription", "params": {"channel": "book.BTC-24OCT25.none.20.100ms", "data": {"timestamp": 1760992059378, "change_id": 122884545845, "instrument_name": "BTC-24OCT25", "bids": [[111092.5, 26890.0], [111090.0, 93360.0], [111087.5, 10000.0], [111085.0, 16430.0], [111082.5, 2700.0], [111080.0, 37240.0], [111077.5, 1000.0], [111075.0, 2810.0], [111072.5, 10870.0], [111070.0, 36400.0], [111062.5, 11490.0], [111060.0, 38170.0], [111052.5, 2130.0], [111050.0, 7650.0], [111047.5, 1770.0], [111040.0, 1420.0], [111037.5, 4760.0], [111027.5, 530.0], [111025.0, 1770.0], [111015.0, 6390.0]], "asks": [[111097.5, 2700.0], [111100.0, 3250.0], [111102.5, 2700.0], [111105.0, 58610.0], [111107.5, 187760.0], [111110.0, 1780.0], [111120.0, 1130.0], [111122.5, 1780.0], [111125.0, 2000.0], [111132.5, 520.0], [111135.0, 1750.0], [111147.5, 1940.0], [111150.0, 6510.0], [111160.0, 15450.0], [111162.5, 51770.0], [111197.5, 520.0], [111200.0, 1750.0], [111207.5, 70.0], [111212.5, 9210.0], [111215.0, 24910.0]]}}}
{"jsonrpc": "2.0", "method": "subscription", "params": {"channel": "book.BTC-24OCT25.none.20.100ms", "data": {"timestamp": 1760992059729, "change_id": 122884546480, "instrument_name": "BTC-24OCT25", "bids": [[111095.0, 3010.0], [111092.5, 23880.0], [111090.0, 93360.0], [111087.5, 10000.0], [111085.0, 16430.0], [111082.5, 2700.0], [111080.0, 37240.0], [111077.5, 1000.0], [111075.0, 2810.0], [111072.5, 10870.0], [111070.0, 36400.0], [111062.5, 11490.0], [111060.0, 38170.0], [111052.5, 2130.0], [111050.0, 7650.0], [111047.5, 1770.0], [111040.0, 1420.0], [111037.5, 4760.0], [111027.5, 530.0], [111025.0, 1770.0]], "asks": [[111097.5, 2700.0], [111100.0, 3250.0], [111102.5, 2700.0], [111105.0, 58610.0], [111107.5, 187760.0], [111110.0, 1780.0], [111120.0, 1130.0], [111122.5, 1780.0], [111125.0, 2000.0], [111132.5, 520.0], [111135.0, 1750.0], [111147.5, 1940.0], [111150.0, 6510.0], [111160.0, 15450.0], [111162.5, 51770.0], [111197.5, 520.0], [111200.0, 1750.0], [111207.5, 70.0], [111212.5, 9210.0], [111215.0, 24910.0]]}}}
{"jsonrpc": "2.0", "method": "subscription", "params": {"channel": "book.BTC-24OCT25.none.20.100ms", "data": {"timestamp": 1760992060048, "change_id": 122884547949, "instrument_name": "BTC-24OCT25", "bids": [[111110.0, 1260.0], [111107.5, 1750.0], [111102.5, 2700.0], [111100.0, 2700.0], [111097.5, 39100.0], [111095.0, 6510.0], [111090.0, 80000.0], [111087.5, 47400.0], [111085.0, 1040.0], [111077.5, 36400.0], [111075.0, 1770.0], [111062.5, 160.0], [111060.0, 1770.0], [111050.0, 7120.0], [111047.5, 1770.0], [111037.5, 4760.0], [111025.0, 1770.0], [111012.5, 18420.0], [111010.0, 3000.0], [110990.0, 1710.0]], "asks": [[111115.0, 1910.0], [111117.5, 1000.0], [111122.5, 7460.0], [111125.0, 12000.0], [111130.0, 2700.0], [111132.5, 2700.0], [111135.0, 1750.0], [111150.0, 6510.0], [111162.5, 51770.0], [111200.0, 1750.0], [111207.5, 70.0], [111212.5, 1770.0], [111215.0, 24910.0], [111225.0, 1730.0], [111237.5, 16290.0], [111275.0, 1770.0], [111300.0, 47500.0], [111320.0, 2340.0], [111322.5, 1740.0], [111337.5, 70.0]]}}}
{"jsonrpc": "2.0", "method": "subscription", "params": {"channel": "book.BTC-24OCT25.none.20.100ms", "data": {"timestamp": 1760992060372, "change_id": 122884548307, "instrument_name": "BTC-24OCT25", "bids": [[111110.0, 3010.0], [111102.5, 2700.0], [111100.0, 2700.0], [111097.5, 39100.0], [111095.0, 6510.0], [111090.0, 80000.0], [111087.5, 47400.0], [111085.0, 1040.0], [111077.5, 36400.0], [111075.0, 1770.0], [111062.5, 160.0], [111060.0, 1770.0], [111052.5, 7120.0], [111047.5, 1770.0], [111037.5, 4760.0], [111025.0, 1770.0], [111012.5, 18420.0], [111010.0, 3000.0], [110990.0, 1710.0], [110985.0, 50.0]], "asks": [[111112.5, 2700.0], [111115.0, 160.0], [111117.5, 1000.0], [111120.0, 2700.0], [111122.5, 7460.0], [111125.0, 12000.0], [111130.0, 2700.0], [111132.5, 2700.0], [111135.0, 1750.0], [111150.0, 6510.0], [111162.5, 51770.0], [111200.0, 1750.0], [111207.5, 70.0], [111212.5, 1770.0], [111215.0, 24910.0], [111225.0, 1730.0], [111237.5, 16290.0], [111275.0, 1770.0], [111300.0, 47500.0], [111320.0, 2340.0]]}}}
{"jsonrpc": "2.0", "method": "subscription", "params": {"channel": "book.BTC-24OCT25.none.20.100ms", "data": {"timestamp": 1760992060656, "change_id": 122884549248, "instrument_name": "BTC-24OCT25", "bids": [[111110.0, 3010.0], [111105.0, 1610.0], [111102.5, 2700.0], [111100.0, 16310.0], [111097.5, 39100.0], [111095.0, 40390.0], [111092.5, 80000.0], [111090.0, 14460.0], [111087.5, 37400.0], [111085.0, 1040.0], [111080.0, 11390.0], [111077.5, 36400.0], [111075.0, 1930.0], [111062.5, 530.0], [111060.0, 1770.0], [111055.0, 2130.0], [111052.5, 7120.0], [111050.0, 530.0], [111047.5, 1770.0], [111040.0, 1420.0]], "asks": [[111112.5, 2700.0], [111115.0, 1260.0], [111117.5, 1000.0], [111120.0, 5520.0], [111122.5, 7460.0], [111125.0, 2000.0], [111127.5, 810.0], [111130.0, 6840.0], [111132.5, 2700.0], [111135.0, 11750.0], [111147.5, 1940.0], [111150.0, 6510.0], [111160.0, 15450.0], [111162.5, 51770.0], [111197.5, 520.0], [111200.0, 1750.0], [111207.5, 70.0], [111212.5, 9210.0], [111215.0, 24910.0], [111222.5, 520.0]]}}}
{"jsonrpc": "2.0", "method": "subscription", "params": {"channel": "book.BTC-24OCT25.none.20.100ms", "data": {"timestamp": 1760992061088, "change_id": 122884550355, "instrument_name": "BTC-24OCT25", "bids": [[111115.0, 1260.0], [111107.5, 13370.0], [111105.0, 38010.0], [111102.5, 2700.0], [111100.0, 16310.0], [111097.5, 36400.0], [111095.0, 35940.0], [111092.5, 81040.0], [111090.0, 14460.0], [111087.5, 37400.0], [111080.0, 1920.0], [111075.0, 6690.0], [111062.5, 530.0], [111060.0, 1770.0], [111055.0, 2130.0], [111052.5, 7120.0], [111050.0, 530.0], [111047.5, 1770.0], [111040.0, 1420.0], [111037.5, 4760.0]], "asks": [[111117.5, 2750.0], [111120.0, 2120.0], [111122.5, 2700.0], [111125.0, 4760.0], [111127.5, 810.0], [111130.0, 6890.0], [111132.5, 12860.0], [111135.0, 33260.0], [111137.5, 103180.0], [111147.5, 1940.0], [111150.0, 7110.0], [111152.5, 2000.0], [111160.0, 15450.0], [111162.5, 51770.0], [111197.5, 520.0], [111200.0, 1750.0], [111207.5, 70.0], [111212.5, 9210.0], [111215.0, 24910.0], [111222.5, 520.0]]}}}
{"jsonrpc": "2.0", "method": "subscription", "params": {"channel": "book.BTC-24OCT25.none.20.100ms", "data": {"timestamp": 1760992061394, "change_id": 122884550912, "instrument_name": "BTC-24OCT25", "bids": [[111115.0, 1260.0], [111107.5, 13370.0], [111105.0, 38010.0], [111102.5, 2700.0], [111100.0, 16310.0], [111097.5, 36400.0], [111095.0, 35940.0], [111092.5, 81040.0], [111090.0, 14460.0], [111087.5, 37400.0], [111080.0, 1920.0], [111075.0, 6690.0], [111062.5, 530.0], [111060.0, 1770.0], [111055.0, 2130.0], [111052.5, 7120.0], [111050.0, 530.0], [111047.5, 1770.0], [111040.0, 1420.0], [111037.5, 4760.0]], "asks": [[111117.5, 5450.0], [111120.0, 5100.0], [111122.5, 2700.0], [111125.0, 15570.0], [111127.5, 2700.0], [111130.0, 1960.0], [111132.5, 2700.0], [111135.0, 35960.0], [111137.5, 103180.0], [111147.5, 1940.0], [111150.0, 7110.0], [111152.5, 2000.0], [111160.0, 15450.0], [111162.5, 51770.0], [111197.5, 520.0], [111200.0, 1750.0], [111207.5, 70.0], [111212.5, 9210.0], [111215.0, 24910.0], [111222.5, 520.0]]}}}
{"jsonrpc": "2.0", "method": "subscription", "params": {"channel": "book.BTC-24OCT25.none.20.100ms", "data": {"timestamp": 1760992061746, "change_id": 122884551585, "instrument_name": "BTC-24OCT25", "bids": [[111107.5, 520.0], [111105.0, 3360.0], [111102.5, 2700.0], [111100.0, 16310.0], [111097.5, 36400.0], [111095.0, 32700.0], [111092.5, 82790.0], [111090.0, 14460.0], [111087.5, 37400.0], [111080.0, 12620.0], [111077.5, 36400.0], [111075.0, 6690.0], [111062.5, 530.0], [111060.0, 1770.0], [111055.0, 2130.0], [111052.5, 7120.0], [111050.0, 530.0], [111047.5, 1770.0], [111040.0, 1420.0], [111037.5, 4760.0]], "asks": [[111112.5, 6410.0], [111115.0, 2700.0], [111117.5, 3700.0], [111120.0, 5100.0], [111122.5, 2700.0], [111125.0, 15570.0], [111127.5, 2700.0], [111130.0, 1960.0], [111132.5, 2700.0], [111135.0, 22230.0], [111137.5, 49570.0], [111147.5, 1940.0], [111150.0, 7110.0], [111152.5, 2000.0], [111160.0, 15450.0], [111162.5, 51770.0], [111197.5, 520.0], [111200.0, 1750.0], [111207.5, 70.0], [111212.5, 9210.0]]}}}
{"jsonrpc": "2.0", "method": "subscription", "params": {"channel": "book.BTC-24OCT25.none.20.100ms", "data": {"timestamp": 1760992062081, "change_id": 122884552051, "instrument_name": "BTC-24OCT25", "bids": [[111107.5, 3010.0], [111105.0, 1610.0], [111102.5, 2700.0], [111100.0, 16310.0], [111097.5, 36400.0], [111095.0, 33830.0], [111092.5, 82790.0], [111090.0, 14460.0], [111087.5, 37400.0], [111080.0, 12620.0], [111077.5, 36400.0], [111075.0, 6690.0], [111062.5, 530.0], [111060.0, 1770.0], [111055.0, 2130.0], [111052.5, 7120.0], [111050.0, 530.0], [111047.5, 1770.0], [111040.0, 1420.0], [111037.5, 4760.0]], "asks": [[111112.5, 4550.0], [111115.0, 2700.0], [111117.5, 3700.0], [111120.0, 5100.0], [111122.5, 4450.0], [111125.0, 15570.0], [111127.5, 2700.0], [111130.0, 1330.0], [111132.5, 2700.0], [111135.0, 19530.0], [111137.5, 49570.0], [111147.5, 1940.0], [111150.0, 7110.0], [111152.5, 2000.0], [111160.0, 15450.0], [111162.5, 51770.0], [111197.5, 520.0], [111200.0, 1750.0], [111207.5, 70.0], [111212.5, 9210.0]]}}}
{"jsonrpc": "2.0", "method": "subscription", "params": {"channel": "book.BTC-24OCT25.none.20.100ms", "data": {"timestamp": 1760992062374, "change_id": 122884552429, "instrument_name": "BTC-24OCT25", "bids": [[111110.0, 1260.0], [111105.0, 1610.0], [111102.5, 2700.0], [111100.0, 23770.0], [111097.5, 36400.0], [111095.0, 54870.0], [111092.5, 52790.0], [111090.0, 14460.0], [111087.5, 37400.0], [111080.0, 12620.0], [111077.5, 36400.0], [111075.0, 6690.0], [111062.5, 530.0], [111060.0, 1770.0], [111055.0, 2130.0], [111052.5, 7120.0], [111050.0, 530.0], [111047.5, 1770.0], [111040.0, 1420.0], [111037.5, 4760.0]], "asks": [[111112.5, 2700.0], [111115.0, 6840.0], [111117.5, 13700.0], [111120.0, 2910.0], [111122.5, 4450.0], [111125.0, 15280.0], [111127.5, 35590.0], [111130.0, 1330.0], [111132.5, 2700.0], [111135.0, 19530.0], [111137.5, 49570.0], [111147.5, 1940.0], [111150.0, 7110.0], [111152.5, 2000.0], [111160.0, 15450.0], [111162.5, 51770.0], [111197.5, 520.0], [111200.0, 1750.0], [111207.5, 70.0], [111212.5, 9210.0]]}}}
{"jsonrpc": "2.0", "method": "subscription", "params": {"channel": "book.BTC-24OCT25.none.20.100ms", "data": {"timestamp": 1760992062575, "change_id": 122884552960, "instrument_name": "BTC-24OCT25", "bids": [[111110.0, 3010.0], [111105.0, 1610.0], [111102.5, 2700.0], [111100.0, 37740.0], [111097.5, 36400.0], [111095.0, 90830.0], [111092.5, 2790.0], [111090.0, 14460.0], [111087.5, 37400.0], [111080.0, 12620.0], [111077.5, 36400.0], [111075.0, 6690.0], [111062.5, 530.0], [111060.0, 1770.0], [111055.0, 2130.0], [111052.5, 7120.0], [111050.0, 530.0], [111047.5, 1770.0], [111040.0, 1420.0], [111037.5, 4760.0]], "asks": [[111112.5, 2700.0], [111115.0, 6840.0], [111117.5, 13700.0], [111120.0, 2910.0], [111122.5, 4450.0], [111125.0, 15280.0], [111127.5, 35590.0], [111130.0, 1330.0], [111132.5, 2700.0], [111135.0, 19530.0], [111137.5, 49570.0], [111147.5, 1940.0], [111150.0, 7110.0], [111152.5, 2000.0], [111160.0, 15450.0], [111162.5, 51770.0], [111197.5, 520.0], [111200.0, 1750.0], [111207.5, 70.0], [111212.5, 9210.0]]}}}
{"jsonrpc": "2.0", "method": "subscription", "params": {"channel": "book.BTC-24OCT25.none.20.100ms", "data": {"timestamp": 1760992063048, "change_id": 122884553937, "instrument_name": "BTC-24OCT25", "bids": [[111117.5, 3010.0], [111115.0, 810.0], [111112.5, 2700.0], [111110.0, 11460.0], [111107.5, 2300.0], [111105.0, 47300.0], [111102.5, 12700.0], [111100.0, 35040.0], [111097.5, 36400.0], [111095.0, 81830.0], [111092.5, 2790.0], [111090.0, 14460.0], [111087.5, 36400.0], [111080.0, 2000.0], [111075.0, 6690.0], [111065.0, 2500.0], [111062.5, 7120.0], [111060.0, 1770.0], [111050.0, 530.0], [111047.5, 1770.0]], "asks": [[111120.0, 160.0], [111122.5, 2700.0], [111125.0, 15380.0], [111127.5, 35590.0], [111130.0, 5140.0], [111132.5, 12700.0], [111135.0, 19530.0], [111137.5, 49570.0], [111147.5, 1940.0], [111150.0, 7110.0], [111152.5, 2000.0], [111160.0, 15450.0], [111162.5, 51770.0], [111197.5, 520.0], [111200.0, 1750.0], [111207.5, 70.0], [111212.5, 9210.0], [111215.0, 24910.0], [111222.5, 520.0], [111225.0, 1730.0]]}}}
{"jsonrpc": "2.0", "method": "subscription", "params": {"channel": "book.BTC-24OCT25.none.20.100ms", "data": {"timestamp": 1760992063350, "change_id": 122884554313, "instrument_name": "BTC-24OCT25", "bids": [[111117.5, 3010.0], [111115.0, 810.0], [111112.5, 2700.0], [111110.0, 11460.0], [111107.5, 2300.0], [111105.0, 47300.0], [111102.5, 12700.0], [111100.0, 35040.0], [111097.5, 36400.0], [111095.0, 81830.0], [111092.5, 2790.0], [111090.0, 14460.0], [111087.5, 36400.0], [111080.0, 2000.0], [111075.0, 6690.0], [111065.0, 2500.0], [111062.5, 7120.0], [111060.0, 1770.0], [111050.0, 530.0], [111047.5, 1770.0]], "asks": [[111120.0, 160.0], [111122.5, 3700.0], [111125.0, 15380.0], [111127.5, 35590.0], [111130.0, 6840.0], [111132.5, 12700.0], [111135.0, 22230.0], [111137.5, 49570.0], [111147.5, 1940.0], [111150.0, 7110.0], [111152.5, 2000.0], [111160.0, 15450.0], [111162.5, 51770.0], [111197.5, 520.0], [111200.0, 1750.0], [111207.5, 70.0], [111212.5, 9210.0], [111215.0, 24910.0], [111222.5, 520.0], [111225.0, 1730.0]]}}}
{"jsonrpc": "2.0", "method": "subscription", "params": {"channel": "book.BTC-24OCT25.none.20.100ms", "data": {"timestamp": 1760992063697, "change_id": 122884555074, "instrument_name": "BTC-24OCT25", "bids": [[111117.5, 3010.0], [111115.0, 3690.0], [111112.5, 2700.0], [111110.0, 21460.0], [111107.5, 2300.0], [111105.0, 47300.0], [111102.5, 2700.0], [111100.0, 35040.0], [111097.5, 36400.0], [111095.0, 81830.0], [111092.5, 2790.0], [111090.0, 14460.0], [111087.5, 36400.0], [111080.0, 2000.0], [111075.0, 6690.0], [111065.0, 2500.0], [111062.5, 7120.0], [111060.0, 1770.0], [111050.0, 530.0], [111047.5, 1770.0]], "asks": [[111120.0, 160.0], [111122.5, 3700.0], [111125.0, 10620.0], [111127.5, 35590.0], [111130.0, 6840.0], [111132.5, 12700.0], [111135.0, 4450.0], [111147.5, 1940.0], [111150.0, 7110.0], [111152.5, 2000.0], [111160.0, 15450.0], [111162.5, 51770.0], [111197.5, 520.0], [111200.0, 1750.0], [111207.5, 70.0], [111212.5, 9210.0], [111215.0, 24910.0], [111222.5, 520.0], [111225.0, 1730.0], [111235.0, 4860.0]]}}}
{"jsonrpc": "2.0", "method": "subscription", "params": {"channel": "book.BTC-24OCT25.none.20.100ms", "data": {"timestamp": 1760992064085, "change_id": 122884555537, "instrument_name": "BTC-24OCT25", "bids": [[111112.5, 7440.0], [111110.0, 21460.0], [111107.5, 2300.0], [111105.0, 45550.0], [111102.5, 2700.0], [111100.0, 24180.0], [111097.5, 80000.0], [111095.0, 1830.0], [111092.5, 2790.0], [111090.0, 14460.0], [111087.5, 36400.0], [111085.0, 10870.0], [111082.5, 36400.0], [111080.0, 2000.0], [111075.0, 6690.0], [111065.0, 2500.0], [111062.5, 7120.0], [111060.0, 1770.0], [111050.0, 530.0], [111047.5, 1770.0]], "asks": [[111117.5, 2700.0], [111120.0, 1930.0], [111122.5, 3700.0], [111125.0, 19170.0], [111127.5, 40350.0], [111130.0, 23520.0], [111132.5, 12700.0], [111135.0, 1750.0], [111147.5, 1940.0], [111150.0, 7110.0], [111152.5, 2000.0], [111160.0, 15450.0], [111162.5, 51770.0], [111197.5, 520.0], [111200.0, 1750.0], [111207.5, 70.0], [111212.5, 9210.0], [111215.0, 24910.0], [111222.5, 520.0], [111225.0, 1730.0]]}}}
{"jsonrpc": "2.0", "method": "subscription", "params": {"channel": "book.BTC-24OCT25.none.20.100ms", "data": {"timestamp": 1760992064384, "change_id": 122884555904, "instrument_name": "BTC-24OCT25", "bids": [[111112.5, 2990.0], [111110.0, 21460.0], [111107.5, 2300.0], [111105.0, 40790.0], [111102.5, 7460.0], [111100.0, 24180.0], [111097.5, 80000.0], [111095.0, 38230.0], [111092.5, 2790.0], [111082.5, 36400.0], [111080.0, 2000.0], [111075.0, 6690.0], [111065.0, 2500.0], [111062.5, 7120.0], [111060.0, 1770.0], [111050.0, 530.0], [111047.5, 1770.0], [111025.0, 1770.0], [111015.0, 5500.0], [111012.5, 18420.0]], "asks": [[111117.5, 4450.0], [111120.0, 1930.0], [111122.5, 3700.0], [111125.0, 19170.0], [111127.5, 40350.0], [111130.0, 23520.0], [111132.5, 12700.0], [111135.0, 1750.0], [111147.5, 1940.0], [111150.0, 7110.0], [111152.5, 2000.0], [111160.0, 15450.0], [111162.5, 51770.0], [111197.5, 520.0], [111200.0, 1750.0], [111207.5, 70.0], [111212.5, 9210.0], [111215.0, 24910.0], [111222.5, 520.0], [111225.0, 1730.0]]}}}
{"jsonrpc": "2.0", "method": "subscription", "params": {"channel": "book.BTC-24OCT25.none.20.100ms", "data": {"timestamp": 1760992064706, "change_id": 122884556561, "instrument_name": "BTC-24OCT25", "bids": [[111110.0, 10690.0], [111107.5, 2300.0], [111105.0, 2120.0], [111102.5, 2700.0], [111100.0, 28940.0], [111097.5, 80000.0], [111095.0, 48990.0], [111092.5, 2790.0], [111090.0, 36400.0], [111082.5, 36400.0], [111080.0, 2000.0], [111075.0, 6690.0], [111065.0, 2500.0], [111062.5, 7120.0], [111060.0, 1770.0], [111050.0, 530.0], [111047.5, 1770.0], [111027.5, 3000.0], [111025.0, 1770.0], [111015.0, 5500.0]], "asks": [[111115.0, 4450.0], [111117.5, 2700.0], [111120.0, 7530.0], [111122.5, 3700.0], [111125.0, 29170.0], [111127.5, 40350.0], [111130.0, 20710.0], [111132.5, 2700.0], [111135.0, 1750.0], [111147.5, 1940.0], [111150.0, 7110.0], [111152.5, 2000.0], [111160.0, 15450.0], [111162.5, 51770.0], [111197.5, 520.0], [111200.0, 1750.0], [111207.5, 70.0], [111212.5, 9210.0], [111215.0, 24910.0], [111222.5, 520.0]]}}}
{"jsonrpc": "2.0", "method": "subscription", "params": {"channel": "book.BTC-24OCT25.none.20.100ms", "data": {"timestamp": 1760992065068, "change_id": 122884556939, "instrument_name": "BTC-24OCT25", "bids": [[111110.0, 10690.0], [111107.5, 2300.0], [111105.0, 2120.0], [111102.5, 2700.0], [111100.0, 28940.0], [111097.5, 80000.0], [111095.0, 48990.0], [111092.5, 2790.0], [111090.0, 36400.0], [111082.5, 36400.0], [111080.0, 2000.0], [111075.0, 6690.0], [111065.0, 2500.0], [111062.5, 7120.0], [111060.0, 1770.0], [111050.0, 530.0], [111047.5, 1770.0], [111030.0, 1420.0], [111027.5, 3000.0], [111025.0, 1770.0]], "asks": [[111112.5, 2700.0], [111115.0, 2700.0], [111117.5, 2700.0], [111120.0, 7530.0], [111122.5, 3700.0], [111125.0, 29170.0], [111127.5, 40350.0], [111130.0, 18010.0], [111132.5, 2700.0], [111135.0, 1750.0], [111147.5, 1940.0], [111150.0, 7110.0], [111152.5, 2000.0], [111160.0, 15450.0], [111162.5, 51770.0], [111197.5, 520.0], [111200.0, 1750.0], [111207.5, 70.0], [111212.5, 9210.0], [111215.0, 24910.0]]}}}
{"jsonrpc": "2.0", "method": "subscription", "params": {"channel": "book.BTC-24OCT25.none.20.100ms", "data": {"timestamp": 1760992065382, "change_id": 122884557251, "instrument_name": "BTC-24OCT25", "bids": [[111110.0, 10690.0], [111107.5, 2300.0], [111105.0, 810.0], [111102.5, 2700.0], [111100.0, 24180.0], [111097.5, 80000.0], [111095.0, 48990.0], [111092.5, 2790.0], [111090.0, 36400.0], [111082.5, 36400.0], [111080.0, 2000.0], [111075.0, 6690.0], [111065.0, 2500.0], [111062.5, 7120.0], [111060.0, 1770.0], [111050.0, 530.0], [111047.5, 1770.0], [111030.0, 1420.0], [111027.5, 3000.0], [111025.0, 1770.0]], "asks": [[111112.5, 2700.0], [111117.5, 2700.0], [111120.0, 7530.0], [111122.5, 3700.0], [111125.0, 29170.0], [111127.5, 40350.0], [111130.0, 18010.0], [111132.5, 2700.0], [111135.0, 1750.0], [111147.5, 1940.0], [111150.0, 7110.0], [111152.5, 2000.0], [111160.0, 15450.0], [111162.5, 51770.0], [111197.5, 520.0], [111200.0, 1750.0], [111207.5, 70.0], [111212.5, 9210.0], [111215.0, 24910.0], [111222.5, 520.0]]}}}
{"jsonrpc": "2.0", "method": "subscription", "params": {"channel": "book.BTC-24OCT25.none.20.100ms", "data": {"timestamp": 1760992065710, "change_id": 122884557850, "instrument_name": "BTC-24OCT25", "bids": [[111110.0, 10690.0], [111107.5, 2300.0], [111105.0, 12820.0], [111102.5, 39100.0], [111100.0, 28940.0], [111097.5, 80000.0], [111095.0, 12590.0], [111092.5, 2790.0], [111090.0, 36400.0], [111082.5, 36400.0], [111080.0, 2000.0], [111075.0, 6690.0], [111067.5, 7120.0], [111060.0, 1770.0], [111050.0, 530.0], [111047.5, 1770.0], [111025.0, 1770.0], [111015.0, 5500.0], [111012.5, 18420.0], [110992.5, 510.0]], "asks": [[111115.0, 2700.0], [111117.5, 2700.0], [111120.0, 7530.0], [111122.5, 3700.0], [111125.0, 29170.0], [111127.5, 40350.0], [111130.0, 18010.0], [111132.5, 2700.0], [111135.0, 1750.0], [111147.5, 1940.0], [111150.0, 7110.0], [111152.5, 2000.0], [111160.0, 15450.0], [111162.5, 51770.0], [111197.5, 520.0], [111200.0, 1750.0], [111207.5, 70.0], [111212.5, 9210.0], [111215.0, 24910.0], [111222.5, 520.0]]}}}
{"jsonrpc": "2.0", "method": "subscription", "params": {"channel": "book.BTC-24OCT25.none.20.100ms", "data": {"timestamp": 1760992066404, "change_id": 122884558561, "instrument_name": "BTC-24OCT25", "bids": [[111110.0, 10690.0], [111105.0, 12820.0], [111102.5, 39100.0], [111100.0, 24180.0], [111097.5, 80000.0], [111095.0, 12590.0], [111092.5, 2790.0], [111090.0, 36400.0], [111085.0, 10870.0], [111082.5, 36400.0], [111080.0, 2000.0], [111075.0, 6690.0], [111067.5, 7120.0], [111060.0, 1770.0], [111050.0, 530.0], [111047.5, 1770.0], [111027.5, 530.0], [111025.0, 1770.0], [111015.0, 5500.0], [111012.5, 18420.0]], "asks": [[111112.5, 1720.0], [111115.0, 4360.0], [111117.5, 2700.0], [111120.0, 7530.0], [111122.5, 3700.0], [111125.0, 29170.0], [111127.5, 40350.0], [111130.0, 18010.0], [111132.5, 2700.0], [111135.0, 1750.0], [111147.5, 1940.0], [111150.0, 7110.0], [111152.5, 2000.0], [111160.0, 15450.0], [111162.5, 51770.0], [111197.5, 520.0], [111200.0, 1750.0], [111207.5, 70.0], [111212.5, 9210.0], [111215.0, 24910.0]]}}}
{"jsonrpc": "2.0", "method": "subscription", "params": {"channel": "book.BTC-24OCT25.none.20.100ms", "data": {"timestamp": 1760992066647, "change_id": 122884559042, "instrument_name": "BTC-24OCT25", "bids": [[111110.0, 10000.0], [111105.0, 11570.0], [111102.5, 2700.0], [111100.0, 60580.0], [111097.5, 84760.0], [111095.0, 12590.0], [111092.5, 2790.0], [111090.0, 36400.0], [111085.0, 10870.0], [111082.5, 36400.0], [111075.0, 6690.0], [111067.5, 7120.0], [111060.0, 1770.0], [111050.0, 530.0], [111047.5, 1770.0], [111027.5, 530.0], [111025.0, 4770.0], [111015.0, 5500.0], [111012.5, 18420.0], [110992.5, 510.0]], "asks": [[111112.5, 2700.0], [111115.0, 4360.0], [111117.5, 2700.0], [111120.0, 7530.0], [111122.5, 3700.0], [111125.0, 29170.0], [111127.5, 40350.0], [111130.0, 18010.0], [111132.5, 2700.0], [111135.0, 1750.0], [111147.5, 1940.0], [111150.0, 7110.0], [111152.5, 2000.0], [111160.0, 15450.0], [111162.5, 51770.0], [111197.5, 520.0], [111200.0, 1750.0], [111207.5, 70.0], [111212.5, 9210.0], [111215.0, 24910.0]]}}}
{"jsonrpc": "2.0", "method": "subscription", "params": {"channel": "book.BTC-24OCT25.none.20.100ms", "data": {"timestamp": 1760992066927, "change_id": 122884559463, "instrument_name": "BTC-24OCT25", "bids": [[111110.0, 10000.0], [111105.0, 19150.0], [111102.5, 2700.0], [111100.0, 83040.0], [111097.5, 54760.0], [111095.0, 12590.0], [111092.5, 2790.0], [111090.0, 36400.0], [111085.0, 10870.0], [111082.5, 36400.0], [111075.0, 6690.0], [111067.5, 7120.0], [111060.0, 1770.0], [111050.0, 530.0], [111047.5, 1770.0], [111027.5, 530.0], [111025.0, 4770.0], [111015.0, 5500.0], [111012.5, 18420.0], [110992.5, 510.0]], "asks": [[111112.5, 2700.0], [111115.0, 4360.0], [111117.5, 2700.0], [111120.0, 7530.0], [111122.5, 3700.0], [111125.0, 29170.0], [111127.5, 40350.0], [111130.0, 18010.0], [111132.5, 2700.0], [111135.0, 1750.0], [111147.5, 1940.0], [111150.0, 7110.0], [111152.5, 2000.0], [111160.0, 15450.0], [111162.5, 51770.0], [111197.5, 520.0], [111200.0, 1750.0], [111207.5, 70.0], [111212.5, 9210.0], [111215.0, 24910.0]]}}}
{"jsonrpc": "2.0", "method": "subscription", "params": {"channel": "book.BTC-24OCT25.none.20.100ms", "data": {"timestamp": 1760992067288, "change_id": 122884559630, "instrument_name": "BTC-24OCT25", "bids": [[111110.0, 10000.0], [111107.5, 2700.0], [111105.0, 19150.0], [111102.5, 2700.0], [111100.0, 85740.0], [111097.5, 54760.0], [111095.0, 12590.0], [111092.5, 2790.0], [111090.0, 36400.0], [111085.0, 10870.0], [111082.5, 36400.0], [111075.0, 6690.0], [111067.5, 7120.0], [111060.0, 1770.0], [111050.0, 530.0], [111047.5, 1770.0], [111027.5, 530.0], [111025.0, 4770.0], [111015.0, 5500.0], [111012.5, 18420.0]], "asks": [[111112.5, 2700.0], [111115.0, 1660.0], [111117.5, 2700.0], [111120.0, 7530.0], [111122.5, 3700.0], [111125.0, 29170.0], [111127.5, 40350.0], [111130.0, 18010.0], [111132.5, 2700.0], [111135.0, 1750.0], [111147.5, 1940.0], [111150.0, 7110.0], [111152.5, 2000.0], [111160.0, 15450.0], [111162.5, 51770.0], [111197.5, 520.0], [111200.0, 1750.0], [111207.5, 70.0], [111212.5, 9210.0], [111215.0, 24910.0]]}}}
{"jsonrpc": "2.0", "method": "subscription", "params": {"channel": "book.BTC-24OCT25.none.20.100ms", "data": {"timestamp": 1760992067623, "change_id": 122884560367, "instrument_name": "BTC-24OCT25", "bids": [[111115.0, 1260.0], [111112.5, 5090.0], [111110.0, 10810.0], [111107.5, 2700.0], [111105.0, 19150.0], [111102.5, 2700.0], [111100.0, 85740.0], [111097.5, 54760.0], [111095.0, 12590.0], [111092.5, 2790.0], [111090.0, 36400.0], [111085.0, 10870.0], [111082.5, 36400.0], [111075.0, 6690.0], [111070.0, 2130.0], [111067.5, 7120.0], [111060.0, 1770.0], [111050.0, 530.0], [111047.5, 1770.0], [111027.5, 1360.0]], "asks": [[111117.5, 2700.0], [111120.0, 7530.0], [111122.5, 3700.0], [111125.0, 29170.0], [111127.5, 40350.0], [111130.0, 18010.0], [111132.5, 2700.0], [111135.0, 1750.0], [111147.5, 1940.0], [111150.0, 7110.0], [111152.5, 2000.0], [111160.0, 15450.0], [111162.5, 51770.0], [111197.5, 520.0], [111200.0, 1750.0], [111207.5, 70.0], [111212.5, 9210.0], [111215.0, 24910.0], [111222.5, 520.0], [111225.0, 1730.0]]}}}
{"jsonrpc": "2.0", "method": "subscription", "params": {"channel": "book.BTC-24OCT25.none.20.100ms", "data": {"timestamp": 1760992068029, "change_id": 122884560778, "instrument_name": "BTC-24OCT25", "bids": [[111115.0, 1260.0], [111112.5, 5090.0], [111110.0, 10810.0], [111107.5, 2700.0], [111105.0, 33910.0], [111102.5, 2700.0], [111100.0, 120820.0], [111097.5, 4760.0], [111095.0, 12590.0], [111092.5, 2790.0], [111090.0, 36400.0], [111085.0, 10870.0], [111082.5, 36400.0], [111075.0, 6690.0], [111070.0, 2130.0], [111067.5, 7120.0], [111060.0, 1770.0], [111050.0, 530.0], [111047.5, 1770.0], [111027.5, 1360.0]], "asks": [[111117.5, 2700.0], [111120.0, 7530.0], [111122.5, 3700.0], [111125.0, 29170.0], [111127.5, 40350.0], [111130.0, 18010.0], [111132.5, 2700.0], [111135.0, 1750.0], [111147.5, 1940.0], [111150.0, 7110.0], [111152.5, 2000.0], [111160.0, 15450.0], [111162.5, 51770.0], [111197.5, 520.0], [111200.0, 1750.0], [111207.5, 70.0], [111212.5, 9210.0], [111215.0, 24910.0], [111222.5, 520.0], [111225.0, 1730.0]]}}}
{"jsonrpc": "2.0", "method": "subscription", "params": {"channel": "book.BTC-24OCT25.none.20.100ms", "data": {"timestamp": 1760992068374, "change_id": 122884561168, "instrument_name": "BTC-24OCT25", "bids": [[111117.5, 4020.0], [111112.5, 5090.0], [111110.0, 21570.0], [111107.5, 39100.0], [111105.0, 40390.0], [111102.5, 2700.0], [111100.0, 116700.0], [111095.0, 12590.0], [111092.5, 2790.0], [111090.0, 36400.0], [111075.0, 6690.0], [111070.0, 2130.0], [111067.5, 7120.0], [111060.0, 1770.0], [111050.0, 530.0], [111047.5, 1770.0], [111027.5, 1360.0], [111025.0, 4770.0], [111015.0, 5500.0], [111012.5, 18420.0]], "asks": [[111120.0, 160.0], [111122.5, 9720.0], [111125.0, 12700.0], [111127.5, 7460.0], [111130.0, 1330.0], [111132.5, 2700.0], [111135.0, 1750.0], [111147.5, 1940.0], [111150.0, 7110.0], [111152.5, 2000.0], [111160.0, 15450.0], [111162.5, 51770.0], [111197.5, 520.0], [111200.0, 1750.0], [111207.5, 70.0], [111212.5, 9210.0], [111215.0, 24910.0], [111222.5, 520.0], [111225.0, 1730.0], [111235.0, 4860.0]]}}}
{"jsonrpc": "2.0", "method": "subscription", "params": {"channel": "book.BTC-24OCT25.none.20.100ms", "data": {"timestamp": 1760992068688, "change_id": 122884561751, "instrument_name": "BTC-24OCT25", "bids": [[111117.5, 2300.0], [111112.5, 5090.0], [111110.0, 21570.0], [111107.5, 39100.0], [111105.0, 40390.0], [111102.5, 2700.0], [111100.0, 116700.0], [111095.0, 12590.0], [111092.5, 2790.0], [111090.0, 36400.0], [111077.5, 2000.0], [111075.0, 6690.0], [111070.0, 2130.0], [111067.5, 7120.0], [111060.0, 1770.0], [111050.0, 530.0], [111047.5, 1770.0], [111027.5, 1360.0], [111025.0, 4770.0], [111015.0, 5500.0]], "asks": [[111120.0, 160.0], [111122.5, 9720.0], [111125.0, 12700.0], [111127.5, 7460.0], [111130.0, 1330.0], [111132.5, 2700.0], [111135.0, 1750.0], [111147.5, 1940.0], [111150.0, 7110.0], [111152.5, 2000.0], [111160.0, 15450.0], [111162.5, 51770.0], [111197.5, 520.0], [111200.0, 1750.0], [111207.5, 70.0], [111212.5, 9210.0], [111215.0, 24910.0], [111222.5, 520.0], [111225.0, 1730.0], [111235.0, 4860.0]]}}}
{"jsonrpc": "2.0", "method": "subscription", "params": {"channel": "book.BTC-24OCT25.none.20.100ms", "data": {"timestamp": 1760992069030, "change_id": 122884562230, "instrument_name": "BTC-24OCT25", "bids": [[111117.5, 4020.0], [111112.5, 5090.0], [111110.0, 21570.0], [111107.5, 39100.0], [111105.0, 40390.0], [111102.5, 2700.0], [111100.0, 116700.0], [111095.0, 12590.0], [111092.5, 2790.0], [111090.0, 36400.0], [111077.5, 2000.0], [111075.0, 6690.0], [111070.0, 2130.0], [111067.5, 7120.0], [111060.0, 1770.0], [111050.0, 530.0], [111047.5, 1770.0], [111027.5, 1360.0], [111025.0, 4770.0], [111015.0, 5500.0]], "asks": [[111122.5, 1000.0], [111127.5, 4760.0], [111130.0, 1330.0], [111132.5, 2700.0], [111135.0, 1750.0], [111145.0, 16550.0], [111147.5, 62380.0], [111150.0, 7110.0], [111152.5, 2000.0], [111160.0, 15450.0], [111162.5, 51770.0], [111197.5, 520.0], [111200.0, 1750.0], [111207.5, 70.0], [111212.5, 9210.0], [111215.0, 24910.0], [111222.5, 520.0], [111225.0, 1730.0], [111235.0, 4860.0], [111237.5, 16290.0]]}}}
{"jsonrpc": "2.0", "method": "subscription", "params": {"channel": "book.BTC-24OCT25.none.20.100ms", "data": {"timestamp": 1760992069375, "change_id": 122884563521, "instrument_name": "BTC-24OCT25", "bids": [[111130.0, 1260.0], [111125.0, 2700.0], [111117.5, 48120.0], [111115.0, 4760.0], [111107.5, 39100.0], [111105.0, 3760.0], [111102.5, 30000.0], [111100.0, 50000.0], [111097.5, 36400.0], [111092.5, 1750.0], [111087.5, 160.0], [111075.0, 6530.0], [111070.0, 7120.0], [111067.5, 16380.0], [111060.0, 1770.0], [111047.5, 1770.0], [111025.0, 4770.0], [111012.5, 1780.0], [110990.0, 1710.0], [110985.0, 50.0]], "asks": [[111132.5, 1720.0], [111135.0, 5420.0], [111137.5, 4760.0], [111142.5, 2700.0], [111145.0, 2860.0], [111147.5, 10000.0], [111150.0, 1750.0], [111152.5, 2000.0], [111162.5, 51770.0], [111187.5, 4760.0], [111200.0, 1750.0], [111207.5, 70.0], [111212.5, 1770.0], [111215.0, 24910.0], [111225.0, 1730.0], [111237.5, 16290.0], [111275.0, 1770.0], [111300.0, 47500.0], [111320.0, 2340.0], [111322.5, 1740.0]]}}}
{"jsonrpc": "2.0", "method": "subscription", "params": {"channel": "book.BTC-24OCT25.none.20.100ms", "data": {"timestamp": 1760992069663, "change_id": 122884564306, "instrument_name": "BTC-24OCT25", "bids": [[111130.0, 1260.0], [111117.5, 48120.0], [111115.0, 4760.0], [111107.5, 39100.0], [111105.0, 3760.0], [111102.5, 30000.0], [111100.0, 50000.0], [111097.5, 36400.0], [111092.5, 1750.0], [111087.5, 160.0], [111075.0, 6530.0], [111070.0, 7120.0], [111067.5, 16380.0], [111060.0, 1770.0], [111047.5, 1770.0], [111025.0, 4770.0], [111012.5, 1780.0], [110990.0, 1710.0], [110985.0, 50.0], [110980.0, 25300.0]], "asks": [[111132.5, 4420.0], [111135.0, 3700.0], [111137.5, 4760.0], [111142.5, 2700.0], [111145.0, 46500.0], [111147.5, 10000.0], [111150.0, 4450.0], [111152.5, 2000.0], [111162.5, 51770.0], [111187.5, 4760.0], [111200.0, 1750.0], [111207.5, 70.0], [111212.5, 1770.0], [111215.0, 24910.0], [111225.0, 1730.0], [111237.5, 16290.0], [111275.0, 1770.0], [111300.0, 47500.0], [111320.0, 2340.0], [111322.5, 1740.0]]}}}
{"jsonrpc": "2.0", "method": "subscription", "params": {"channel": "book.BTC-24OCT25.none.20.100ms", "data": {"timestamp": 1760992069918, "change_id": 122884564761, "instrument_name": "BTC-24OCT25", "bids": [[111130.0, 1260.0], [111120.0, 15780.0], [111117.5, 48120.0], [111115.0, 4760.0], [111110.0, 12790.0], [111107.5, 39100.0], [111105.0, 27640.0], [111102.5, 80000.0], [111097.5, 36400.0], [111092.5, 1750.0], [111087.5, 160.0], [111075.0, 6530.0], [111070.0, 12010.0], [111067.5, 16380.0], [111060.0, 1770.0], [111047.5, 1770.0], [111025.0, 4770.0], [111012.5, 1780.0], [110990.0, 1710.0], [110985.0, 50.0]], "asks": [[111132.5, 4420.0], [111135.0, 7920.0], [111137.5, 4760.0], [111140.0, 10000.0], [111142.5, 16580.0], [111145.0, 46500.0], [111147.5, 1330.0], [111150.0, 5050.0], [111152.5, 2000.0], [111162.5, 51770.0], [111187.5, 4760.0], [111200.0, 1750.0], [111207.5, 70.0], [111212.5, 1770.0], [111215.0, 24910.0], [111225.0, 1730.0], [111237.5, 16290.0], [111275.0, 1770.0], [111300.0, 47500.0], [111320.0, 2340.0]]}}}
{"jsonrpc": "2.0", "method": "subscription", "params": {"channel": "book.BTC-24OCT25.none.20.100ms", "data": {"timestamp": 1760992070278, "change_id": 122884565065, "instrument_name": "BTC-24OCT25", "bids": [[111125.0, 3230.0], [111122.5, 2700.0], [111120.0, 18480.0], [111117.5, 46400.0], [111115.0, 4760.0], [111110.0, 12790.0], [111107.5, 39100.0], [111105.0, 27640.0], [111102.5, 80000.0], [111097.5, 36400.0], [111092.5, 1750.0], [111087.5, 160.0], [111075.0, 6530.0], [111070.0, 12010.0], [111067.5, 16380.0], [111060.0, 1770.0], [111047.5, 1770.0], [111025.0, 4770.0], [111012.5, 1780.0], [110990.0, 1710.0]], "asks": [[111130.0, 2420.0], [111132.5, 4420.0], [111135.0, 7920.0], [111137.5, 4760.0], [111140.0, 10000.0], [111142.5, 16580.0], [111145.0, 46500.0], [111147.5, 1330.0], [111150.0, 5050.0], [111152.5, 2000.0], [111162.5, 51770.0], [111187.5, 4760.0], [111200.0, 1750.0], [111207.5, 70.0], [111212.5, 1770.0], [111215.0, 24910.0], [111225.0, 1730.0], [111237.5, 16290.0], [111275.0, 1770.0], [111300.0, 47500.0]]}}}
{"jsonrpc": "2.0", "method": "subscription", "params": {"channel": "book.BTC-24OCT25.none.20.100ms", "data": {"timestamp": 1760992070677, "change_id": 122884565894, "instrument_name": "BTC-24OCT25", "bids": [[111127.5, 1260.0], [111125.0, 1510.0], [111122.5, 2700.0], [111120.0, 18480.0], [111117.5, 46400.0], [111115.0, 4760.0], [111110.0, 20110.0], [111107.5, 39100.0], [111105.0, 48690.0], [111102.5, 50000.0], [111097.5, 36400.0], [111092.5, 1750.0], [111087.5, 160.0], [111075.0, 6530.0], [111070.0, 12010.0], [111067.5, 16380.0], [111060.0, 1770.0], [111047.5, 1770.0], [111025.0, 4770.0], [111012.5, 1780.0]], "asks": [[111132.5, 4420.0], [111135.0, 7750.0], [111137.5, 4760.0], [111140.0, 10000.0], [111142.5, 16580.0], [111145.0, 46500.0], [111147.5, 1330.0], [111150.0, 5050.0], [111152.5, 2000.0], [111162.5, 51770.0], [111187.5, 4760.0], [111200.0, 1750.0], [111207.5, 70.0], [111212.5, 1770.0], [111215.0, 24910.0], [111225.0, 1730.0], [111237.5, 16290.0], [111275.0, 1770.0], [111300.0, 47500.0], [111320.0, 2340.0]]}}}
{"jsonrpc": "2.0", "method": "subscription", "params": {"channel": "book.BTC-24OCT25.none.20.100ms", "data": {"timestamp": 1760992070991, "change_id": 122884566859, "instrument_name": "BTC-24OCT25", "bids": [[111132.5, 2980.0], [111125.0, 1510.0], [111122.5, 2700.0], [111120.0, 18480.0], [111117.5, 52880.0], [111115.0, 300.0], [111112.5, 1000.0], [111110.0, 34830.0], [111107.5, 39100.0], [111105.0, 81720.0], [111100.0, 10870.0], [111097.5, 36400.0], [111095.0, 520.0], [111092.5, 1750.0], [111087.5, 160.0], [111077.5, 1950.0], [111075.0, 6530.0], [111070.0, 4890.0], [111067.5, 16380.0], [111065.0, 7120.0]], "asks": [[111135.0, 1000.0], [111142.5, 16580.0], [111145.0, 51260.0], [111147.5, 1330.0], [111150.0, 7960.0], [111152.5, 12000.0], [111160.0, 15450.0], [111162.5, 51770.0], [111185.0, 1420.0], [111187.5, 4760.0], [111197.5, 520.0], [111200.0, 1750.0], [111207.5, 70.0], [111212.5, 9210.0], [111215.0, 24910.0], [111222.5, 520.0], [111225.0, 1730.0], [111265.0, 4780.0], [111267.5, 16030.0], [111272.5, 530.0]]}}}
{"jsonrpc": "2.0", "method": "subscription", "params": {"channel": "book.BTC-24OCT25.none.20.100ms", "data": {"timestamp": 1760992071288, "change_id": 122884567093, "instrument_name": "BTC-24OCT25", "bids": [[111132.5, 5280.0], [111127.5, 2990.0], [111125.0, 11510.0], [111122.5, 2700.0], [111120.0, 18480.0], [111117.5, 42880.0], [111115.0, 300.0], [111112.5, 1000.0], [111110.0, 34830.0], [111107.5, 39100.0], [111105.0, 81720.0], [111100.0, 10870.0], [111097.5, 36400.0], [111095.0, 520.0], [111092.5, 1750.0], [111087.5, 160.0], [111077.5, 1950.0], [111075.0, 6530.0], [111070.0, 4890.0], [111067.5, 16380.0]], "asks": [[111135.0, 1000.0], [111142.5, 9810.0], [111145.0, 23810.0], [111147.5, 1330.0], [111150.0, 7960.0], [111152.5, 12000.0], [111160.0, 15450.0], [111162.5, 51770.0], [111185.0, 1420.0], [111187.5, 4760.0], [111197.5, 520.0], [111200.0, 1750.0], [111207.5, 70.0], [111212.5, 9210.0], [111215.0, 24910.0], [111222.5, 520.0], [111225.0, 1730.0], [111265.0, 4780.0], [111267.5, 16030.0], [111272.5, 530.0]]}}}
{"jsonrpc": "2.0", "method": "subscription", "params": {"channel": "book.BTC-24OCT25.none.20.100ms", "data": {"timestamp": 1760992071660, "change_id": 122884567878, "instrument_name": "BTC-24OCT25", "bids": [[111132.5, 2980.0], [111127.5, 2990.0], [111125.0, 11510.0], [111122.5, 2700.0], [111120.0, 18480.0], [111117.5, 42880.0], [111115.0, 300.0], [111112.5, 1000.0], [111110.0, 34830.0], [111107.5, 69100.0], [111105.0, 51720.0], [111100.0, 10870.0], [111097.5, 36400.0], [111095.0, 520.0], [111092.5, 1750.0], [111087.5, 160.0], [111077.5, 1950.0], [111075.0, 6530.0], [111070.0, 4890.0], [111067.5, 16380.0]], "asks": [[111135.0, 1000.0], [111142.5, 9810.0], [111145.0, 33810.0], [111147.5, 1330.0], [111150.0, 31510.0], [111152.5, 90920.0], [111160.0, 15450.0], [111162.5, 51770.0], [111185.0, 1420.0], [111187.5, 4760.0], [111197.5, 520.0], [111200.0, 1750.0], [111207.5, 70.0], [111212.5, 9210.0], [111215.0, 24910.0], [111222.5, 520.0], [111225.0, 1730.0], [111265.0, 4780.0], [111267.5, 16030.0], [111272.5, 530.0]]}}}
{"jsonrpc": "2.0", "method": "subscription", "params": {"channel": "book.BTC-24OCT25.none.20.100ms", "data": {"timestamp": 1760992071996, "change_id": 122884568427, "instrument_name": "BTC-24OCT25", "bids": [[111127.5, 4710.0], [111125.0, 11510.0], [111122.5, 2700.0], [111117.5, 1420.0], [111115.0, 5370.0], [111112.5, 1000.0], [111110.0, 34830.0], [111107.5, 119100.0], [111105.0, 1720.0], [111100.0, 10870.0], [111097.5, 36400.0], [111095.0, 520.0], [111092.5, 1750.0], [111087.5, 160.0], [111077.5, 1880.0], [111075.0, 6530.0], [111070.0, 4890.0], [111067.5, 16380.0], [111065.0, 7120.0], [111062.5, 530.0]], "asks": [[111132.5, 1680.0], [111135.0, 1000.0], [111137.5, 4760.0], [111142.5, 9810.0], [111145.0, 29050.0], [111147.5, 1330.0], [111150.0, 30910.0], [111152.5, 90920.0], [111160.0, 15450.0], [111162.5, 51770.0], [111185.0, 1420.0], [111187.5, 4760.0], [111197.5, 520.0], [111200.0, 1750.0], [111207.5, 70.0], [111212.5, 9210.0], [111215.0, 24910.0], [111222.5, 520.0], [111225.0, 1730.0], [111265.0, 4780.0]]}}}
{"jsonrpc": "2.0", "method": "subscription", "params": {"channel": "book.BTC-24OCT25.none.20.100ms", "data": {"timestamp": 1760992072234, "change_id": 122884568596, "instrument_name": "BTC-24OCT25", "bids": [[111125.0, 1720.0], [111122.5, 810.0], [111120.0, 2700.0], [111117.5, 14730.0], [111115.0, 51770.0], [111112.5, 1000.0], [111110.0, 34830.0], [111107.5, 119100.0], [111105.0, 1720.0], [111100.0, 10870.0], [111097.5, 36400.0], [111095.0, 520.0], [111092.5, 1750.0], [111087.5, 160.0], [111077.5, 1950.0], [111075.0, 6530.0], [111070.0, 4890.0], [111067.5, 16380.0], [111065.0, 7120.0], [111062.5, 530.0]], "asks": [[111130.0, 810.0], [111132.5, 1720.0], [111135.0, 5220.0], [111137.5, 14760.0], [111142.5, 9810.0], [111145.0, 19050.0], [111147.5, 1330.0], [111150.0, 30910.0], [111152.5, 90920.0], [111160.0, 15450.0], [111162.5, 51770.0], [111185.0, 1420.0], [111187.5, 4760.0], [111197.5, 520.0], [111200.0, 1750.0], [111207.5, 70.0], [111212.5, 9210.0], [111215.0, 24910.0], [111222.5, 520.0], [111225.0, 1730.0]]}}}
{"jsonrpc": "2.0", "method": "subscription", "params": {"channel": "book.BTC-24OCT25.none.20.100ms", "data": {"timestamp": 1760992072476, "change_id": 122884569242, "instrument_name": "BTC-24OCT25", "bids": [[111125.0, 1720.0], [111122.5, 810.0], [111120.0, 2700.0], [111117.5, 14730.0], [111115.0, 51770.0], [111112.5, 1000.0], [111110.0, 34830.0], [111107.5, 119100.0], [111105.0, 1720.0], [111100.0, 10870.0], [111097.5, 36400.0], [111095.0, 520.0], [111092.5, 1750.0], [111087.5, 160.0], [111077.5, 1950.0], [111075.0, 6530.0], [111070.0, 4890.0], [111067.5, 16380.0], [111065.0, 7120.0], [111062.5, 530.0]], "asks": [[111130.0, 810.0], [111132.5, 1880.0], [111135.0, 5220.0], [111137.5, 14760.0], [111142.5, 9810.0], [111145.0, 18890.0], [111147.5, 1330.0], [111150.0, 30910.0], [111152.5, 90920.0], [111160.0, 15450.0], [111162.5, 51770.0], [111185.0, 1420.0], [111187.5, 4760.0], [111197.5, 520.0], [111200.0, 1750.0], [111207.5, 70.0], [111212.5, 9210.0], [111215.0, 24910.0], [111222.5, 520.0], [111225.0, 1730.0]]}}}
{"jsonrpc": "2.0", "method": "subscription", "params": {"channel": "book.BTC-24OCT25.none.20.100ms", "data": {"timestamp": 1760992073010, "change_id": 122884569968, "instrument_name": "BTC-24OCT25", "bids": [[111127.5, 5680.0], [111122.5, 810.0], [111120.0, 2700.0], [111117.5, 14730.0], [111115.0, 51770.0], [111112.5, 1000.0], [111110.0, 34830.0], [111107.5, 119100.0], [111105.0, 1720.0], [111100.0, 10870.0], [111097.5, 36400.0], [111095.0, 520.0], [111092.5, 1750.0], [111087.5, 160.0], [111077.5, 1950.0], [111075.0, 6530.0], [111070.0, 4890.0], [111067.5, 16380.0], [111065.0, 7120.0], [111062.5, 530.0]], "asks": [[111132.5, 160.0], [111135.0, 5220.0], [111137.5, 14760.0], [111142.5, 9810.0], [111145.0, 18890.0], [111147.5, 1330.0], [111150.0, 30910.0], [111152.5, 90920.0], [111160.0, 15450.0], [111162.5, 51770.0], [111185.0, 1420.0], [111187.5, 4760.0], [111197.5, 520.0], [111200.0, 1750.0], [111207.5, 70.0], [111212.5, 9210.0], [111215.0, 24910.0], [111222.5, 520.0], [111225.0, 1730.0], [111265.0, 4780.0]]}}}
{"jsonrpc": "2.0", "method": "subscription", "params": {"channel": "book.BTC-24OCT25.none.20.100ms", "data": {"timestamp": 1760992073271, "change_id": 122884570124, "instrument_name": "BTC-24OCT25", "bids": [[111127.5, 1260.0], [111122.5, 810.0], [111120.0, 2700.0], [111117.5, 14730.0], [111115.0, 60640.0], [111112.5, 1000.0], [111110.0, 64830.0], [111107.5, 89100.0], [111105.0, 1720.0], [111100.0, 10870.0], [111097.5, 36400.0], [111095.0, 520.0], [111092.5, 1750.0], [111087.5, 160.0], [111077.5, 1950.0], [111075.0, 6530.0], [111070.0, 4890.0], [111067.5, 16380.0], [111065.0, 7120.0], [111062.5, 530.0]], "asks": [[111132.5, 1880.0], [111135.0, 5220.0], [111137.5, 14760.0], [111142.5, 9810.0], [111145.0, 18890.0], [111147.5, 1330.0], [111150.0, 30910.0], [111152.5, 90920.0], [111160.0, 15450.0], [111162.5, 51770.0], [111185.0, 1420.0], [111187.5, 4760.0], [111197.5, 520.0], [111200.0, 1750.0], [111207.5, 70.0], [111212.5, 9210.0], [111215.0, 24910.0], [111222.5, 520.0], [111225.0, 1730.0], [111265.0, 4780.0]]}}}
{"jsonrpc": "2.0", "method": "subscription", "params": {"channel": "book.BTC-24OCT25.none.20.100ms", "data": {"timestamp": 1760992073545, "change_id": 122884570871, "instrument_name": "BTC-24OCT25", "bids": [[111127.5, 1260.0], [111122.5, 810.0], [111120.0, 2700.0], [111117.5, 14730.0], [111115.0, 60640.0], [111112.5, 1000.0], [111110.0, 64830.0], [111107.5, 89100.0], [111105.0, 1720.0], [111100.0, 10870.0], [111097.5, 36400.0], [111095.0, 520.0], [111092.5, 1750.0], [111087.5, 160.0], [111077.5, 1950.0], [111075.0, 6530.0], [111070.0, 4890.0], [111067.5, 16380.0], [111065.0, 7120.0], [111062.5, 530.0]], "asks": [[111130.0, 1720.0], [111132.5, 160.0], [111135.0, 5220.0], [111137.5, 14760.0], [111142.5, 9810.0], [111145.0, 18890.0], [111147.5, 1330.0], [111150.0, 30910.0], [111152.5, 90920.0], [111160.0, 15450.0], [111162.5, 51770.0], [111185.0, 1420.0], [111187.5, 4760.0], [111197.5, 520.0], [111200.0, 1750.0], [111207.5, 70.0], [111212.5, 9210.0], [111215.0, 24910.0], [111222.5, 520.0], [111225.0, 1730.0]]}}}
{"jsonrpc": "2.0", "method": "subscription", "params": {"channel": "book.BTC-24OCT25.none.20.100ms", "data": {"timestamp": 1760992073788, "change_id": 122884571125, "instrument_name": "BTC-24OCT25", "bids": [[111127.5, 1260.0], [111122.5, 810.0], [111120.0, 2700.0], [111117.5, 14730.0], [111115.0, 60640.0], [111112.5, 1000.0], [111110.0, 64830.0], [111107.5, 89100.0], [111105.0, 1720.0], [111100.0, 10870.0], [111097.5, 36400.0], [111095.0, 520.0], [111092.5, 1750.0], [111087.5, 160.0], [111077.5, 1950.0], [111075.0, 6530.0], [111070.0, 4890.0], [111067.5, 16380.0], [111065.0, 7120.0], [111062.5, 530.0]], "asks": [[111132.5, 1880.0], [111135.0, 5220.0], [111137.5, 14760.0], [111142.5, 9810.0], [111145.0, 18890.0], [111147.5, 1330.0], [111150.0, 30910.0], [111152.5, 90920.0], [111160.0, 15450.0], [111162.5, 51770.0], [111185.0, 1420.0], [111187.5, 4760.0], [111197.5, 520.0], [111200.0, 1750.0], [111207.5, 70.0], [111212.5, 9210.0], [111215.0, 24910.0], [111222.5, 520.0], [111225.0, 1730.0], [111265.0, 4780.0]]}}}
{"jsonrpc": "2.0", "method": "subscription", "params": {"channel": "book.BTC-24OCT25.none.20.100ms", "data": {"timestamp": 1760992074228, "change_id": 122884571382, "instrument_name": "BTC-24OCT25", "bids": [[111127.5, 1260.0], [111122.5, 810.0], [111120.0, 2700.0], [111117.5, 14730.0], [111115.0, 60640.0], [111112.5, 1000.0], [111110.0, 64830.0], [111107.5, 89100.0], [111105.0, 1720.0], [111100.0, 10870.0], [111097.5, 36400.0], [111095.0, 520.0], [111092.5, 1750.0], [111087.5, 160.0], [111077.5, 1950.0], [111075.0, 6530.0], [111070.0, 4890.0], [111067.5, 16380.0], [111065.0, 7120.0], [111062.5, 530.0]], "asks": [[111132.5, 1880.0], [111135.0, 5220.0], [111137.5, 14760.0], [111142.5, 9810.0], [111145.0, 18890.0], [111147.5, 1330.0], [111150.0, 30910.0], [111152.5, 90920.0], [111160.0, 15450.0], [111162.5, 51770.0], [111185.0, 1420.0], [111187.5, 4760.0], [111197.5, 520.0], [111200.0, 1750.0], [111207.5, 70.0], [111212.5, 9210.0], [111215.0, 24910.0], [111222.5, 520.0], [111225.0, 1730.0], [111265.0, 4780.0]]}}}
{"jsonrpc": "2.0", "method": "subscription", "params": {"channel": "book.BTC-24OCT25.none.20.100ms", "data": {"timestamp": 1760992074585, "change_id": 122884572323, "instrument_name": "BTC-24OCT25", "bids": [[111127.5, 1260.0], [111122.5, 810.0], [111120.0, 2700.0], [111117.5, 14730.0], [111115.0, 74430.0], [111112.5, 1000.0], [111110.0, 93210.0], [111107.5, 39100.0], [111105.0, 1720.0], [111100.0, 10870.0], [111097.5, 36400.0], [111095.0, 520.0], [111092.5, 1750.0], [111087.5, 160.0], [111077.5, 1950.0], [111075.0, 6530.0], [111070.0, 4890.0], [111067.5, 16380.0], [111065.0, 7120.0], [111062.5, 530.0]], "asks": [[111132.5, 1880.0], [111135.0, 5220.0], [111137.5, 14760.0], [111140.0, 810.0], [111145.0, 2700.0], [111147.5, 1330.0], [111150.0, 5050.0], [111152.5, 2000.0], [111160.0, 15450.0], [111162.5, 51770.0], [111185.0, 1420.0], [111187.5, 4760.0], [111197.5, 520.0], [111200.0, 1750.0], [111207.5, 70.0], [111212.5, 9210.0], [111215.0, 24910.0], [111222.5, 520.0], [111225.0, 1730.0], [111265.0, 4780.0]]}}}
{"jsonrpc": "2.0", "method": "subscription", "params": {"channel": "book.BTC-24OCT25.none.20.100ms", "data": {"timestamp": 1760992074936, "change_id": 122884572666, "instrument_name": "BTC-24OCT25", "bids": [[111127.5, 3010.0], [111122.5, 810.0], [111120.0, 2700.0], [111117.5, 14730.0], [111115.0, 74430.0], [111112.5, 1000.0], [111110.0, 93210.0], [111107.5, 39100.0], [111105.0, 1720.0], [111100.0, 10870.0], [111097.5, 36400.0], [111095.0, 520.0], [111092.5, 1750.0], [111087.5, 160.0], [111077.5, 1950.0], [111075.0, 6530.0], [111070.0, 4890.0], [111067.5, 16380.0], [111065.0, 7120.0], [111062.5, 530.0]], "asks": [[111132.5, 160.0], [111135.0, 5220.0], [111137.5, 14760.0], [111140.0, 810.0], [111145.0, 2700.0], [111147.5, 27700.0], [111150.0, 120420.0], [111152.5, 90920.0], [111160.0, 15450.0], [111162.5, 51770.0], [111185.0, 1420.0], [111187.5, 4760.0], [111197.5, 520.0], [111200.0, 1750.0], [111207.5, 70.0], [111212.5, 9210.0], [111215.0, 24910.0], [111222.5, 520.0], [111225.0, 1730.0], [111265.0, 4780.0]]}}}
{"jsonrpc": "2.0", "method": "subscription", "params": {"channel": "book.BTC-24OCT25.none.20.100ms", "data": {"timestamp": 1760992075255, "change_id": 122884572819, "instrument_name": "BTC-24OCT25", "bids": [[111130.0, 3010.0], [111127.5, 2560.0], [111125.0, 6490.0], [111122.5, 10000.0], [111120.0, 2700.0], [111117.5, 14730.0], [111115.0, 64430.0], [111112.5, 31000.0], [111110.0, 63210.0], [111107.5, 39100.0], [111105.0, 1720.0], [111100.0, 10870.0], [111097.5, 36400.0], [111095.0, 520.0], [111092.5, 1750.0], [111087.5, 160.0], [111077.5, 1950.0], [111075.0, 6530.0], [111070.0, 4890.0], [111067.5, 16380.0]], "asks": [[111132.5, 160.0], [111135.0, 5220.0], [111137.5, 14760.0], [111140.0, 810.0], [111145.0, 2700.0], [111147.5, 27700.0], [111150.0, 120420.0], [111152.5, 90920.0], [111160.0, 15450.0], [111162.5, 51770.0], [111185.0, 1420.0], [111187.5, 4760.0], [111197.5, 520.0], [111200.0, 1750.0], [111207.5, 70.0], [111212.5, 9210.0], [111215.0, 24910.0], [111222.5, 520.0], [111225.0, 1730.0], [111265.0, 4780.0]]}}}
{"jsonrpc": "2.0", "method": "subscription", "params": {"channel": "book.BTC-24OCT25.none.20.100ms", "data": {"timestamp": 1760992075535, "change_id": 122884573768, "instrument_name": "BTC-24OCT25", "bids": [[111130.0, 3010.0], [111127.5, 810.0], [111125.0, 14960.0], [111122.5, 10000.0], [111120.0, 60430.0], [111117.5, 51750.0], [111115.0, 41770.0], [111112.5, 1000.0], [111110.0, 13210.0], [111107.5, 39100.0], [111105.0, 1720.0], [111100.0, 10870.0], [111097.5, 36400.0], [111095.0, 520.0], [111092.5, 1750.0], [111087.5, 160.0], [111077.5, 1950.0], [111075.0, 6530.0], [111070.0, 4890.0], [111067.5, 16380.0]], "asks": [[111132.5, 160.0], [111135.0, 1000.0], [111137.5, 14760.0], [111140.0, 810.0], [111145.0, 2700.0], [111147.5, 27700.0], [111150.0, 120420.0], [111152.5, 90920.0], [111160.0, 15450.0], [111162.5, 51770.0], [111185.0, 1420.0], [111187.5, 4760.0], [111197.5, 520.0], [111200.0, 1750.0], [111207.5, 70.0], [111212.5, 9210.0], [111215.0, 24910.0], [111222.5, 520.0], [111225.0, 1730.0], [111265.0, 4780.0]]}}}
{"jsonrpc": "2.0", "method": "subscription", "params": {"channel": "book.BTC-24OCT25.none.20.100ms", "data": {"timestamp": 1760992075919, "change_id": 122884574986, "instrument_name": "BTC-24OCT25", "bids": [[111130.0, 3010.0], [111127.5, 810.0], [111125.0, 14960.0], [111122.5, 10000.0], [111120.0, 60430.0], [111117.5, 51750.0], [111115.0, 41770.0], [111112.5, 1000.0], [111110.0, 13210.0], [111107.5, 39100.0], [111105.0, 1720.0], [111100.0, 10870.0], [111097.5, 36400.0], [111095.0, 520.0], [111092.5, 1750.0], [111087.5, 160.0], [111077.5, 1950.0], [111075.0, 6530.0], [111070.0, 4890.0], [111067.5, 16380.0]], "asks": [[111132.5, 160.0], [111135.0, 5410.0], [111137.5, 14760.0], [111140.0, 810.0], [111145.0, 2700.0], [111147.5, 27700.0], [111150.0, 120420.0], [111152.5, 90920.0], [111160.0, 15450.0], [111162.5, 51770.0], [111185.0, 1420.0], [111187.5, 4760.0], [111197.5, 520.0], [111200.0, 1750.0], [111207.5, 70.0], [111212.5, 9210.0], [111215.0, 24910.0], [111222.5, 520.0], [111225.0, 1730.0], [111265.0, 4780.0]]}}}
{"jsonrpc": "2.0", "method": "subscription", "params": {"channel": "book.BTC-24OCT25.none.20.100ms", "data": {"timestamp": 1760992076264, "change_id": 122884575239, "instrument_name": "BTC-24OCT25", "bids": [[111125.0, 12260.0], [111122.5, 10000.0], [111120.0, 60430.0], [111117.5, 51750.0], [111115.0, 41770.0], [111112.5, 1000.0], [111110.0, 13210.0], [111107.5, 39100.0], [111105.0, 1720.0], [111100.0, 10870.0], [111097.5, 36400.0], [111095.0, 520.0], [111092.5, 1750.0], [111087.5, 160.0], [111077.5, 1950.0], [111075.0, 6530.0], [111070.0, 4890.0], [111067.5, 16380.0], [111065.0, 7120.0], [111062.5, 530.0]], "asks": [[111130.0, 870.0], [111132.5, 1910.0], [111135.0, 5410.0], [111137.5, 14760.0], [111140.0, 810.0], [111145.0, 2700.0], [111147.5, 27700.0], [111150.0, 120420.0], [111152.5, 90920.0], [111160.0, 15450.0], [111162.5, 51770.0], [111185.0, 1420.0], [111187.5, 4760.0], [111197.5, 520.0], [111200.0, 1750.0], [111207.5, 70.0], [111212.5, 9210.0], [111215.0, 24910.0], [111222.5, 520.0], [111225.0, 1730.0]]}}}
{"jsonrpc": "2.0", "method": "subscription", "params": {"channel": "book.BTC-24OCT25.none.20.100ms", "data": {"timestamp": 1760992076620, "change_id": 122884576073, "instrument_name": "BTC-24OCT25", "bids": [[111127.5, 3010.0], [111125.0, 12260.0], [111122.5, 10000.0], [111120.0, 60430.0], [111117.5, 50000.0], [111115.0, 41770.0], [111112.5, 1000.0], [111110.0, 13210.0], [111107.5, 39100.0], [111105.0, 1720.0], [111100.0, 10870.0], [111097.5, 36400.0], [111095.0, 520.0], [111092.5, 1750.0], [111087.5, 160.0], [111077.5, 1950.0], [111075.0, 6530.0], [111070.0, 4890.0], [111067.5, 16380.0], [111065.0, 7120.0]], "asks": [[111132.5, 160.0], [111135.0, 5410.0], [111137.5, 14760.0], [111140.0, 810.0], [111145.0, 2700.0], [111147.5, 27700.0], [111150.0, 120420.0], [111152.5, 90920.0], [111160.0, 15450.0], [111162.5, 51770.0], [111185.0, 1420.0], [111187.5, 4760.0], [111197.5, 520.0], [111200.0, 1750.0], [111207.5, 70.0], [111212.5, 9210.0], [111215.0, 24910.0], [111222.5, 520.0], [111225.0, 1730.0], [111265.0, 4780.0]]}}}
{"jsonrpc": "2.0", "method": "subscription", "params": {"channel": "book.BTC-24OCT25.none.20.100ms", "data": {"timestamp": 1760992077115, "change_id": 122884576589, "instrument_name": "BTC-24OCT25", "bids": [[111127.5, 1260.0], [111125.0, 12260.0], [111122.5, 10000.0], [111120.0, 60430.0], [111117.5, 50000.0], [111115.0, 41770.0], [111112.5, 1000.0], [111110.0, 13210.0], [111107.5, 39100.0], [111105.0, 1720.0], [111100.0, 10870.0], [111097.5, 36400.0], [111095.0, 520.0], [111092.5, 1750.0], [111087.5, 160.0], [111077.5, 1950.0], [111075.0, 6530.0], [111070.0, 4890.0], [111067.5, 16380.0], [111065.0, 7120.0]], "asks": [[111132.5, 1910.0], [111135.0, 5410.0], [111137.5, 14760.0], [111140.0, 810.0], [111145.0, 2700.0], [111147.5, 27700.0], [111150.0, 120420.0], [111152.5, 90920.0], [111160.0, 15450.0], [111162.5, 51770.0], [111185.0, 1420.0], [111187.5, 4760.0], [111197.5, 520.0], [111200.0, 1750.0], [111207.5, 70.0], [111212.5, 9210.0], [111215.0, 24910.0], [111222.5, 520.0], [111225.0, 1730.0], [111265.0, 4780.0]]}}}
