{"jsonrpc": "2.0", "method": "subscription", "params": {"channel": "book.BTC-11APR25.none.20.100ms", "data": {"timestamp": 1744194405839, "change_id": 96421555087, "instrument_name": "BTC-11APR25", "bids": [[77145.0, 1920.0], [77142.5, 3060.0], [77137.5, 100.0], [77132.5, 3800.0], [77130.0, 13060.0], [77125.0, 480.0], [77120.0, 1600.0], [77115.0, 2250.0], [77112.5, 7490.0], [77105.0, 2270.0], [77102.5, 7580.0], [77100.0, 7580.0], [77097.5, 25270.0], [77095.0, 2300.0], [77092.5, 7670.0], [77082.5, 2190.0], [77080.0, 7310.0], [77072.5, 2210.0], [77070.0, 7360.0], [77062.5, 7940.0]], "asks": [[77150.0, 150.0], [77152.5, 300.0], [77155.0, 1300.0], [77157.5, 1000.0], [77160.0, 600.0], [77162.5, 1000.0], [77165.0, 5070.0], [77167.5, 4060.0], [77170.0, 11000.0], [77172.5, 3650.0], [77175.0, 10050.0], [77177.5, 7500.0], [77185.0, 2270.0], [77187.5, 7580.0], [77195.0, 3190.0], [77197.5, 10640.0], [77205.0, 2270.0], [77207.5, 7580.0], [77225.0, 2270.0], [77227.5, 7580.0]]}}}
{"jsonrpc": "2.0", "method": "subscription", "params": {"channel": "book.BTC-18APR25.none.20.100ms", "data": {"timestamp": 1744194406106, "change_id": 96421555224, "instrument_name": "BTC-18APR25", "bids": [[77212.5, 1670.0], [77207.5, 540.0], [77205.0, 1800.0], [77202.5, 980.0], [77200.0, 5190.0], [77197.5, 6460.0], [77195.0, 3030.0], [77192.5, 10000.0], [77190.0, 2040.0], [77187.5, 6450.0], [77180.0, 2900.0], [77177.5, 6390.0], [77175.0, 3270.0], [77170.0, 1940.0], [77167.5, 6450.0], [77160.0, 22010.0], [77157.5, 6570.0], [77155.0, 70000.0], [77152.5, 480.0], [77150.0, 3540.0]], "asks": [[77215.0, 14760.0], [77220.0, 1010.0], [77222.5, 1800.0], [77225.0, 7370.0], [77227.5, 3250.0], [77230.0, 16550.0], [77235.0, 3020.0], [77237.5, 1800.0], [77240.0, 6450.0], [77245.0, 980.0], [77250.0, 5190.0], [77252.5, 6450.0], [77260.0, 1940.0], [77262.5, 6450.0], [77270.0, 1940.0], [77272.5, 6450.0], [77290.0, 1910.0], [77292.5, 6370.0], [77300.0, 20.0], [77352.5, 6630.0]]}}}
{"jsonrpc": "2.0", "method": "subscription", "params": {"channel": "book.BTC-11APR25.none.20.100ms", "data": {"timestamp": 1744194406426, "change_id": 96421555933, "instrument_name": "BTC-11APR25", "bids": [[77147.5, 30.0], [77145.0, 1920.0], [77142.5, 3060.0], [77137.5, 100.0], [77132.5, 3800.0], [77130.0, 10000.0], [77125.0, 480.0], [77120.0, 1600.0], [77115.0, 2250.0], [77112.5, 7490.0], [77110.0, 920.0], [77107.5, 3060.0], [77105.0, 2270.0], [77102.5, 7580.0], [77100.0, 7580.0], [77097.5, 25270.0], [77095.0, 2300.0], [77092.5, 7670.0], [77082.5, 2190.0], [77080.0, 7310.0]], "asks": [[77150.0, 150.0], [77152.5, 1480.0], [77155.0, 1000.0], [77157.5, 1000.0], [77160.0, 3660.0], [77162.5, 1000.0], [77165.0, 5070.0], [77167.5, 1000.0], [77170.0, 11000.0], [77172.5, 3650.0], [77175.0, 13110.0], [77177.5, 7500.0], [77185.0, 2270.0], [77187.5, 7580.0], [77195.0, 2270.0], [77197.5, 7580.0], [77205.0, 2270.0], [77207.5, 7580.0], [77225.0, 2270.0], [77227.5, 7580.0]]}}}
{"jsonrpc": "2.0", "method": "subscription", "params": {"channel": "book.BTC-18APR25.none.20.100ms", "data": {"timestamp": 1744194406475, "change_id": 96421556006, "instrument_name": "BTC-18APR25", "bids": [[77207.5, 780.0], [77205.0, 1800.0], [77202.5, 980.0], [77200.0, 5190.0], [77197.5, 6460.0], [77190.0, 2040.0], [77187.5, 6450.0], [77182.5, 3000.0], [77180.0, 12900.0], [77177.5, 6390.0], [77175.0, 3270.0], [77170.0, 1940.0], [77167.5, 6450.0], [77160.0, 22010.0], [77157.5, 6570.0], [77155.0, 70000.0], [77152.5, 480.0], [77150.0, 3540.0], [77147.5, 6450.0], [77142.5, 1910.0]], "asks": [[77210.0, 8310.0], [77212.5, 4430.0], [77215.0, 14750.0], [77220.0, 1010.0], [77222.5, 1800.0], [77225.0, 7370.0], [77227.5, 3250.0], [77230.0, 16550.0], [77235.0, 3020.0], [77237.5, 1800.0], [77240.0, 6450.0], [77245.0, 980.0], [77250.0, 5190.0], [77252.5, 6450.0], [77260.0, 1940.0], [77262.5, 6450.0], [77270.0, 1940.0], [77272.5, 6450.0], [77290.0, 1910.0], [77292.5, 6370.0]]}}}
{"jsonrpc": "2.0", "method": "subscription", "params": {"channel": "book.BTC-11APR25.none.20.100ms", "data": {"timestamp": 1744194406705, "change_id": 96421556617, "instrument_name": "BTC-11APR25", "bids": [[77137.5, 920.0], [77135.0, 3060.0], [77132.5, 11300.0], [77130.0, 10000.0], [77125.0, 100.0], [77115.0, 2250.0], [77112.5, 7490.0], [77110.0, 920.0], [77107.5, 3060.0], [77105.0, 2270.0], [77102.5, 7580.0], [77100.0, 7580.0], [77097.5, 26870.0], [77095.0, 2300.0], [77092.5, 7670.0], [77082.5, 2190.0], [77080.0, 7310.0], [77072.5, 2210.0], [77070.0, 7360.0], [77062.5, 7940.0]], "asks": [[77150.0, 150.0], [77152.5, 300.0], [77155.0, 2220.0], [77157.5, 1000.0], [77160.0, 3660.0], [77162.5, 1000.0], [77165.0, 5070.0], [77167.5, 1000.0], [77170.0, 11000.0], [77172.5, 3650.0], [77175.0, 13110.0], [77177.5, 7500.0], [77185.0, 2270.0], [77187.5, 7580.0], [77195.0, 2270.0], [77197.5, 7580.0], [77205.0, 2270.0], [77207.5, 7580.0], [77225.0, 2270.0], [77227.5, 7580.0]]}}}
{"jsonrpc": "2.0", "method": "subscription", "params": {"channel": "book.BTC-18APR25.none.20.100ms", "data": {"timestamp": 1744194406789, "change_id": 96421556860, "instrument_name": "BTC-18APR25", "bids": [[77202.5, 1800.0], [77195.0, 980.0], [77192.5, 3250.0], [77190.0, 1940.0], [77187.5, 6450.0], [77182.5, 3000.0], [77180.0, 12900.0], [77177.5, 6490.0], [77175.0, 3270.0], [77170.0, 1940.0], [77167.5, 6450.0], [77157.5, 6570.0], [77155.0, 6480.0], [77152.5, 70000.0], [77150.0, 1940.0], [77147.5, 6450.0], [77142.5, 1910.0], [77140.0, 8300.0], [77137.5, 6450.0], [77130.0, 1990.0]], "asks": [[77205.0, 14890.0], [77207.5, 1800.0], [77212.5, 3890.0], [77215.0, 12950.0], [77217.5, 980.0], [77220.0, 4360.0], [77222.5, 1800.0], [77225.0, 7370.0], [77230.0, 16450.0], [77235.0, 1940.0], [77240.0, 6450.0], [77245.0, 980.0], [77250.0, 5190.0], [77252.5, 6450.0], [77260.0, 1940.0], [77262.5, 6450.0], [77270.0, 1940.0], [77272.5, 6450.0], [77290.0, 1910.0], [77292.5, 6370.0]]}}}
{"jsonrpc": "2.0", "method": "subscription", "params": {"channel": "book.BTC-11APR25.none.20.100ms", "data": {"timestamp": 1744194407069, "change_id": 96421557624, "instrument_name": "BTC-11APR25", "bids": [[77145.0, 140.0], [77140.0, 3220.0], [77137.5, 7500.0], [77135.0, 3060.0], [77132.5, 11300.0], [77130.0, 10000.0], [77125.0, 100.0], [77115.0, 2250.0], [77112.5, 7490.0], [77110.0, 920.0], [77107.5, 3060.0], [77105.0, 2270.0], [77102.5, 7580.0], [77100.0, 7580.0], [77097.5, 26870.0], [77095.0, 2300.0], [77092.5, 7670.0], [77082.5, 2190.0], [77080.0, 7310.0], [77072.5, 2210.0]], "asks": [[77147.5, 150.0], [77150.0, 1300.0], [77152.5, 1000.0], [77155.0, 300.0], [77157.5, 1000.0], [77160.0, 350.0], [77162.5, 1000.0], [77165.0, 4070.0], [77167.5, 1000.0], [77170.0, 11000.0], [77172.5, 3650.0], [77175.0, 13110.0], [77177.5, 7500.0], [77185.0, 2270.0], [77187.5, 7580.0], [77195.0, 2270.0], [77197.5, 7580.0], [77205.0, 2270.0], [77207.5, 7580.0], [77225.0, 2270.0]]}}}
{"jsonrpc": "2.0", "method": "subscription", "params": {"channel": "book.BTC-18APR25.none.20.100ms", "data": {"timestamp": 1744194407138, "change_id": 96421557664, "instrument_name": "BTC-18APR25", "bids": [[77202.5, 8380.0], [77195.0, 980.0], [77192.5, 3250.0], [77190.0, 1940.0], [77187.5, 6450.0], [77182.5, 3000.0], [77180.0, 12900.0], [77177.5, 6490.0], [77175.0, 3270.0], [77170.0, 1940.0], [77167.5, 6450.0], [77157.5, 6570.0], [77155.0, 6480.0], [77152.5, 70000.0], [77150.0, 1940.0], [77147.5, 6450.0], [77142.5, 1910.0], [77140.0, 8300.0], [77137.5, 6450.0], [77130.0, 1990.0]], "asks": [[77205.0, 2090.0], [77207.5, 1800.0], [77212.5, 1940.0], [77215.0, 6450.0], [77220.0, 640.0], [77222.5, 1800.0], [77225.0, 5570.0], [77230.0, 16450.0], [77235.0, 1940.0], [77240.0, 6450.0], [77245.0, 980.0], [77250.0, 5190.0], [77252.5, 6450.0], [77260.0, 1940.0], [77262.5, 6450.0], [77270.0, 1940.0], [77272.5, 6450.0], [77290.0, 1910.0], [77292.5, 6370.0], [77300.0, 20.0]]}}}
{"jsonrpc": "2.0", "method": "subscription", "params": {"channel": "book.BTC-11APR25.none.20.100ms", "data": {"timestamp": 1744194407177, "change_id": 96421558166, "instrument_name": "BTC-11APR25", "bids": [[77140.0, 150.0], [77137.5, 8420.0], [77135.0, 3060.0], [77132.5, 11300.0], [77130.0, 10000.0], [77125.0, 100.0], [77115.0, 2250.0], [77112.5, 7490.0], [77110.0, 920.0], [77107.5, 3060.0], [77105.0, 2270.0], [77102.5, 7580.0], [77100.0, 7580.0], [77097.5, 26870.0], [77095.0, 2300.0], [77092.5, 7670.0], [77082.5, 2190.0], [77080.0, 7310.0], [77072.5, 2210.0], [77070.0, 7360.0]], "asks": [[77142.5, 150.0], [77147.5, 300.0], [77150.0, 2180.0], [77152.5, 1000.0], [77155.0, 3360.0], [77157.5, 1000.0], [77160.0, 350.0], [77162.5, 1000.0], [77165.0, 4070.0], [77167.5, 1000.0], [77170.0, 11000.0], [77172.5, 3650.0], [77175.0, 13110.0], [77177.5, 7500.0], [77185.0, 2270.0], [77187.5, 7580.0], [77195.0, 2270.0], [77197.5, 7580.0], [77205.0, 2270.0], [77207.5, 7580.0]]}}}
{"jsonrpc": "2.0", "method": "subscription", "params": {"channel": "book.BTC-18APR25.none.20.100ms", "data": {"timestamp": 1744194407466, "change_id": 96421558402, "instrument_name": "BTC-18APR25", "bids": [[77202.5, 1800.0], [77195.0, 980.0], [77192.5, 3250.0], [77190.0, 1940.0], [77187.5, 6450.0], [77182.5, 3000.0], [77180.0, 12900.0], [77177.5, 6490.0], [77175.0, 3270.0], [77170.0, 1940.0], [77167.5, 6450.0], [77157.5, 6570.0], [77155.0, 6480.0], [77152.5, 50000.0], [77150.0, 1940.0], [77147.5, 6450.0], [77145.0, 20000.0], [77142.5, 1910.0], [77140.0, 8300.0], [77137.5, 6450.0]], "asks": [[77205.0, 480.0], [77207.5, 1800.0], [77212.5, 1940.0], [77215.0, 7460.0], [77217.5, 3250.0], [77220.0, 640.0], [77222.5, 1800.0], [77225.0, 5570.0], [77230.0, 16450.0], [77235.0, 1940.0], [77240.0, 6450.0], [77245.0, 980.0], [77250.0, 5190.0], [77252.5, 6450.0], [77260.0, 1940.0], [77262.5, 6450.0], [77270.0, 1940.0], [77272.5, 6450.0], [77290.0, 1910.0], [77292.5, 6370.0]]}}}
{"jsonrpc": "2.0", "method": "subscription", "params": {"channel": "book.BTC-11APR25.none.20.100ms", "data": {"timestamp": 1744194407684, "change_id": 96421558663, "instrument_name": "BTC-11APR25", "bids": [[77140.0, 150.0], [77137.5, 7500.0], [77132.5, 11300.0], [77130.0, 10000.0], [77125.0, 100.0], [77115.0, 2250.0], [77112.5, 7490.0], [77110.0, 920.0], [77107.5, 3060.0], [77105.0, 2270.0], [77102.5, 7580.0], [77100.0, 7580.0], [77097.5, 26870.0], [77095.0, 2300.0], [77092.5, 7670.0], [77082.5, 2190.0], [77080.0, 7310.0], [77072.5, 2210.0], [77070.0, 7360.0], [77062.5, 7940.0]], "asks": [[77142.5, 150.0], [77147.5, 300.0], [77150.0, 2180.0], [77152.5, 1000.0], [77155.0, 3360.0], [77157.5, 1000.0], [77160.0, 350.0], [77162.5, 1000.0], [77165.0, 4070.0], [77167.5, 1000.0], [77170.0, 11000.0], [77172.5, 3650.0], [77175.0, 13110.0], [77177.5, 7500.0], [77185.0, 2270.0], [77187.5, 7580.0], [77195.0, 2270.0], [77197.5, 7580.0], [77205.0, 2270.0], [77207.5, 7580.0]]}}}
{"jsonrpc": "2.0", "method": "subscription", "params": {"channel": "book.BTC-18APR25.none.20.100ms", "data": {"timestamp": 1744194407684, "change_id": 96421558682, "instrument_name": "BTC-18APR25", "bids": [[77202.5, 1800.0], [77190.0, 1940.0], [77187.5, 6450.0], [77182.5, 3000.0], [77180.0, 12900.0], [77177.5, 6490.0], [77175.0, 3270.0], [77170.0, 1940.0], [77167.5, 6450.0], [77160.0, 1970.0], [77157.5, 6570.0], [77155.0, 6480.0], [77152.5, 50000.0], [77150.0, 1940.0], [77147.5, 6450.0], [77145.0, 20000.0], [77142.5, 1910.0], [77140.0, 8300.0], [77137.5, 6450.0], [77130.0, 1990.0]], "asks": [[77205.0, 480.0], [77207.5, 1800.0], [77212.5, 1940.0], [77215.0, 7460.0], [77217.5, 3250.0], [77220.0, 640.0], [77222.5, 1800.0], [77225.0, 5570.0], [77230.0, 16450.0], [77235.0, 1940.0], [77240.0, 6450.0], [77245.0, 980.0], [77250.0, 5190.0], [77252.5, 6450.0], [77260.0, 1940.0], [77262.5, 6450.0], [77270.0, 1940.0], [77272.5, 6450.0], [77290.0, 1910.0], [77292.5, 6370.0]]}}}
{"jsonrpc": "2.0", "method": "subscription", "params": {"channel": "book.BTC-11APR25.none.20.100ms", "data": {"timestamp": 1744194407990, "change_id": 96421559546, "instrument_name": "BTC-11APR25", "bids": [[77140.0, 150.0], [77137.5, 920.0], [77135.0, 3060.0], [77132.5, 11300.0], [77130.0, 10000.0], [77125.0, 100.0], [77115.0, 2250.0], [77112.5, 7490.0], [77110.0, 920.0], [77107.5, 3060.0], [77105.0, 2270.0], [77102.5, 7580.0], [77100.0, 7580.0], [77097.5, 26870.0], [77095.0, 2300.0], [77092.5, 7670.0], [77082.5, 2190.0], [77080.0, 7310.0], [77072.5, 2210.0], [77070.0, 7360.0]], "asks": [[77142.5, 150.0], [77147.5, 300.0], [77150.0, 2180.0], [77152.5, 1000.0], [77155.0, 3360.0], [77157.5, 1000.0], [77160.0, 350.0], [77162.5, 1000.0], [77165.0, 4070.0], [77167.5, 1000.0], [77170.0, 15440.0], [77172.5, 7560.0], [77175.0, 13110.0], [77177.5, 7500.0], [77185.0, 2270.0], [77187.5, 7580.0], [77195.0, 2270.0], [77197.5, 7580.0], [77205.0, 2270.0], [77207.5, 7580.0]]}}}
{"jsonrpc": "2.0", "method": "subscription", "params": {"channel": "book.BTC-18APR25.none.20.100ms", "data": {"timestamp": 1744194408070, "change_id": 96421559635, "instrument_name": "BTC-18APR25", "bids": [[77202.5, 1810.0], [77200.0, 980.0], [77195.0, 3250.0], [77190.0, 1940.0], [77187.5, 6450.0], [77182.5, 3000.0], [77180.0, 12900.0], [77177.5, 6490.0], [77175.0, 3270.0], [77170.0, 1940.0], [77167.5, 6450.0], [77160.0, 1970.0], [77157.5, 6570.0], [77155.0, 6480.0], [77152.5, 50000.0], [77150.0, 1940.0], [77147.5, 6450.0], [77145.0, 20000.0], [77140.0, 1940.0], [77137.5, 6450.0]], "asks": [[77205.0, 8390.0], [77210.0, 1800.0], [77212.5, 1940.0], [77215.0, 10330.0], [77217.5, 3250.0], [77220.0, 10640.0], [77222.5, 1800.0], [77230.0, 6450.0], [77235.0, 1940.0], [77240.0, 6450.0], [77245.0, 980.0], [77250.0, 5190.0], [77252.5, 6450.0], [77260.0, 1940.0], [77262.5, 6450.0], [77270.0, 1940.0], [77272.5, 6450.0], [77290.0, 1910.0], [77292.5, 6370.0], [77300.0, 20.0]]}}}
{"jsonrpc": "2.0", "method": "subscription", "params": {"channel": "book.BTC-11APR25.none.20.100ms", "data": {"timestamp": 1744194408423, "change_id": 96421560686, "instrument_name": "BTC-11APR25", "bids": [[77132.5, 920.0], [77130.0, 5340.0], [77127.5, 7500.0], [77125.0, 100.0], [77120.0, 3000.0], [77117.5, 10000.0], [77112.5, 20.0], [77110.0, 920.0], [77107.5, 3060.0], [77105.0, 2270.0], [77102.5, 7580.0], [77100.0, 7580.0], [77097.5, 26870.0], [77095.0, 2300.0], [77092.5, 7670.0], [77082.5, 2190.0], [77080.0, 7310.0], [77072.5, 2210.0], [77070.0, 7360.0], [77062.5, 7940.0]], "asks": [[77142.5, 150.0], [77147.5, 300.0], [77150.0, 2180.0], [77152.5, 1000.0], [77155.0, 6320.0], [77157.5, 1000.0], [77160.0, 10350.0], [77162.5, 1100.0], [77167.5, 1000.0], [77170.0, 5440.0], [77172.5, 7460.0], [77175.0, 13110.0], [77177.5, 7500.0], [77185.0, 2270.0], [77187.5, 7580.0], [77195.0, 2270.0], [77197.5, 7580.0], [77205.0, 2270.0], [77207.5, 7580.0], [77225.0, 2270.0]]}}}
{"jsonrpc": "2.0", "method": "subscription", "params": {"channel": "book.BTC-18APR25.none.20.100ms", "data": {"timestamp": 1744194408304, "change_id": 96421560634, "instrument_name": "BTC-18APR25", "bids": [[77202.5, 10.0], [77190.0, 1940.0], [77187.5, 9700.0], [77180.0, 2900.0], [77177.5, 6490.0], [77175.0, 3270.0], [77170.0, 1940.0], [77167.5, 6450.0], [77160.0, 1970.0], [77157.5, 6570.0], [77150.0, 1940.0], [77147.5, 6450.0], [77145.0, 70000.0], [77140.0, 1940.0], [77137.5, 6450.0], [77135.0, 6360.0], [77130.0, 1990.0], [77127.5, 8230.0], [77120.0, 7620.0], [77117.5, 6390.0]], "asks": [[77205.0, 14890.0], [77210.0, 1800.0], [77212.5, 1940.0], [77215.0, 10330.0], [77217.5, 3250.0], [77220.0, 10640.0], [77222.5, 1800.0], [77230.0, 6450.0], [77235.0, 1940.0], [77240.0, 6450.0], [77245.0, 980.0], [77250.0, 5190.0], [77252.5, 6450.0], [77260.0, 1940.0], [77262.5, 6450.0], [77270.0, 1940.0], [77272.5, 6450.0], [77290.0, 1910.0], [77292.5, 6370.0], [77300.0, 20.0]]}}}
{"jsonrpc": "2.0", "method": "subscription", "params": {"channel": "book.BTC-11APR25.none.20.100ms", "data": {"timestamp": 1744194408732, "change_id": 96421561340, "instrument_name": "BTC-11APR25", "bids": [[77132.5, 920.0], [77130.0, 5340.0], [77127.5, 7500.0], [77120.0, 3000.0], [77117.5, 10000.0], [77112.5, 120.0], [77110.0, 920.0], [77107.5, 3060.0], [77105.0, 2270.0], [77102.5, 7580.0], [77100.0, 7580.0], [77097.5, 26870.0], [77095.0, 2300.0], [77092.5, 7670.0], [77082.5, 2190.0], [77080.0, 7310.0], [77072.5, 2210.0], [77070.0, 7360.0], [77062.5, 7940.0], [77060.0, 26480.0]], "asks": [[77142.5, 150.0], [77147.5, 300.0], [77150.0, 2180.0], [77152.5, 1000.0], [77155.0, 6320.0], [77157.5, 1000.0], [77160.0, 11350.0], [77162.5, 100.0], [77167.5, 1000.0], [77170.0, 5440.0], [77172.5, 7460.0], [77175.0, 13110.0], [77177.5, 7500.0], [77185.0, 2270.0], [77187.5, 7580.0], [77195.0, 2270.0], [77197.5, 7580.0], [77205.0, 2270.0], [77207.5, 7580.0], [77225.0, 2270.0]]}}}
{"jsonrpc": "2.0", "method": "subscription", "params": {"channel": "book.BTC-18APR25.none.20.100ms", "data": {"timestamp": 1744194408781, "change_id": 96421561436, "instrument_name": "BTC-18APR25", "bids": [[77202.5, 10.0], [77190.0, 1940.0], [77187.5, 9700.0], [77180.0, 2900.0], [77177.5, 6390.0], [77175.0, 3270.0], [77170.0, 1940.0], [77167.5, 6450.0], [77165.0, 100.0], [77160.0, 1970.0], [77157.5, 6570.0], [77150.0, 1940.0], [77147.5, 6450.0], [77140.0, 71940.0], [77137.5, 6450.0], [77135.0, 6360.0], [77130.0, 1990.0], [77127.5, 8230.0], [77120.0, 7620.0], [77117.5, 6390.0]], "asks": [[77205.0, 14890.0], [77210.0, 1900.0], [77212.5, 1940.0], [77215.0, 10330.0], [77217.5, 3250.0], [77220.0, 10540.0], [77222.5, 1800.0], [77227.5, 1940.0], [77230.0, 6450.0], [77235.0, 1940.0], [77240.0, 6450.0], [77245.0, 980.0], [77250.0, 5190.0], [77252.5, 6450.0], [77260.0, 1940.0], [77262.5, 6450.0], [77270.0, 1940.0], [77272.5, 6450.0], [77290.0, 1910.0], [77292.5, 6370.0]]}}}
{"jsonrpc": "2.0", "method": "subscription", "params": {"channel": "book.BTC-11APR25.none.20.100ms", "data": {"timestamp": 1744194409105, "change_id": 96421562716, "instrument_name": "BTC-11APR25", "bids": [[77147.5, 150.0], [77145.0, 2300.0], [77142.5, 7500.0], [77140.0, 2250.0], [77137.5, 7500.0], [77120.0, 3000.0], [77117.5, 10000.0], [77112.5, 7580.0], [77110.0, 920.0], [77107.5, 3060.0], [77105.0, 2270.0], [77102.5, 7580.0], [77100.0, 7580.0], [77097.5, 26870.0], [77095.0, 2300.0], [77092.5, 7670.0], [77082.5, 2190.0], [77080.0, 7310.0], [77072.5, 2210.0], [77070.0, 7360.0]], "asks": [[77157.5, 4300.0], [77160.0, 11350.0], [77162.5, 100.0], [77165.0, 300.0], [77167.5, 1000.0], [77170.0, 3170.0], [77175.0, 13110.0], [77177.5, 7500.0], [77185.0, 2270.0], [77187.5, 7580.0], [77195.0, 2270.0], [77197.5, 7580.0], [77205.0, 2270.0], [77207.5, 7580.0], [77225.0, 2270.0], [77227.5, 7580.0], [77237.5, 20.0], [77245.0, 2270.0], [77247.5, 7580.0], [77280.0, 7500.0]]}}}
{"jsonrpc": "2.0", "method": "subscription", "params": {"channel": "book.BTC-18APR25.none.20.100ms", "data": {"timestamp": 1744194409123, "change_id": 96421562732, "instrument_name": "BTC-18APR25", "bids": [[77207.5, 1810.0], [77205.0, 9910.0], [77202.5, 34890.0], [77200.0, 21100.0], [77195.0, 53790.0], [77192.5, 1800.0], [77190.0, 1940.0], [77187.5, 6450.0], [77180.0, 2900.0], [77177.5, 6390.0], [77175.0, 3270.0], [77172.5, 10000.0], [77170.0, 1940.0], [77167.5, 6450.0], [77165.0, 100.0], [77160.0, 1970.0], [77157.5, 6570.0], [77150.0, 1940.0], [77147.5, 6450.0], [77140.0, 1940.0]], "asks": [[77210.0, 100.0], [77217.5, 4600.0], [77220.0, 17120.0], [77227.5, 1940.0], [77230.0, 6450.0], [77235.0, 1940.0], [77240.0, 6450.0], [77245.0, 980.0], [77250.0, 5190.0], [77252.5, 6450.0], [77260.0, 1940.0], [77262.5, 6450.0], [77270.0, 1940.0], [77272.5, 6450.0], [77290.0, 1910.0], [77292.5, 6370.0], [77300.0, 20.0], [77352.5, 6630.0], [77360.0, 20.0], [77415.0, 6590.0]]}}}
{"jsonrpc": "2.0", "method": "subscription", "params": {"channel": "book.BTC-11APR25.none.20.100ms", "data": {"timestamp": 1744194409298, "change_id": 96421563270, "instrument_name": "BTC-11APR25", "bids": [[77145.0, 150.0], [77142.5, 10560.0], [77140.0, 2250.0], [77137.5, 7500.0], [77122.5, 100.0], [77120.0, 3000.0], [77117.5, 10000.0], [77112.5, 7480.0], [77107.5, 3060.0], [77102.5, 7580.0], [77097.5, 26870.0], [77095.0, 2300.0], [77092.5, 7670.0], [77082.5, 2190.0], [77080.0, 7310.0], [77072.5, 2210.0], [77070.0, 7360.0], [77060.0, 26480.0], [77055.0, 7660.0], [77052.5, 20.0]], "asks": [[77147.5, 150.0], [77150.0, 300.0], [77152.5, 1000.0], [77157.5, 4300.0], [77160.0, 11350.0], [77162.5, 100.0], [77165.0, 1180.0], [77167.5, 4060.0], [77170.0, 2250.0], [77175.0, 10050.0], [77177.5, 7500.0], [77187.5, 7580.0], [77195.0, 2270.0], [77197.5, 10640.0], [77205.0, 2270.0], [77207.5, 7580.0], [77227.5, 7580.0], [77237.5, 20.0], [77245.0, 2270.0], [77247.5, 7580.0]]}}}
{"jsonrpc": "2.0", "method": "subscription", "params": {"channel": "book.BTC-18APR25.none.20.100ms", "data": {"timestamp": 1744194409315, "change_id": 96421563297, "instrument_name": "BTC-18APR25", "bids": [[77207.5, 1800.0], [77205.0, 6960.0], [77202.5, 25060.0], [77200.0, 21100.0], [77197.5, 6580.0], [77195.0, 50540.0], [77192.5, 1800.0], [77190.0, 1940.0], [77187.5, 6450.0], [77180.0, 2900.0], [77177.5, 6390.0], [77175.0, 3370.0], [77172.5, 10000.0], [77170.0, 1940.0], [77167.5, 6450.0], [77160.0, 1970.0], [77157.5, 6570.0], [77150.0, 1940.0], [77147.5, 6450.0], [77140.0, 1940.0]], "asks": [[77210.0, 10.0], [77217.5, 4600.0], [77220.0, 17120.0], [77222.5, 100.0], [77227.5, 1940.0], [77230.0, 9700.0], [77240.0, 6450.0], [77250.0, 5190.0], [77252.5, 6450.0], [77260.0, 1940.0], [77262.5, 6450.0], [77270.0, 1940.0], [77272.5, 6450.0], [77290.0, 1910.0], [77292.5, 6370.0], [77300.0, 20.0], [77352.5, 6630.0], [77360.0, 20.0], [77415.0, 6590.0], [77422.5, 20.0]]}}}
{"jsonrpc": "2.0", "method": "subscription", "params": {"channel": "book.BTC-11APR25.none.20.100ms", "data": {"timestamp": 1744194409764, "change_id": 96421564127, "instrument_name": "BTC-11APR25", "bids": [[77147.5, 150.0], [77145.0, 3170.0], [77142.5, 10560.0], [77140.0, 2250.0], [77137.5, 7500.0], [77122.5, 100.0], [77120.0, 3000.0], [77117.5, 10000.0], [77112.5, 7480.0], [77107.5, 3060.0], [77105.0, 2270.0], [77102.5, 7580.0], [77097.5, 26870.0], [77095.0, 2300.0], [77092.5, 7670.0], [77082.5, 2190.0], [77080.0, 7310.0], [77072.5, 2210.0], [77070.0, 7360.0], [77060.0, 26480.0]], "asks": [[77152.5, 1000.0], [77157.5, 4300.0], [77160.0, 11350.0], [77162.5, 100.0], [77165.0, 1180.0], [77167.5, 4060.0], [77170.0, 2250.0], [77175.0, 10050.0], [77177.5, 7500.0], [77185.0, 2270.0], [77187.5, 7580.0], [77195.0, 2270.0], [77197.5, 10640.0], [77227.5, 7580.0], [77237.5, 20.0], [77245.0, 2270.0], [77247.5, 7580.0], [77277.5, 2250.0], [77280.0, 7500.0], [77295.0, 7530.0]]}}}
{"jsonrpc": "2.0", "method": "subscription", "params": {"channel": "book.BTC-18APR25.none.20.100ms", "data": {"timestamp": 1744194409704, "change_id": 96421563882, "instrument_name": "BTC-18APR25", "bids": [[77207.5, 8380.0], [77205.0, 6960.0], [77202.5, 25060.0], [77200.0, 21100.0], [77197.5, 6580.0], [77195.0, 50540.0], [77192.5, 1800.0], [77190.0, 1940.0], [77187.5, 6450.0], [77180.0, 2900.0], [77177.5, 6390.0], [77175.0, 6370.0], [77172.5, 10000.0], [77170.0, 1940.0], [77167.5, 6450.0], [77160.0, 1970.0], [77157.5, 6570.0], [77150.0, 1940.0], [77147.5, 6450.0], [77140.0, 3600.0]], "asks": [[77210.0, 1960.0], [77212.5, 1800.0], [77217.5, 4600.0], [77220.0, 17120.0], [77222.5, 100.0], [77227.5, 1940.0], [77230.0, 9700.0], [77237.5, 1940.0], [77240.0, 6450.0], [77247.5, 980.0], [77250.0, 5190.0], [77252.5, 6450.0], [77260.0, 1940.0], [77262.5, 6450.0], [77270.0, 1940.0], [77272.5, 6450.0], [77290.0, 1910.0], [77292.5, 6370.0], [77300.0, 20.0], [77352.5, 6630.0]]}}}
{"jsonrpc": "2.0", "method": "subscription", "params": {"channel": "book.BTC-11APR25.none.20.100ms", "data": {"timestamp": 1744194409874, "change_id": 96421564290, "instrument_name": "BTC-11APR25", "bids": [[77147.5, 150.0], [77145.0, 3170.0], [77142.5, 10560.0], [77140.0, 2250.0], [77137.5, 7500.0], [77122.5, 100.0], [77120.0, 3000.0], [77117.5, 10000.0], [77112.5, 7480.0], [77107.5, 3060.0], [77105.0, 2270.0], [77102.5, 7580.0], [77097.5, 26870.0], [77095.0, 2300.0], [77092.5, 7670.0], [77082.5, 2190.0], [77080.0, 7310.0], [77072.5, 2210.0], [77070.0, 7360.0], [77060.0, 26480.0]], "asks": [[77150.0, 150.0], [77157.5, 4300.0], [77160.0, 11350.0], [77162.5, 100.0], [77165.0, 1180.0], [77167.5, 4060.0], [77170.0, 2250.0], [77175.0, 10050.0], [77177.5, 7500.0], [77185.0, 2270.0], [77187.5, 7580.0], [77195.0, 2270.0], [77197.5, 10640.0], [77227.5, 7580.0], [77237.5, 20.0], [77245.0, 2270.0], [77247.5, 7580.0], [77277.5, 2250.0], [77280.0, 7500.0], [77295.0, 7530.0]]}}}
{"jsonrpc": "2.0", "method": "subscription", "params": {"channel": "book.BTC-18APR25.none.20.100ms", "data": {"timestamp": 1744194410098, "change_id": 96421564728, "instrument_name": "BTC-18APR25", "bids": [[77207.5, 8390.0], [77205.0, 8760.0], [77202.5, 25060.0], [77200.0, 21100.0], [77197.5, 6580.0], [77195.0, 50540.0], [77190.0, 1940.0], [77187.5, 6450.0], [77180.0, 2900.0], [77177.5, 6390.0], [77175.0, 6370.0], [77172.5, 10000.0], [77170.0, 1940.0], [77167.5, 6450.0], [77160.0, 1970.0], [77157.5, 6570.0], [77150.0, 1940.0], [77147.5, 6450.0], [77140.0, 3600.0], [77137.5, 6450.0]], "asks": [[77210.0, 1960.0], [77215.0, 1800.0], [77217.5, 4600.0], [77220.0, 17120.0], [77222.5, 100.0], [77227.5, 1940.0], [77230.0, 9700.0], [77237.5, 1940.0], [77240.0, 6450.0], [77247.5, 980.0], [77250.0, 5190.0], [77252.5, 6450.0], [77260.0, 1940.0], [77262.5, 6450.0], [77270.0, 1940.0], [77272.5, 6450.0], [77290.0, 1910.0], [77292.5, 6370.0], [77300.0, 20.0], [77352.5, 6630.0]]}}}
{"jsonrpc": "2.0", "method": "subscription", "params": {"channel": "book.BTC-18APR25.none.20.100ms", "data": {"timestamp": 1744194410397, "change_id": 96421565102, "instrument_name": "BTC-18APR25", "bids": [[77207.5, 8380.0], [77205.0, 8760.0], [77202.5, 25060.0], [77200.0, 21100.0], [77197.5, 6580.0], [77195.0, 50540.0], [77190.0, 1940.0], [77187.5, 6450.0], [77180.0, 2900.0], [77177.5, 6390.0], [77175.0, 6370.0], [77172.5, 10000.0], [77170.0, 1940.0], [77167.5, 6450.0], [77160.0, 1970.0], [77157.5, 6570.0], [77150.0, 1940.0], [77147.5, 6450.0], [77140.0, 3600.0], [77137.5, 6450.0]], "asks": [[77210.0, 1960.0], [77215.0, 1800.0], [77217.5, 4600.0], [77220.0, 17120.0], [77222.5, 100.0], [77227.5, 1940.0], [77230.0, 9700.0], [77237.5, 1940.0], [77240.0, 6450.0], [77247.5, 980.0], [77250.0, 5190.0], [77252.5, 6450.0], [77260.0, 1940.0], [77262.5, 6450.0], [77270.0, 1940.0], [77272.5, 6450.0], [77290.0, 1910.0], [77292.5, 6370.0], [77300.0, 20.0], [77352.5, 6630.0]]}}}
{"jsonrpc": "2.0", "method": "subscription", "params": {"channel": "book.BTC-18APR25.none.20.100ms", "data": {"timestamp": 1744194410733, "change_id": 96421565484, "instrument_name": "BTC-18APR25", "bids": [[77207.5, 8390.0], [77205.0, 8760.0], [77202.5, 25060.0], [77200.0, 21100.0], [77197.5, 6580.0], [77195.0, 50540.0], [77190.0, 1940.0], [77187.5, 6450.0], [77180.0, 2900.0], [77177.5, 6390.0], [77175.0, 6370.0], [77172.5, 10000.0], [77170.0, 1940.0], [77167.5, 6450.0], [77160.0, 1970.0], [77157.5, 6570.0], [77150.0, 1940.0], [77147.5, 6450.0], [77140.0, 3600.0], [77137.5, 6450.0]], "asks": [[77210.0, 1960.0], [77215.0, 1800.0], [77217.5, 4600.0], [77220.0, 17120.0], [77222.5, 100.0], [77227.5, 1940.0], [77230.0, 9700.0], [77237.5, 1940.0], [77240.0, 6450.0], [77247.5, 980.0], [77250.0, 5190.0], [77252.5, 6450.0], [77260.0, 1940.0], [77262.5, 6450.0], [77270.0, 1940.0], [77272.5, 6450.0], [77290.0, 1910.0], [77292.5, 6370.0], [77300.0, 20.0], [77352.5, 6630.0]]}}}
{"jsonrpc": "2.0", "method": "subscription", "params": {"channel": "book.BTC-11APR25.none.20.100ms", "data": {"timestamp": 1744194410973, "change_id": 96421566335, "instrument_name": "BTC-11APR25", "bids": [[77140.0, 150.0], [77137.5, 3060.0], [77122.5, 100.0], [77120.0, 3000.0], [77117.5, 10000.0], [77115.0, 2240.0], [77112.5, 7480.0], [77107.5, 3060.0], [77105.0, 2270.0], [77102.5, 7580.0], [77097.5, 26870.0], [77095.0, 2300.0], [77092.5, 7670.0], [77082.5, 2190.0], [77080.0, 7310.0], [77072.5, 2210.0], [77070.0, 7360.0], [77062.5, 7940.0], [77060.0, 26480.0], [77055.0, 7660.0]], "asks": [[77142.5, 150.0], [77145.0, 300.0], [77147.5, 1000.0], [77157.5, 4300.0], [77160.0, 14410.0], [77162.5, 100.0], [77165.0, 300.0], [77167.5, 1000.0], [77170.0, 3190.0], [77172.5, 1000.0], [77175.0, 13110.0], [77177.5, 7500.0], [77185.0, 2270.0], [77187.5, 7580.0], [77195.0, 2270.0], [77197.5, 7580.0], [77225.0, 2270.0], [77227.5, 7580.0], [77237.5, 20.0], [77245.0, 2270.0]]}}}
{"jsonrpc": "2.0", "method": "subscription", "params": {"channel": "book.BTC-18APR25.none.20.100ms", "data": {"timestamp": 1744194410999, "change_id": 96421566507, "instrument_name": "BTC-18APR25", "bids": [[77202.5, 21810.0], [77200.0, 21100.0], [77197.5, 9830.0], [77195.0, 50540.0], [77190.0, 1940.0], [77187.5, 6450.0], [77180.0, 2900.0], [77177.5, 6390.0], [77175.0, 6370.0], [77172.5, 10000.0], [77170.0, 1940.0], [77167.5, 6450.0], [77160.0, 1970.0], [77157.5, 6570.0], [77150.0, 1940.0], [77147.5, 6450.0], [77140.0, 3600.0], [77137.5, 6450.0], [77135.0, 6360.0], [77130.0, 1990.0]], "asks": [[77205.0, 2300.0], [77212.5, 640.0], [77215.0, 1800.0], [77217.5, 6400.0], [77220.0, 17520.0], [77222.5, 3250.0], [77227.5, 1940.0], [77230.0, 6450.0], [77237.5, 1940.0], [77240.0, 6450.0], [77247.5, 980.0], [77250.0, 5190.0], [77252.5, 6450.0], [77260.0, 1940.0], [77262.5, 6450.0], [77270.0, 1940.0], [77272.5, 6450.0], [77290.0, 1910.0], [77292.5, 6370.0], [77300.0, 20.0]]}}}
{"jsonrpc": "2.0", "method": "subscription", "params": {"channel": "book.BTC-11APR25.none.20.100ms", "data": {"timestamp": 1744194411409, "change_id": 96421567019, "instrument_name": "BTC-11APR25", "bids": [[77145.0, 150.0], [77140.0, 920.0], [77137.5, 3060.0], [77122.5, 100.0], [77120.0, 3000.0], [77117.5, 10000.0], [77115.0, 2240.0], [77112.5, 7480.0], [77107.5, 3060.0], [77105.0, 2270.0], [77102.5, 7580.0], [77097.5, 26870.0], [77095.0, 2300.0], [77092.5, 7670.0], [77082.5, 2190.0], [77080.0, 7310.0], [77072.5, 2210.0], [77070.0, 7360.0], [77062.5, 7940.0], [77060.0, 26480.0]], "asks": [[77147.5, 1150.0], [77157.5, 4300.0], [77160.0, 14410.0], [77162.5, 100.0], [77165.0, 300.0], [77167.5, 1000.0], [77170.0, 3190.0], [77172.5, 1000.0], [77175.0, 13110.0], [77177.5, 7500.0], [77185.0, 2270.0], [77187.5, 7580.0], [77195.0, 2270.0], [77197.5, 7580.0], [77225.0, 2270.0], [77227.5, 7580.0], [77237.5, 20.0], [77245.0, 2270.0], [77247.5, 7580.0], [77277.5, 2250.0]]}}}
{"jsonrpc": "2.0", "method": "subscription", "params": {"channel": "book.BTC-18APR25.none.20.100ms", "data": {"timestamp": 1744194411410, "change_id": 96421567026, "instrument_name": "BTC-18APR25", "bids": [[77202.5, 1820.0], [77200.0, 22950.0], [77197.5, 9830.0], [77190.0, 1940.0], [77187.5, 6450.0], [77182.5, 15000.0], [77180.0, 52900.0], [77177.5, 6390.0], [77175.0, 6370.0], [77172.5, 10000.0], [77170.0, 1940.0], [77167.5, 6450.0], [77160.0, 1970.0], [77157.5, 6570.0], [77150.0, 1940.0], [77147.5, 6450.0], [77140.0, 1940.0], [77137.5, 6450.0], [77132.5, 6360.0], [77130.0, 1990.0]], "asks": [[77205.0, 1800.0], [77212.5, 640.0], [77215.0, 1800.0], [77217.5, 6400.0], [77220.0, 17520.0], [77222.5, 3250.0], [77227.5, 1940.0], [77230.0, 6450.0], [77237.5, 1940.0], [77240.0, 6450.0], [77247.5, 980.0], [77250.0, 5190.0], [77252.5, 6450.0], [77260.0, 1940.0], [77262.5, 6450.0], [77270.0, 1940.0], [77272.5, 6450.0], [77290.0, 1910.0], [77292.5, 6370.0], [77300.0, 20.0]]}}}
{"jsonrpc": "2.0", "method": "subscription", "params": {"channel": "book.BTC-11APR25.none.20.100ms", "data": {"timestamp": 1744194411661, "change_id": 96421567184, "instrument_name": "BTC-11APR25", "bids": [[77145.0, 150.0], [77140.0, 920.0], [77137.5, 3060.0], [77122.5, 100.0], [77120.0, 3000.0], [77117.5, 10000.0], [77115.0, 2240.0], [77112.5, 7480.0], [77107.5, 3060.0], [77105.0, 2270.0], [77102.5, 7580.0], [77097.5, 1600.0], [77095.0, 27570.0], [77092.5, 7670.0], [77082.5, 2190.0], [77080.0, 7310.0], [77072.5, 2210.0], [77070.0, 7360.0], [77062.5, 7940.0], [77060.0, 26480.0]], "asks": [[77147.5, 150.0], [77157.5, 4300.0], [77160.0, 14410.0], [77162.5, 100.0], [77165.0, 300.0], [77167.5, 1000.0], [77170.0, 3190.0], [77172.5, 1000.0], [77175.0, 13110.0], [77177.5, 7500.0], [77185.0, 2270.0], [77187.5, 7580.0], [77195.0, 2270.0], [77197.5, 7580.0], [77225.0, 2270.0], [77227.5, 7580.0], [77237.5, 20.0], [77245.0, 2270.0], [77247.5, 7580.0], [77277.5, 2250.0]]}}}
{"jsonrpc": "2.0", "method": "subscription", "params": {"channel": "book.BTC-18APR25.none.20.100ms", "data": {"timestamp": 1744194411760, "change_id": 96421567455, "instrument_name": "BTC-18APR25", "bids": [[77207.5, 8390.0], [77202.5, 14310.0], [77200.0, 22950.0], [77197.5, 9830.0], [77190.0, 1940.0], [77187.5, 6450.0], [77182.5, 15000.0], [77180.0, 52900.0], [77177.5, 6390.0], [77175.0, 6370.0], [77172.5, 10000.0], [77170.0, 1940.0], [77167.5, 6450.0], [77160.0, 1970.0], [77157.5, 6570.0], [77150.0, 1940.0], [77147.5, 6450.0], [77140.0, 1940.0], [77137.5, 6450.0], [77132.5, 6360.0]], "asks": [[77210.0, 10.0], [77212.5, 100.0], [77215.0, 1800.0], [77217.5, 6770.0], [77220.0, 17520.0], [77222.5, 3250.0], [77227.5, 1940.0], [77230.0, 6450.0], [77237.5, 1940.0], [77240.0, 6450.0], [77247.5, 980.0], [77250.0, 5190.0], [77252.5, 6450.0], [77260.0, 1940.0], [77262.5, 6450.0], [77270.0, 1940.0], [77272.5, 6450.0], [77290.0, 1910.0], [77292.5, 6370.0], [77300.0, 20.0]]}}}
{"jsonrpc": "2.0", "method": "subscription", "params": {"channel": "book.BTC-11APR25.none.20.100ms", "data": {"timestamp": 1744194411855, "change_id": 96421567641, "instrument_name": "BTC-11APR25", "bids": [[77145.0, 150.0], [77140.0, 920.0], [77137.5, 3060.0], [77122.5, 100.0], [77120.0, 3000.0], [77117.5, 10000.0], [77115.0, 2240.0], [77112.5, 7480.0], [77110.0, 920.0], [77107.5, 3060.0], [77105.0, 2270.0], [77102.5, 7580.0], [77097.5, 1600.0], [77095.0, 27570.0], [77092.5, 7670.0], [77082.5, 2190.0], [77080.0, 7310.0], [77072.5, 2210.0], [77070.0, 7360.0], [77062.5, 7940.0]], "asks": [[77147.5, 150.0], [77157.5, 4300.0], [77160.0, 14410.0], [77162.5, 1100.0], [77165.0, 300.0], [77167.5, 1000.0], [77170.0, 3190.0], [77172.5, 1000.0], [77175.0, 13110.0], [77177.5, 7500.0], [77185.0, 2270.0], [77187.5, 7580.0], [77195.0, 2270.0], [77197.5, 7580.0], [77225.0, 2270.0], [77227.5, 7580.0], [77237.5, 20.0], [77245.0, 2270.0], [77247.5, 7580.0], [77277.5, 2250.0]]}}}
{"jsonrpc": "2.0", "method": "subscription", "params": {"channel": "book.BTC-18APR25.none.20.100ms", "data": {"timestamp": 1744194412061, "change_id": 96421568102, "instrument_name": "BTC-18APR25", "bids": [[77207.5, 14890.0], [77205.0, 10290.0], [77202.5, 28310.0], [77200.0, 2950.0], [77197.5, 9830.0], [77190.0, 1940.0], [77187.5, 6450.0], [77182.5, 15000.0], [77180.0, 52900.0], [77177.5, 6390.0], [77175.0, 6370.0], [77172.5, 10000.0], [77170.0, 1940.0], [77167.5, 6450.0], [77160.0, 1970.0], [77157.5, 6570.0], [77150.0, 1940.0], [77147.5, 6450.0], [77140.0, 1940.0], [77137.5, 6450.0]], "asks": [[77210.0, 2260.0], [77212.5, 100.0], [77217.5, 6770.0], [77220.0, 17520.0], [77222.5, 3250.0], [77227.5, 3740.0], [77230.0, 6450.0], [77237.5, 1940.0], [77240.0, 6450.0], [77247.5, 980.0], [77250.0, 5190.0], [77252.5, 6450.0], [77260.0, 1940.0], [77262.5, 6450.0], [77270.0, 1940.0], [77272.5, 6450.0], [77290.0, 1910.0], [77292.5, 6370.0], [77300.0, 20.0], [77352.5, 6630.0]]}}}
{"jsonrpc": "2.0", "method": "subscription", "params": {"channel": "book.BTC-11APR25.none.20.100ms", "data": {"timestamp": 1744194412424, "change_id": 96421568542, "instrument_name": "BTC-11APR25", "bids": [[77147.5, 2300.0], [77145.0, 7650.0], [77122.5, 100.0], [77120.0, 3000.0], [77117.5, 10000.0], [77115.0, 2240.0], [77112.5, 7480.0], [77110.0, 920.0], [77107.5, 3060.0], [77105.0, 2270.0], [77102.5, 7580.0], [77097.5, 1600.0], [77095.0, 27570.0], [77092.5, 7670.0], [77082.5, 2190.0], [77080.0, 7310.0], [77072.5, 2210.0], [77070.0, 7360.0], [77062.5, 7940.0], [77060.0, 26480.0]], "asks": [[77152.5, 150.0], [77157.5, 4300.0], [77160.0, 14410.0], [77162.5, 1100.0], [77165.0, 300.0], [77167.5, 1000.0], [77170.0, 3190.0], [77172.5, 1000.0], [77175.0, 15640.0], [77177.5, 7500.0], [77185.0, 2270.0], [77187.5, 7580.0], [77195.0, 2270.0], [77197.5, 7580.0], [77225.0, 2270.0], [77227.5, 7580.0], [77237.5, 20.0], [77245.0, 2270.0], [77247.5, 7580.0], [77295.0, 7530.0]]}}}
{"jsonrpc": "2.0", "method": "subscription", "params": {"channel": "book.BTC-18APR25.none.20.100ms", "data": {"timestamp": 1744194412424, "change_id": 96421568541, "instrument_name": "BTC-18APR25", "bids": [[77207.5, 14890.0], [77205.0, 10290.0], [77202.5, 28310.0], [77200.0, 1970.0], [77197.5, 6580.0], [77190.0, 1940.0], [77187.5, 6450.0], [77182.5, 15000.0], [77180.0, 52900.0], [77177.5, 6390.0], [77175.0, 6370.0], [77172.5, 10000.0], [77170.0, 1940.0], [77167.5, 6450.0], [77160.0, 1970.0], [77157.5, 6570.0], [77150.0, 1940.0], [77147.5, 6450.0], [77140.0, 1940.0], [77137.5, 6450.0]], "asks": [[77210.0, 1950.0], [77212.5, 100.0], [77217.5, 4800.0], [77220.0, 10940.0], [77222.5, 3250.0], [77227.5, 3740.0], [77230.0, 6450.0], [77237.5, 1940.0], [77240.0, 6450.0], [77247.5, 980.0], [77250.0, 5190.0], [77252.5, 6450.0], [77260.0, 1940.0], [77262.5, 6450.0], [77270.0, 1940.0], [77272.5, 6450.0], [77290.0, 1910.0], [77292.5, 6370.0], [77300.0, 20.0], [77352.5, 6630.0]]}}}
{"jsonrpc": "2.0", "method": "subscription", "params": {"channel": "book.BTC-11APR25.none.20.100ms", "data": {"timestamp": 1744194412719, "change_id": 96421568915, "instrument_name": "BTC-11APR25", "bids": [[77150.0, 150.0], [77147.5, 2300.0], [77145.0, 7500.0], [77142.5, 920.0], [77140.0, 3060.0], [77122.5, 100.0], [77120.0, 3000.0], [77117.5, 10000.0], [77115.0, 2240.0], [77112.5, 7480.0], [77110.0, 920.0], [77107.5, 3060.0], [77105.0, 2270.0], [77102.5, 7580.0], [77097.5, 1600.0], [77095.0, 27570.0], [77092.5, 7670.0], [77082.5, 2190.0], [77080.0, 7310.0], [77072.5, 2210.0]], "asks": [[77152.5, 150.0], [77157.5, 4300.0], [77160.0, 14410.0], [77162.5, 1100.0], [77165.0, 300.0], [77167.5, 1000.0], [77170.0, 3190.0], [77172.5, 1000.0], [77175.0, 13110.0], [77177.5, 7500.0], [77185.0, 2270.0], [77187.5, 7580.0], [77195.0, 2270.0], [77197.5, 7580.0], [77225.0, 2270.0], [77227.5, 7580.0], [77237.5, 20.0], [77245.0, 2270.0], [77247.5, 7580.0], [77295.0, 7530.0]]}}}
{"jsonrpc": "2.0", "method": "subscription", "params": {"channel": "book.BTC-18APR25.none.20.100ms", "data": {"timestamp": 1744194412749, "change_id": 96421569012, "instrument_name": "BTC-18APR25", "bids": [[77207.5, 8390.0], [77205.0, 10290.0], [77202.5, 28310.0], [77200.0, 1970.0], [77197.5, 9830.0], [77190.0, 1940.0], [77187.5, 6450.0], [77182.5, 15000.0], [77180.0, 52900.0], [77177.5, 6390.0], [77175.0, 6370.0], [77172.5, 10000.0], [77170.0, 1940.0], [77167.5, 6450.0], [77160.0, 1970.0], [77157.5, 6570.0], [77150.0, 1940.0], [77147.5, 6450.0], [77140.0, 1940.0], [77137.5, 6450.0]], "asks": [[77210.0, 1240.0], [77212.5, 100.0], [77217.5, 6400.0], [77220.0, 17520.0], [77222.5, 3250.0], [77227.5, 3740.0], [77230.0, 6450.0], [77237.5, 1940.0], [77240.0, 6450.0], [77247.5, 980.0], [77250.0, 5190.0], [77252.5, 6450.0], [77260.0, 1940.0], [77262.5, 6450.0], [77270.0, 1940.0], [77272.5, 6450.0], [77290.0, 1910.0], [77292.5, 6370.0], [77300.0, 20.0], [77352.5, 6630.0]]}}}
{"jsonrpc": "2.0", "method": "subscription", "params": {"channel": "book.BTC-18APR25.none.20.100ms", "data": {"timestamp": 1744194412982, "change_id": 96421569534, "instrument_name": "BTC-18APR25", "bids": [[77207.5, 8380.0], [77205.0, 10290.0], [77202.5, 28310.0], [77200.0, 1970.0], [77197.5, 9830.0], [77190.0, 1940.0], [77187.5, 6450.0], [77182.5, 15000.0], [77180.0, 52900.0], [77177.5, 6390.0], [77175.0, 6370.0], [77172.5, 10000.0], [77170.0, 1940.0], [77167.5, 6450.0], [77160.0, 1970.0], [77157.5, 6570.0], [77150.0, 1940.0], [77147.5, 6450.0], [77140.0, 1940.0], [77137.5, 6450.0]], "asks": [[77210.0, 1240.0], [77212.5, 100.0], [77217.5, 6400.0], [77220.0, 17980.0], [77222.5, 3250.0], [77225.0, 1800.0], [77227.5, 3740.0], [77230.0, 6450.0], [77237.5, 1940.0], [77240.0, 6450.0], [77247.5, 980.0], [77250.0, 5190.0], [77252.5, 6450.0], [77260.0, 1940.0], [77262.5, 6450.0], [77270.0, 1940.0], [77272.5, 6450.0], [77290.0, 1910.0], [77292.5, 6370.0], [77300.0, 20.0]]}}}
{"jsonrpc": "2.0", "method": "subscription", "params": {"channel": "book.BTC-11APR25.none.20.100ms", "data": {"timestamp": 1744194413140, "change_id": 96421569611, "instrument_name": "BTC-11APR25", "bids": [[77150.0, 150.0], [77142.5, 920.0], [77140.0, 3060.0], [77122.5, 100.0], [77120.0, 3000.0], [77117.5, 10000.0], [77115.0, 2240.0], [77112.5, 7480.0], [77110.0, 920.0], [77107.5, 3060.0], [77105.0, 2270.0], [77102.5, 7580.0], [77097.5, 9180.0], [77095.0, 27570.0], [77092.5, 7670.0], [77082.5, 2190.0], [77080.0, 7310.0], [77072.5, 2210.0], [77070.0, 7360.0], [77062.5, 7940.0]], "asks": [[77152.5, 150.0], [77157.5, 4300.0], [77160.0, 14410.0], [77162.5, 1100.0], [77165.0, 300.0], [77167.5, 1000.0], [77170.0, 3190.0], [77172.5, 1000.0], [77175.0, 13110.0], [77177.5, 7500.0], [77185.0, 2270.0], [77187.5, 7580.0], [77195.0, 2270.0], [77197.5, 7580.0], [77225.0, 2270.0], [77227.5, 7580.0], [77237.5, 20.0], [77245.0, 2270.0], [77247.5, 7580.0], [77295.0, 7530.0]]}}}
{"jsonrpc": "2.0", "method": "subscription", "params": {"channel": "book.BTC-18APR25.none.20.100ms", "data": {"timestamp": 1744194413416, "change_id": 96421569952, "instrument_name": "BTC-18APR25", "bids": [[77207.5, 8390.0], [77205.0, 10290.0], [77202.5, 21810.0], [77200.0, 1970.0], [77197.5, 9830.0], [77190.0, 1940.0], [77187.5, 6450.0], [77182.5, 15000.0], [77180.0, 52900.0], [77177.5, 6390.0], [77175.0, 6370.0], [77172.5, 10000.0], [77170.0, 1940.0], [77167.5, 6450.0], [77160.0, 1970.0], [77157.5, 6570.0], [77150.0, 1940.0], [77147.5, 6450.0], [77140.0, 1940.0], [77137.5, 6450.0]], "asks": [[77210.0, 1700.0], [77212.5, 100.0], [77217.5, 6400.0], [77220.0, 17980.0], [77222.5, 3250.0], [77225.0, 1800.0], [77227.5, 3740.0], [77230.0, 6450.0], [77237.5, 1940.0], [77240.0, 6450.0], [77247.5, 980.0], [77250.0, 5190.0], [77252.5, 6450.0], [77260.0, 1940.0], [77262.5, 6450.0], [77270.0, 1940.0], [77272.5, 6450.0], [77290.0, 1910.0], [77292.5, 6370.0], [77300.0, 20.0]]}}}
{"jsonrpc": "2.0", "method": "subscription", "params": {"channel": "book.BTC-11APR25.none.20.100ms", "data": {"timestamp": 1744194413715, "change_id": 96421570520, "instrument_name": "BTC-11APR25", "bids": [[77140.0, 2250.0], [77137.5, 7500.0], [77135.0, 920.0], [77132.5, 3060.0], [77122.5, 100.0], [77120.0, 3000.0], [77117.5, 10000.0], [77115.0, 2240.0], [77112.5, 7480.0], [77110.0, 920.0], [77107.5, 3060.0], [77105.0, 2270.0], [77102.5, 7580.0], [77097.5, 26870.0], [77095.0, 2300.0], [77092.5, 7670.0], [77082.5, 2190.0], [77080.0, 7310.0], [77072.5, 2210.0], [77070.0, 7360.0]], "asks": [[77152.5, 150.0], [77157.5, 4300.0], [77160.0, 14410.0], [77162.5, 1100.0], [77165.0, 300.0], [77167.5, 1000.0], [77170.0, 3190.0], [77172.5, 1000.0], [77175.0, 13110.0], [77177.5, 7500.0], [77185.0, 2270.0], [77187.5, 7580.0], [77195.0, 2270.0], [77197.5, 7580.0], [77225.0, 2270.0], [77227.5, 7580.0], [77237.5, 20.0], [77245.0, 2270.0], [77247.5, 7580.0], [77295.0, 7530.0]]}}}
{"jsonrpc": "2.0", "method": "subscription", "params": {"channel": "book.BTC-18APR25.none.20.100ms", "data": {"timestamp": 1744194413463, "change_id": 96421570196, "instrument_name": "BTC-18APR25", "bids": [[77205.0, 1800.0], [77202.5, 1810.0], [77200.0, 21970.0], [77197.5, 9830.0], [77190.0, 1940.0], [77187.5, 6450.0], [77182.5, 15000.0], [77180.0, 52900.0], [77177.5, 6390.0], [77175.0, 6370.0], [77172.5, 10000.0], [77170.0, 1940.0], [77167.5, 6450.0], [77160.0, 1970.0], [77157.5, 6570.0], [77150.0, 1940.0], [77147.5, 6450.0], [77140.0, 1940.0], [77137.5, 6450.0], [77135.0, 1910.0]], "asks": [[77207.5, 1810.0], [77210.0, 6870.0], [77212.5, 100.0], [77217.5, 6400.0], [77220.0, 17980.0], [77222.5, 3250.0], [77225.0, 1800.0], [77227.5, 3740.0], [77230.0, 6450.0], [77237.5, 1940.0], [77240.0, 6450.0], [77247.5, 980.0], [77250.0, 5190.0], [77252.5, 6450.0], [77260.0, 1940.0], [77262.5, 6450.0], [77270.0, 1940.0], [77272.5, 6450.0], [77290.0, 1910.0], [77292.5, 6370.0]]}}}
{"jsonrpc": "2.0", "method": "subscription", "params": {"channel": "book.BTC-11APR25.none.20.100ms", "data": {"timestamp": 1744194414015, "change_id": 96421571166, "instrument_name": "BTC-11APR25", "bids": [[77140.0, 2250.0], [77137.5, 7500.0], [77135.0, 920.0], [77132.5, 3060.0], [77122.5, 100.0], [77120.0, 3000.0], [77117.5, 10000.0], [77115.0, 2240.0], [77112.5, 7480.0], [77110.0, 920.0], [77107.5, 3060.0], [77105.0, 2270.0], [77102.5, 7580.0], [77097.5, 26870.0], [77095.0, 2300.0], [77092.5, 7670.0], [77082.5, 2190.0], [77080.0, 7310.0], [77072.5, 2210.0], [77070.0, 7360.0]], "asks": [[77147.5, 150.0], [77150.0, 350.0], [77152.5, 1000.0], [77157.5, 4300.0], [77160.0, 14410.0], [77162.5, 1100.0], [77165.0, 300.0], [77167.5, 1000.0], [77170.0, 3190.0], [77172.5, 1000.0], [77175.0, 14730.0], [77177.5, 14960.0], [77185.0, 2270.0], [77187.5, 7580.0], [77195.0, 2270.0], [77197.5, 7580.0], [77225.0, 2270.0], [77227.5, 7580.0], [77237.5, 20.0], [77245.0, 2270.0]]}}}
{"jsonrpc": "2.0", "method": "subscription", "params": {"channel": "book.BTC-18APR25.none.20.100ms", "data": {"timestamp": 1744194414037, "change_id": 96421571184, "instrument_name": "BTC-18APR25", "bids": [[77205.0, 1800.0], [77202.5, 2350.0], [77200.0, 3770.0], [77197.5, 9830.0], [77190.0, 1940.0], [77187.5, 6450.0], [77182.5, 15000.0], [77180.0, 52900.0], [77177.5, 6390.0], [77175.0, 6370.0], [77172.5, 10000.0], [77170.0, 1940.0], [77167.5, 6450.0], [77160.0, 1970.0], [77157.5, 6570.0], [77150.0, 1940.0], [77147.5, 6450.0], [77145.0, 6000.0], [77142.5, 20000.0], [77140.0, 1940.0]], "asks": [[77207.5, 1810.0], [77210.0, 7110.0], [77212.5, 100.0], [77215.0, 1800.0], [77217.5, 6400.0], [77220.0, 17980.0], [77222.5, 3250.0], [77225.0, 1800.0], [77227.5, 3740.0], [77230.0, 6450.0], [77237.5, 1940.0], [77240.0, 6450.0], [77247.5, 980.0], [77250.0, 5190.0], [77252.5, 6450.0], [77260.0, 1940.0], [77262.5, 6450.0], [77270.0, 1940.0], [77272.5, 6450.0], [77290.0, 1910.0]]}}}
{"jsonrpc": "2.0", "method": "subscription", "params": {"channel": "book.BTC-11APR25.none.20.100ms", "data": {"timestamp": 1744194414258, "change_id": 96421571474, "instrument_name": "BTC-11APR25", "bids": [[77140.0, 1210.0], [77137.5, 7500.0], [77135.0, 920.0], [77132.5, 3060.0], [77122.5, 100.0], [77120.0, 3000.0], [77117.5, 10000.0], [77115.0, 2240.0], [77112.5, 7480.0], [77110.0, 920.0], [77107.5, 3060.0], [77105.0, 2270.0], [77102.5, 7580.0], [77100.0, 8060.0], [77097.5, 26870.0], [77095.0, 2300.0], [77092.5, 7670.0], [77082.5, 2190.0], [77080.0, 7310.0], [77072.5, 2210.0]], "asks": [[77147.5, 150.0], [77150.0, 350.0], [77152.5, 1000.0], [77157.5, 4300.0], [77160.0, 14410.0], [77162.5, 1100.0], [77165.0, 300.0], [77167.5, 1000.0], [77170.0, 3190.0], [77172.5, 1000.0], [77175.0, 14730.0], [77177.5, 14960.0], [77185.0, 2270.0], [77187.5, 7580.0], [77195.0, 2270.0], [77197.5, 7580.0], [77225.0, 2270.0], [77227.5, 7580.0], [77237.5, 20.0], [77245.0, 2270.0]]}}}
{"jsonrpc": "2.0", "method": "subscription", "params": {"channel": "book.BTC-18APR25.none.20.100ms", "data": {"timestamp": 1744194414335, "change_id": 96421571591, "instrument_name": "BTC-18APR25", "bids": [[77205.0, 1800.0], [77202.5, 8280.0], [77200.0, 23770.0], [77197.5, 6580.0], [77195.0, 15850.0], [77192.5, 3250.0], [77190.0, 51940.0], [77187.5, 6450.0], [77180.0, 2900.0], [77177.5, 6390.0], [77175.0, 6370.0], [77172.5, 10000.0], [77170.0, 1940.0], [77167.5, 6450.0], [77160.0, 1970.0], [77157.5, 6570.0], [77150.0, 1940.0], [77147.5, 6450.0], [77140.0, 1940.0], [77137.5, 6450.0]], "asks": [[77207.5, 1810.0], [77210.0, 7110.0], [77212.5, 100.0], [77215.0, 1800.0], [77217.5, 6400.0], [77220.0, 17980.0], [77222.5, 3250.0], [77225.0, 1800.0], [77227.5, 3740.0], [77230.0, 6450.0], [77237.5, 1940.0], [77240.0, 6450.0], [77247.5, 980.0], [77250.0, 5190.0], [77252.5, 6450.0], [77260.0, 1940.0], [77262.5, 6450.0], [77270.0, 1940.0], [77272.5, 6450.0], [77290.0, 1910.0]]}}}
{"jsonrpc": "2.0", "method": "subscription", "params": {"channel": "book.BTC-11APR25.none.20.100ms", "data": {"timestamp": 1744194414712, "change_id": 96421571877, "instrument_name": "BTC-11APR25", "bids": [[77140.0, 2100.0], [77137.5, 7500.0], [77135.0, 920.0], [77132.5, 3060.0], [77122.5, 100.0], [77120.0, 3000.0], [77117.5, 10000.0], [77115.0, 2240.0], [77112.5, 7480.0], [77110.0, 920.0], [77107.5, 3060.0], [77105.0, 2270.0], [77102.5, 7580.0], [77100.0, 8060.0], [77097.5, 26870.0], [77095.0, 2300.0], [77092.5, 7670.0], [77082.5, 2190.0], [77080.0, 7310.0], [77072.5, 2210.0]], "asks": [[77147.5, 150.0], [77157.5, 4300.0], [77160.0, 14410.0], [77162.5, 1100.0], [77165.0, 300.0], [77167.5, 1000.0], [77170.0, 3190.0], [77172.5, 1000.0], [77175.0, 14730.0], [77177.5, 14960.0], [77185.0, 2270.0], [77187.5, 7580.0], [77195.0, 2270.0], [77197.5, 7580.0], [77225.0, 2270.0], [77227.5, 7580.0], [77237.5, 20.0], [77245.0, 2270.0], [77247.5, 7580.0], [77295.0, 7530.0]]}}}
{"jsonrpc": "2.0", "method": "subscription", "params": {"channel": "book.BTC-11APR25.none.20.100ms", "data": {"timestamp": 1744194414743, "change_id": 96421571980, "instrument_name": "BTC-11APR25", "bids": [[77140.0, 2100.0], [77137.5, 7500.0], [77135.0, 920.0], [77132.5, 3060.0], [77122.5, 100.0], [77120.0, 3000.0], [77117.5, 10000.0], [77115.0, 2240.0], [77112.5, 7480.0], [77110.0, 920.0], [77107.5, 3060.0], [77105.0, 2270.0], [77102.5, 7580.0], [77100.0, 8060.0], [77097.5, 26870.0], [77095.0, 2300.0], [77092.5, 7670.0], [77082.5, 2190.0], [77080.0, 7310.0], [77072.5, 2210.0]], "asks": [[77147.5, 150.0], [77157.5, 4300.0], [77160.0, 14410.0], [77162.5, 1100.0], [77165.0, 300.0], [77167.5, 1000.0], [77170.0, 3190.0], [77172.5, 1000.0], [77175.0, 14730.0], [77177.5, 14960.0], [77185.0, 2270.0], [77187.5, 7580.0], [77195.0, 2270.0], [77197.5, 7580.0], [77225.0, 2270.0], [77227.5, 7580.0], [77237.5, 20.0], [77295.0, 7530.0], [77300.0, 20.0], [77345.0, 105000.0]]}}}
{"jsonrpc": "2.0", "method": "subscription", "params": {"channel": "book.BTC-11APR25.none.20.100ms", "data": {"timestamp": 1744194415286, "change_id": 96421572751, "instrument_name": "BTC-11APR25", "bids": [[77145.0, 40.0], [77142.5, 2250.0], [77140.0, 7500.0], [77135.0, 920.0], [77132.5, 3060.0], [77122.5, 100.0], [77120.0, 3000.0], [77117.5, 10000.0], [77115.0, 2240.0], [77112.5, 7480.0], [77110.0, 920.0], [77107.5, 3060.0], [77105.0, 2270.0], [77102.5, 7580.0], [77100.0, 8060.0], [77097.5, 26870.0], [77095.0, 2300.0], [77092.5, 7670.0], [77082.5, 2190.0], [77080.0, 7310.0]], "asks": [[77147.5, 150.0], [77157.5, 4300.0], [77160.0, 14410.0], [77162.5, 1100.0], [77165.0, 300.0], [77167.5, 1000.0], [77170.0, 3190.0], [77172.5, 1000.0], [77175.0, 14790.0], [77177.5, 15150.0], [77185.0, 2270.0], [77187.5, 7580.0], [77195.0, 2270.0], [77197.5, 7580.0], [77225.0, 2270.0], [77227.5, 7580.0], [77237.5, 20.0], [77295.0, 7530.0], [77300.0, 20.0], [77345.0, 105000.0]]}}}
{"jsonrpc": "2.0", "method": "subscription", "params": {"channel": "book.BTC-18APR25.none.20.100ms", "data": {"timestamp": 1744194415383, "change_id": 96421572978, "instrument_name": "BTC-18APR25", "bids": [[77207.5, 1800.0], [77205.0, 1800.0], [77202.5, 8280.0], [77200.0, 23770.0], [77197.5, 6580.0], [77195.0, 15850.0], [77192.5, 3250.0], [77190.0, 51940.0], [77187.5, 6450.0], [77180.0, 2900.0], [77177.5, 6390.0], [77175.0, 6370.0], [77172.5, 10000.0], [77170.0, 1940.0], [77167.5, 6450.0], [77160.0, 1970.0], [77157.5, 6570.0], [77150.0, 1940.0], [77147.5, 6450.0], [77140.0, 1940.0]], "asks": [[77210.0, 540.0], [77212.5, 100.0], [77215.0, 1800.0], [77217.5, 6400.0], [77220.0, 17980.0], [77222.5, 3250.0], [77225.0, 1800.0], [77227.5, 3740.0], [77230.0, 6450.0], [77237.5, 1940.0], [77240.0, 6450.0], [77247.5, 980.0], [77250.0, 5190.0], [77252.5, 6450.0], [77260.0, 1940.0], [77262.5, 6450.0], [77270.0, 1940.0], [77272.5, 6450.0], [77290.0, 1910.0], [77292.5, 6370.0]]}}}
{"jsonrpc": "2.0", "method": "subscription", "params": {"channel": "book.BTC-11APR25.none.20.100ms", "data": {"timestamp": 1744194415486, "change_id": 96421573066, "instrument_name": "BTC-11APR25", "bids": [[77140.0, 7500.0], [77135.0, 920.0], [77132.5, 3060.0], [77122.5, 100.0], [77120.0, 3000.0], [77117.5, 10000.0], [77115.0, 2240.0], [77112.5, 7480.0], [77110.0, 920.0], [77107.5, 3060.0], [77105.0, 2270.0], [77102.5, 7580.0], [77100.0, 8060.0], [77097.5, 26870.0], [77095.0, 2300.0], [77092.5, 7670.0], [77082.5, 2190.0], [77080.0, 7310.0], [77072.5, 2210.0], [77070.0, 7360.0]], "asks": [[77147.5, 150.0], [77157.5, 4300.0], [77160.0, 14410.0], [77162.5, 1100.0], [77165.0, 300.0], [77167.5, 1000.0], [77170.0, 3190.0], [77172.5, 1000.0], [77175.0, 14790.0], [77177.5, 15150.0], [77185.0, 2270.0], [77187.5, 7580.0], [77195.0, 2270.0], [77197.5, 7580.0], [77225.0, 2270.0], [77227.5, 7580.0], [77237.5, 20.0], [77295.0, 7530.0], [77300.0, 20.0], [77345.0, 105000.0]]}}}
{"jsonrpc": "2.0", "method": "subscription", "params": {"channel": "book.BTC-18APR25.none.20.100ms", "data": {"timestamp": 1744194415493, "change_id": 96421573070, "instrument_name": "BTC-18APR25", "bids": [[77207.5, 2450.0], [77205.0, 1800.0], [77202.5, 8280.0], [77200.0, 23770.0], [77197.5, 6580.0], [77195.0, 15850.0], [77192.5, 3250.0], [77190.0, 51940.0], [77187.5, 6450.0], [77180.0, 2900.0], [77177.5, 6390.0], [77175.0, 6370.0], [77172.5, 10000.0], [77170.0, 1940.0], [77167.5, 6450.0], [77160.0, 1970.0], [77157.5, 6570.0], [77150.0, 1940.0], [77147.5, 6450.0], [77140.0, 1940.0]], "asks": [[77210.0, 7120.0], [77212.5, 100.0], [77215.0, 1800.0], [77217.5, 6400.0], [77220.0, 17980.0], [77222.5, 3250.0], [77225.0, 1800.0], [77227.5, 3740.0], [77230.0, 6450.0], [77237.5, 1940.0], [77240.0, 6450.0], [77247.5, 980.0], [77250.0, 5190.0], [77252.5, 6450.0], [77260.0, 1940.0], [77262.5, 6450.0], [77270.0, 1940.0], [77272.5, 6450.0], [77290.0, 1910.0], [77292.5, 6370.0]]}}}
{"jsonrpc": "2.0", "method": "subscription", "params": {"channel": "book.BTC-11APR25.none.20.100ms", "data": {"timestamp": 1744194415978, "change_id": 96421573763, "instrument_name": "BTC-11APR25", "bids": [[77145.0, 60.0], [77140.0, 7500.0], [77135.0, 920.0], [77132.5, 3060.0], [77122.5, 100.0], [77120.0, 3000.0], [77117.5, 10000.0], [77115.0, 2240.0], [77112.5, 7480.0], [77110.0, 920.0], [77107.5, 3060.0], [77105.0, 2270.0], [77102.5, 7580.0], [77100.0, 8060.0], [77097.5, 26870.0], [77095.0, 2300.0], [77092.5, 7670.0], [77082.5, 2190.0], [77080.0, 7310.0], [77072.5, 2210.0]], "asks": [[77147.5, 150.0], [77157.5, 4300.0], [77160.0, 14410.0], [77162.5, 1100.0], [77165.0, 300.0], [77167.5, 1000.0], [77170.0, 3190.0], [77172.5, 1000.0], [77175.0, 14790.0], [77177.5, 15150.0], [77185.0, 2270.0], [77187.5, 7580.0], [77195.0, 2270.0], [77197.5, 7580.0], [77225.0, 2270.0], [77227.5, 7580.0], [77237.5, 20.0], [77295.0, 7530.0], [77300.0, 20.0], [77345.0, 105000.0]]}}}
{"jsonrpc": "2.0", "method": "subscription", "params": {"channel": "book.BTC-18APR25.none.20.100ms", "data": {"timestamp": 1744194415824, "change_id": 96421573399, "instrument_name": "BTC-18APR25", "bids": [[77207.5, 1800.0], [77205.0, 1800.0], [77202.5, 8280.0], [77200.0, 23770.0], [77197.5, 6580.0], [77195.0, 15850.0], [77192.5, 3250.0], [77190.0, 51940.0], [77187.5, 6450.0], [77180.0, 2900.0], [77177.5, 6390.0], [77175.0, 6370.0], [77172.5, 10000.0], [77170.0, 1940.0], [77167.5, 6450.0], [77160.0, 1970.0], [77157.5, 6570.0], [77150.0, 1940.0], [77147.5, 6450.0], [77140.0, 1940.0]], "asks": [[77210.0, 540.0], [77212.5, 100.0], [77215.0, 1800.0], [77217.5, 6400.0], [77220.0, 17980.0], [77222.5, 3250.0], [77225.0, 1800.0], [77227.5, 3740.0], [77230.0, 6450.0], [77237.5, 1940.0], [77240.0, 6450.0], [77247.5, 980.0], [77250.0, 5190.0], [77252.5, 6450.0], [77260.0, 1940.0], [77262.5, 6450.0], [77270.0, 1940.0], [77272.5, 6450.0], [77290.0, 1910.0], [77292.5, 6370.0]]}}}
{"jsonrpc": "2.0", "method": "subscription", "params": {"channel": "book.BTC-11APR25.none.20.100ms", "data": {"timestamp": 1744194416315, "change_id": 96421575434, "instrument_name": "BTC-11APR25", "bids": [[77120.0, 7500.0], [77112.5, 3080.0], [77100.0, 100.0], [77097.5, 1600.0], [77092.5, 7670.0], [77085.0, 3060.0], [77080.0, 7310.0], [77075.0, 25270.0], [77070.0, 7360.0], [77055.0, 7660.0], [77052.5, 20.0], [77045.0, 7320.0], [77037.5, 3290.0], [77035.0, 7460.0], [77032.5, 13180.0], [77025.0, 7580.0], [77015.0, 7450.0], [77010.0, 105000.0], [77005.0, 7660.0], [76992.5, 7400.0]], "asks": [[77135.0, 4210.0], [77140.0, 1000.0], [77142.5, 1000.0], [77145.0, 1000.0], [77147.5, 7500.0], [77152.5, 3060.0], [77157.5, 1000.0], [77160.0, 11000.0], [77162.5, 100.0], [77167.5, 7650.0], [77172.5, 1000.0], [77175.0, 7500.0], [77177.5, 7650.0], [77187.5, 7580.0], [77197.5, 7580.0], [77227.5, 7580.0], [77237.5, 20.0], [77295.0, 7530.0], [77300.0, 20.0], [77345.0, 105000.0]]}}}
{"jsonrpc": "2.0", "method": "subscription", "params": {"channel": "book.BTC-18APR25.none.20.100ms", "data": {"timestamp": 1744194416290, "change_id": 96421575633, "instrument_name": "BTC-18APR25", "bids": [[77202.5, 10.0], [77180.0, 1920.0], [77177.5, 6390.0], [77175.0, 1000.0], [77172.5, 3250.0], [77170.0, 1940.0], [77167.5, 6450.0], [77160.0, 1970.0], [77157.5, 6570.0], [77152.5, 100.0], [77150.0, 5190.0], [77147.5, 6450.0], [77145.0, 15000.0], [77140.0, 71940.0], [77137.5, 6450.0], [77130.0, 1990.0], [77127.5, 8230.0], [77117.5, 6390.0], [77112.5, 20.0], [77110.0, 1910.0]], "asks": [[77205.0, 11560.0], [77207.5, 4490.0], [77210.0, 13080.0], [77212.5, 100.0], [77215.0, 1800.0], [77217.5, 6770.0], [77220.0, 18100.0], [77222.5, 3250.0], [77225.0, 1800.0], [77227.5, 3740.0], [77230.0, 6450.0], [77237.5, 1940.0], [77240.0, 6450.0], [77252.5, 6450.0], [77260.0, 1940.0], [77262.5, 6450.0], [77270.0, 1940.0], [77272.5, 6450.0], [77290.0, 1910.0], [77292.5, 6370.0]]}}}
{"jsonrpc": "2.0", "method": "subscription", "params": {"channel": "book.BTC-11APR25.none.20.100ms", "data": {"timestamp": 1744194416702, "change_id": 96421576550, "instrument_name": "BTC-11APR25", "bids": [[77127.5, 150.0], [77125.0, 2250.0], [77122.5, 7500.0], [77115.0, 920.0], [77112.5, 3080.0], [77105.0, 2330.0], [77102.5, 7650.0], [77100.0, 580.0], [77097.5, 1600.0], [77095.0, 2300.0], [77092.5, 7670.0], [77087.5, 920.0], [77085.0, 3060.0], [77082.5, 2190.0], [77080.0, 7310.0], [77077.5, 7580.0], [77075.0, 25270.0], [77072.5, 2210.0], [77070.0, 7360.0], [77057.5, 2300.0]], "asks": [[77132.5, 600.0], [77135.0, 1150.0], [77140.0, 1630.0], [77142.5, 1100.0], [77145.0, 3250.0], [77147.5, 7500.0], [77150.0, 920.0], [77152.5, 3060.0], [77157.5, 4300.0], [77160.0, 11000.0], [77165.0, 2300.0], [77167.5, 7650.0], [77172.5, 3250.0], [77175.0, 9800.0], [77177.5, 7650.0], [77185.0, 2270.0], [77187.5, 7580.0], [77195.0, 2270.0], [77197.5, 7580.0], [77225.0, 2270.0]]}}}
{"jsonrpc": "2.0", "method": "subscription", "params": {"channel": "book.BTC-18APR25.none.20.100ms", "data": {"timestamp": 1744194416699, "change_id": 96421576540, "instrument_name": "BTC-18APR25", "bids": [[77187.5, 8450.0], [77180.0, 1920.0], [77177.5, 6390.0], [77175.0, 1000.0], [77172.5, 3250.0], [77170.0, 1940.0], [77167.5, 6450.0], [77160.0, 1970.0], [77157.5, 6570.0], [77152.5, 1080.0], [77150.0, 5190.0], [77147.5, 6450.0], [77142.5, 21000.0], [77140.0, 71940.0], [77137.5, 6450.0], [77130.0, 1990.0], [77127.5, 8230.0], [77120.0, 1920.0], [77117.5, 6390.0], [77112.5, 20.0]], "asks": [[77190.0, 10.0], [77195.0, 4410.0], [77197.5, 6580.0], [77200.0, 5960.0], [77202.5, 8300.0], [77205.0, 11550.0], [77207.5, 1970.0], [77210.0, 6580.0], [77212.5, 540.0], [77215.0, 1800.0], [77217.5, 6770.0], [77220.0, 17560.0], [77222.5, 3250.0], [77227.5, 1940.0], [77230.0, 6450.0], [77237.5, 1940.0], [77240.0, 6450.0], [77250.0, 1940.0], [77252.5, 6450.0], [77260.0, 1940.0]]}}}
{"jsonrpc": "2.0", "method": "subscription", "params": {"channel": "book.BTC-11APR25.none.20.100ms", "data": {"timestamp": 1744194417008, "change_id": 96421577594, "instrument_name": "BTC-11APR25", "bids": [[77135.0, 50.0], [77130.0, 1730.0], [77127.5, 7500.0], [77125.0, 2250.0], [77122.5, 10560.0], [77115.0, 920.0], [77112.5, 3080.0], [77105.0, 2330.0], [77102.5, 7650.0], [77100.0, 580.0], [77097.5, 1600.0], [77095.0, 2300.0], [77092.5, 7670.0], [77082.5, 2190.0], [77080.0, 7310.0], [77077.5, 7580.0], [77075.0, 25270.0], [77072.5, 2210.0], [77070.0, 7360.0], [77057.5, 2300.0]], "asks": [[77137.5, 150.0], [77140.0, 4690.0], [77142.5, 1100.0], [77145.0, 1000.0], [77157.5, 4300.0], [77160.0, 10000.0], [77172.5, 2250.0], [77175.0, 12860.0], [77177.5, 7650.0], [77185.0, 2270.0], [77187.5, 7580.0], [77195.0, 2270.0], [77197.5, 7580.0], [77225.0, 2270.0], [77227.5, 7580.0], [77237.5, 20.0], [77295.0, 7530.0], [77300.0, 20.0], [77345.0, 105000.0], [77347.5, 21350.0]]}}}
{"jsonrpc": "2.0", "method": "subscription", "params": {"channel": "book.BTC-18APR25.none.20.100ms", "data": {"timestamp": 1744194417010, "change_id": 96421577595, "instrument_name": "BTC-18APR25", "bids": [[77192.5, 1810.0], [77190.0, 5030.0], [77187.5, 14950.0], [77185.0, 1800.0], [77182.5, 980.0], [77180.0, 5170.0], [77177.5, 6390.0], [77175.0, 20.0], [77170.0, 1940.0], [77167.5, 6450.0], [77160.0, 1970.0], [77157.5, 6570.0], [77152.5, 1080.0], [77150.0, 5190.0], [77147.5, 6450.0], [77142.5, 15000.0], [77140.0, 51940.0], [77137.5, 6450.0], [77135.0, 6000.0], [77132.5, 20000.0]], "asks": [[77195.0, 110.0], [77200.0, 6760.0], [77205.0, 11550.0], [77207.5, 1970.0], [77210.0, 6580.0], [77212.5, 540.0], [77215.0, 1800.0], [77217.5, 4970.0], [77220.0, 17560.0], [77222.5, 3250.0], [77227.5, 1940.0], [77230.0, 6450.0], [77237.5, 1940.0], [77240.0, 6450.0], [77250.0, 1940.0], [77252.5, 6450.0], [77260.0, 1940.0], [77262.5, 6450.0], [77270.0, 1940.0], [77272.5, 6450.0]]}}}
{"jsonrpc": "2.0", "method": "subscription", "params": {"channel": "book.BTC-11APR25.none.20.100ms", "data": {"timestamp": 1744194417178, "change_id": 96421577897, "instrument_name": "BTC-11APR25", "bids": [[77130.0, 150.0], [77127.5, 7500.0], [77125.0, 2250.0], [77122.5, 10560.0], [77115.0, 920.0], [77112.5, 3080.0], [77105.0, 2330.0], [77102.5, 7650.0], [77100.0, 580.0], [77097.5, 1600.0], [77095.0, 2300.0], [77092.5, 7670.0], [77082.5, 2190.0], [77080.0, 7310.0], [77077.5, 7580.0], [77075.0, 25270.0], [77072.5, 2210.0], [77070.0, 7360.0], [77065.0, 7940.0], [77062.5, 26450.0]], "asks": [[77132.5, 150.0], [77137.5, 300.0], [77140.0, 2470.0], [77142.5, 1100.0], [77145.0, 4060.0], [77157.5, 4300.0], [77160.0, 10000.0], [77172.5, 2250.0], [77175.0, 12860.0], [77177.5, 7650.0], [77185.0, 2270.0], [77187.5, 7580.0], [77195.0, 2270.0], [77197.5, 7580.0], [77225.0, 2270.0], [77227.5, 7580.0], [77237.5, 20.0], [77295.0, 7530.0], [77300.0, 20.0], [77345.0, 105000.0]]}}}
{"jsonrpc": "2.0", "method": "subscription", "params": {"channel": "book.BTC-18APR25.none.20.100ms", "data": {"timestamp": 1744194417326, "change_id": 96421578226, "instrument_name": "BTC-18APR25", "bids": [[77192.5, 1800.0], [77190.0, 25030.0], [77187.5, 14950.0], [77185.0, 1800.0], [77182.5, 15850.0], [77180.0, 55170.0], [77177.5, 6390.0], [77175.0, 20.0], [77170.0, 1940.0], [77167.5, 6450.0], [77160.0, 1970.0], [77157.5, 6570.0], [77152.5, 1080.0], [77150.0, 5190.0], [77147.5, 6450.0], [77140.0, 1940.0], [77137.5, 6450.0], [77130.0, 1990.0], [77127.5, 8230.0], [77120.0, 1920.0]], "asks": [[77195.0, 110.0], [77200.0, 5780.0], [77205.0, 8300.0], [77207.5, 5220.0], [77210.0, 6580.0], [77212.5, 540.0], [77215.0, 1800.0], [77217.5, 4970.0], [77220.0, 17560.0], [77222.5, 3250.0], [77227.5, 1940.0], [77230.0, 6450.0], [77237.5, 1940.0], [77240.0, 6450.0], [77250.0, 1940.0], [77252.5, 6450.0], [77260.0, 1940.0], [77262.5, 6450.0], [77270.0, 1940.0], [77272.5, 6450.0]]}}}
{"jsonrpc": "2.0", "method": "subscription", "params": {"channel": "book.BTC-11APR25.none.20.100ms", "data": {"timestamp": 1744194417639, "change_id": 96421578625, "instrument_name": "BTC-11APR25", "bids": [[77130.0, 150.0], [77127.5, 7500.0], [77125.0, 2250.0], [77122.5, 10560.0], [77115.0, 920.0], [77112.5, 3080.0], [77105.0, 5030.0], [77102.5, 7650.0], [77100.0, 10580.0], [77097.5, 1600.0], [77095.0, 2300.0], [77092.5, 7670.0], [77082.5, 2190.0], [77080.0, 7310.0], [77077.5, 7580.0], [77075.0, 25270.0], [77072.5, 2210.0], [77070.0, 7360.0], [77065.0, 7940.0], [77062.5, 26450.0]], "asks": [[77132.5, 150.0], [77137.5, 300.0], [77140.0, 2470.0], [77142.5, 1100.0], [77145.0, 7060.0], [77147.5, 10000.0], [77155.0, 300.0], [77157.5, 1000.0], [77172.5, 2250.0], [77175.0, 12860.0], [77177.5, 7650.0], [77185.0, 2270.0], [77187.5, 7580.0], [77195.0, 2270.0], [77197.5, 7580.0], [77225.0, 2270.0], [77227.5, 7580.0], [77237.5, 20.0], [77295.0, 7530.0], [77300.0, 20.0]]}}}
{"jsonrpc": "2.0", "method": "subscription", "params": {"channel": "book.BTC-18APR25.none.20.100ms", "data": {"timestamp": 1744194417714, "change_id": 96421578779, "instrument_name": "BTC-18APR25", "bids": [[77192.5, 1810.0], [77190.0, 25030.0], [77187.5, 14950.0], [77185.0, 1800.0], [77182.5, 15850.0], [77180.0, 55170.0], [77177.5, 6390.0], [77175.0, 20.0], [77170.0, 1940.0], [77167.5, 6450.0], [77160.0, 4720.0], [77157.5, 16570.0], [77152.5, 1080.0], [77150.0, 5190.0], [77147.5, 6450.0], [77140.0, 1940.0], [77137.5, 6450.0], [77130.0, 1990.0], [77127.5, 8230.0], [77120.0, 1920.0]], "asks": [[77195.0, 100.0], [77197.5, 1530.0], [77200.0, 3290.0], [77205.0, 1800.0], [77207.5, 5220.0], [77210.0, 6580.0], [77212.5, 540.0], [77215.0, 1800.0], [77217.5, 4970.0], [77220.0, 17560.0], [77222.5, 3250.0], [77227.5, 1940.0], [77230.0, 6450.0], [77237.5, 1940.0], [77240.0, 6450.0], [77250.0, 1940.0], [77252.5, 6450.0], [77260.0, 1940.0], [77262.5, 6450.0], [77270.0, 1940.0]]}}}
{"jsonrpc": "2.0", "method": "subscription", "params": {"channel": "book.BTC-11APR25.none.20.100ms", "data": {"timestamp": 1744194417754, "change_id": 96421579533, "instrument_name": "BTC-11APR25", "bids": [[77130.0, 150.0], [77127.5, 7500.0], [77125.0, 2250.0], [77122.5, 10560.0], [77115.0, 920.0], [77112.5, 3080.0], [77110.0, 100.0], [77105.0, 5030.0], [77102.5, 7650.0], [77100.0, 10480.0], [77097.5, 1600.0], [77095.0, 2300.0], [77092.5, 7670.0], [77082.5, 2190.0], [77080.0, 7310.0], [77077.5, 7580.0], [77075.0, 25270.0], [77072.5, 2210.0], [77070.0, 7360.0], [77065.0, 7940.0]], "asks": [[77132.5, 150.0], [77137.5, 300.0], [77140.0, 2470.0], [77142.5, 1100.0], [77145.0, 7060.0], [77147.5, 10000.0], [77150.0, 300.0], [77152.5, 1000.0], [77172.5, 2250.0], [77175.0, 12860.0], [77177.5, 7650.0], [77185.0, 2270.0], [77187.5, 7580.0], [77195.0, 2270.0], [77197.5, 7580.0], [77225.0, 2270.0], [77227.5, 7580.0], [77237.5, 20.0], [77295.0, 7530.0], [77300.0, 20.0]]}}}
{"jsonrpc": "2.0", "method": "subscription", "params": {"channel": "book.BTC-18APR25.none.20.100ms", "data": {"timestamp": 1744194418034, "change_id": 96421579545, "instrument_name": "BTC-18APR25", "bids": [[77192.5, 1800.0], [77190.0, 8750.0], [77187.5, 1800.0], [77185.0, 21800.0], [77182.5, 15850.0], [77180.0, 55170.0], [77177.5, 6390.0], [77175.0, 20.0], [77170.0, 1940.0], [77167.5, 6450.0], [77160.0, 4720.0], [77157.5, 16570.0], [77152.5, 1080.0], [77150.0, 5190.0], [77147.5, 6450.0], [77140.0, 1940.0], [77137.5, 6450.0], [77130.0, 1990.0], [77127.5, 8230.0], [77120.0, 1920.0]], "asks": [[77195.0, 110.0], [77197.5, 4340.0], [77200.0, 3290.0], [77205.0, 11800.0], [77207.5, 5220.0], [77210.0, 6580.0], [77212.5, 540.0], [77215.0, 1800.0], [77217.5, 1970.0], [77220.0, 7560.0], [77222.5, 3250.0], [77227.5, 1940.0], [77230.0, 6450.0], [77237.5, 1940.0], [77240.0, 6450.0], [77250.0, 1940.0], [77252.5, 6450.0], [77260.0, 1940.0], [77262.5, 6450.0], [77270.0, 1940.0]]}}}
{"jsonrpc": "2.0", "method": "subscription", "params": {"channel": "book.BTC-11APR25.none.20.100ms", "data": {"timestamp": 1744194418270, "change_id": 96421579969, "instrument_name": "BTC-11APR25", "bids": [[77137.5, 110.0], [77135.0, 2250.0], [77132.5, 7500.0], [77130.0, 5310.0], [77127.5, 7500.0], [77115.0, 920.0], [77112.5, 3080.0], [77110.0, 100.0], [77105.0, 5030.0], [77102.5, 7650.0], [77100.0, 10480.0], [77097.5, 1600.0], [77095.0, 2300.0], [77092.5, 7670.0], [77082.5, 2190.0], [77080.0, 7310.0], [77077.5, 7580.0], [77075.0, 25270.0], [77072.5, 2210.0], [77070.0, 7360.0]], "asks": [[77140.0, 150.0], [77142.5, 100.0], [77145.0, 4000.0], [77147.5, 10000.0], [77150.0, 1180.0], [77152.5, 4060.0], [77172.5, 2250.0], [77175.0, 12860.0], [77177.5, 7650.0], [77185.0, 2270.0], [77187.5, 7580.0], [77195.0, 2270.0], [77197.5, 7580.0], [77225.0, 2270.0], [77227.5, 7580.0], [77237.5, 20.0], [77295.0, 7530.0], [77300.0, 20.0], [77345.0, 105000.0], [77347.5, 21350.0]]}}}
{"jsonrpc": "2.0", "method": "subscription", "params": {"channel": "book.BTC-18APR25.none.20.100ms", "data": {"timestamp": 1744194418218, "change_id": 96421579950, "instrument_name": "BTC-18APR25", "bids": [[77192.5, 14960.0], [77190.0, 8750.0], [77187.5, 1800.0], [77185.0, 21800.0], [77182.5, 15850.0], [77180.0, 55170.0], [77177.5, 6390.0], [77175.0, 20.0], [77170.0, 1940.0], [77167.5, 6450.0], [77162.5, 100.0], [77160.0, 4720.0], [77157.5, 16570.0], [77152.5, 980.0], [77150.0, 5190.0], [77147.5, 6450.0], [77140.0, 1940.0], [77137.5, 6450.0], [77130.0, 1990.0], [77127.5, 8230.0]], "asks": [[77195.0, 100.0], [77202.5, 3000.0], [77205.0, 10000.0], [77207.5, 1970.0], [77210.0, 6580.0], [77212.5, 1450.0], [77215.0, 5050.0], [77217.5, 1970.0], [77220.0, 6580.0], [77227.5, 1940.0], [77230.0, 6450.0], [77237.5, 1940.0], [77240.0, 6450.0], [77247.5, 980.0], [77250.0, 5190.0], [77252.5, 6450.0], [77260.0, 1940.0], [77262.5, 6450.0], [77270.0, 1940.0], [77272.5, 6450.0]]}}}
{"jsonrpc": "2.0", "method": "subscription", "params": {"channel": "book.BTC-11APR25.none.20.100ms", "data": {"timestamp": 1744194418593, "change_id": 96421580354, "instrument_name": "BTC-11APR25", "bids": [[77137.5, 150.0], [77135.0, 2250.0], [77132.5, 7500.0], [77130.0, 5310.0], [77127.5, 7500.0], [77115.0, 920.0], [77112.5, 3080.0], [77110.0, 100.0], [77105.0, 5030.0], [77102.5, 7650.0], [77100.0, 10480.0], [77097.5, 1600.0], [77095.0, 2300.0], [77092.5, 7670.0], [77082.5, 2190.0], [77080.0, 7310.0], [77077.5, 7580.0], [77075.0, 25270.0], [77072.5, 2210.0], [77070.0, 7360.0]], "asks": [[77140.0, 150.0], [77142.5, 3360.0], [77145.0, 1000.0], [77147.5, 10000.0], [77150.0, 1180.0], [77152.5, 4060.0], [77172.5, 2250.0], [77175.0, 12860.0], [77177.5, 7650.0], [77185.0, 2270.0], [77187.5, 7580.0], [77195.0, 2270.0], [77197.5, 7580.0], [77225.0, 2270.0], [77227.5, 7580.0], [77237.5, 20.0], [77295.0, 7530.0], [77300.0, 20.0], [77345.0, 105000.0], [77347.5, 21350.0]]}}}
{"jsonrpc": "2.0", "method": "subscription", "params": {"channel": "book.BTC-18APR25.none.20.100ms", "data": {"timestamp": 1744194418590, "change_id": 96421580333, "instrument_name": "BTC-18APR25", "bids": [[77192.5, 14960.0], [77190.0, 12000.0], [77187.5, 1800.0], [77185.0, 21800.0], [77182.5, 15850.0], [77180.0, 55170.0], [77177.5, 6390.0], [77175.0, 20.0], [77170.0, 1940.0], [77167.5, 6450.0], [77162.5, 100.0], [77160.0, 4720.0], [77157.5, 16570.0], [77150.0, 1940.0], [77147.5, 6450.0], [77140.0, 1940.0], [77137.5, 6450.0], [77130.0, 1990.0], [77127.5, 8230.0], [77120.0, 1920.0]], "asks": [[77195.0, 100.0], [77202.5, 3000.0], [77205.0, 10000.0], [77207.5, 1970.0], [77210.0, 6580.0], [77212.5, 1450.0], [77215.0, 5050.0], [77217.5, 1970.0], [77220.0, 6580.0], [77227.5, 1940.0], [77230.0, 6450.0], [77237.5, 1940.0], [77240.0, 6450.0], [77247.5, 980.0], [77250.0, 5190.0], [77252.5, 6450.0], [77260.0, 1940.0], [77262.5, 6450.0], [77270.0, 1940.0], [77272.5, 6450.0]]}}}
{"jsonrpc": "2.0", "method": "subscription", "params": {"channel": "book.BTC-11APR25.none.20.100ms", "data": {"timestamp": 1744194418761, "change_id": 96421580701, "instrument_name": "BTC-11APR25", "bids": [[77137.5, 150.0], [77135.0, 2250.0], [77132.5, 7500.0], [77130.0, 5310.0], [77127.5, 7500.0], [77115.0, 920.0], [77112.5, 3080.0], [77110.0, 100.0], [77105.0, 5030.0], [77102.5, 7650.0], [77100.0, 10480.0], [77097.5, 1600.0], [77095.0, 2300.0], [77092.5, 7670.0], [77082.5, 2190.0], [77080.0, 7310.0], [77077.5, 7580.0], [77075.0, 25270.0], [77072.5, 2210.0], [77070.0, 7360.0]], "asks": [[77140.0, 150.0], [77142.5, 3360.0], [77145.0, 1000.0], [77147.5, 10000.0], [77150.0, 1180.0], [77152.5, 3060.0], [77172.5, 2250.0], [77175.0, 12860.0], [77177.5, 7650.0], [77185.0, 2270.0], [77187.5, 7580.0], [77195.0, 2270.0], [77197.5, 7580.0], [77225.0, 2270.0], [77227.5, 7580.0], [77237.5, 20.0], [77295.0, 7530.0], [77300.0, 20.0], [77345.0, 105000.0], [77347.5, 21350.0]]}}}
{"jsonrpc": "2.0", "method": "subscription", "params": {"channel": "book.BTC-18APR25.none.20.100ms", "data": {"timestamp": 1744194418970, "change_id": 96421581177, "instrument_name": "BTC-18APR25", "bids": [[77192.5, 14960.0], [77190.0, 10200.0], [77187.5, 1800.0], [77185.0, 21800.0], [77182.5, 15850.0], [77180.0, 55170.0], [77177.5, 6390.0], [77175.0, 20.0], [77170.0, 1940.0], [77167.5, 6450.0], [77162.5, 100.0], [77160.0, 4720.0], [77157.5, 16570.0], [77150.0, 1940.0], [77147.5, 6450.0], [77140.0, 1940.0], [77137.5, 6450.0], [77130.0, 1990.0], [77127.5, 8230.0], [77120.0, 1920.0]], "asks": [[77195.0, 100.0], [77202.5, 3000.0], [77205.0, 10000.0], [77207.5, 1970.0], [77210.0, 6580.0], [77212.5, 1450.0], [77215.0, 5050.0], [77217.5, 1970.0], [77220.0, 6580.0], [77227.5, 1940.0], [77230.0, 6450.0], [77237.5, 1940.0], [77240.0, 6450.0], [77247.5, 980.0], [77250.0, 5190.0], [77252.5, 6450.0], [77260.0, 1940.0], [77262.5, 6450.0], [77270.0, 1940.0], [77272.5, 6450.0]]}}}
{"jsonrpc": "2.0", "method": "subscription", "params": {"channel": "book.BTC-11APR25.none.20.100ms", "data": {"timestamp": 1744194419280, "change_id": 96421581950, "instrument_name": "BTC-11APR25", "bids": [[77142.5, 150.0], [77140.0, 2250.0], [77137.5, 10560.0], [77135.0, 2250.0], [77132.5, 7500.0], [77117.5, 7650.0], [77115.0, 920.0], [77112.5, 3080.0], [77110.0, 10100.0], [77105.0, 2330.0], [77102.5, 7650.0], [77100.0, 480.0], [77097.5, 1600.0], [77095.0, 2300.0], [77092.5, 7670.0], [77082.5, 27460.0], [77080.0, 7310.0], [77072.5, 2210.0], [77070.0, 7360.0], [77065.0, 7940.0]], "asks": [[77147.5, 10000.0], [77155.0, 100.0], [77157.5, 23150.0], [77160.0, 77150.0], [77172.5, 2250.0], [77175.0, 10560.0], [77185.0, 2270.0], [77187.5, 7580.0], [77195.0, 2270.0], [77197.5, 7580.0], [77225.0, 2270.0], [77227.5, 7580.0], [77237.5, 20.0], [77292.5, 2260.0], [77295.0, 7530.0], [77300.0, 20.0], [77345.0, 105000.0], [77347.5, 21350.0], [77357.5, 7330.0], [77360.0, 20.0]]}}}
{"jsonrpc": "2.0", "method": "subscription", "params": {"channel": "book.BTC-18APR25.none.20.100ms", "data": {"timestamp": 1744194419326, "change_id": 96421581861, "instrument_name": "BTC-18APR25", "bids": [[77202.5, 16660.0], [77200.0, 2930.0], [77197.5, 3250.0], [77195.0, 17280.0], [77192.5, 8450.0], [77190.0, 21080.0], [77187.5, 1800.0], [77185.0, 1800.0], [77182.5, 15850.0], [77180.0, 55170.0], [77177.5, 6390.0], [77175.0, 20.0], [77170.0, 4690.0], [77167.5, 16450.0], [77162.5, 100.0], [77160.0, 1970.0], [77157.5, 6570.0], [77150.0, 1940.0], [77147.5, 6450.0], [77140.0, 1940.0]], "asks": [[77205.0, 10000.0], [77210.0, 100.0], [77217.5, 1970.0], [77220.0, 6580.0], [77227.5, 1940.0], [77230.0, 6450.0], [77237.5, 1940.0], [77240.0, 6450.0], [77247.5, 980.0], [77250.0, 5190.0], [77252.5, 6450.0], [77260.0, 1940.0], [77262.5, 6450.0], [77270.0, 1940.0], [77272.5, 6450.0], [77290.0, 1910.0], [77292.5, 6370.0], [77300.0, 20.0], [77347.5, 3290.0], [77352.5, 6630.0]]}}}
{"jsonrpc": "2.0", "method": "subscription", "params": {"channel": "book.BTC-11APR25.none.20.100ms", "data": {"timestamp": 1744194419602, "change_id": 96421582391, "instrument_name": "BTC-11APR25", "bids": [[77142.5, 150.0], [77140.0, 2250.0], [77137.5, 10560.0], [77135.0, 2250.0], [77132.5, 7500.0], [77120.0, 9670.0], [77117.5, 32240.0], [77115.0, 920.0], [77112.5, 3080.0], [77110.0, 10100.0], [77105.0, 2330.0], [77102.5, 7650.0], [77100.0, 480.0], [77097.5, 1600.0], [77095.0, 2300.0], [77092.5, 7670.0], [77085.0, 9770.0], [77082.5, 25270.0], [77080.0, 7310.0], [77072.5, 2210.0]], "asks": [[77145.0, 150.0], [77147.5, 10000.0], [77155.0, 100.0], [77160.0, 920.0], [77162.5, 3060.0], [77172.5, 2250.0], [77175.0, 10560.0], [77185.0, 2270.0], [77187.5, 7580.0], [77195.0, 2270.0], [77197.5, 7580.0], [77225.0, 2270.0], [77227.5, 7580.0], [77237.5, 20.0], [77292.5, 2260.0], [77295.0, 7530.0], [77300.0, 20.0], [77345.0, 105000.0], [77347.5, 21350.0], [77357.5, 7330.0]]}}}
{"jsonrpc": "2.0", "method": "subscription", "params": {"channel": "book.BTC-18APR25.none.20.100ms", "data": {"timestamp": 1744194419639, "change_id": 96421582439, "instrument_name": "BTC-18APR25", "bids": [[77207.5, 1800.0], [77205.0, 540.0], [77202.5, 1800.0], [77200.0, 2930.0], [77197.5, 3250.0], [77195.0, 28690.0], [77192.5, 8450.0], [77190.0, 71080.0], [77187.5, 1800.0], [77185.0, 1800.0], [77182.5, 980.0], [77180.0, 12320.0], [77177.5, 6390.0], [77175.0, 24630.0], [77170.0, 4690.0], [77167.5, 16450.0], [77162.5, 100.0], [77160.0, 1970.0], [77157.5, 6570.0], [77150.0, 1940.0]], "asks": [[77210.0, 110.0], [77215.0, 4970.0], [77217.5, 10000.0], [77220.0, 7560.0], [77222.5, 3250.0], [77227.5, 1940.0], [77230.0, 6450.0], [77237.5, 1940.0], [77240.0, 6450.0], [77247.5, 980.0], [77250.0, 5190.0], [77252.5, 6450.0], [77260.0, 1940.0], [77262.5, 6450.0], [77270.0, 1940.0], [77272.5, 6450.0], [77290.0, 1910.0], [77292.5, 6370.0], [77300.0, 20.0], [77347.5, 3290.0]]}}}
{"jsonrpc": "2.0", "method": "subscription", "params": {"channel": "book.BTC-11APR25.none.20.100ms", "data": {"timestamp": 1744194419768, "change_id": 96421582760, "instrument_name": "BTC-11APR25", "bids": [[77145.0, 150.0], [77142.5, 7500.0], [77140.0, 2250.0], [77137.5, 10560.0], [77120.0, 9670.0], [77117.5, 32240.0], [77115.0, 3840.0], [77112.5, 3080.0], [77110.0, 10100.0], [77105.0, 2330.0], [77102.5, 7650.0], [77100.0, 480.0], [77097.5, 1600.0], [77095.0, 2300.0], [77092.5, 7670.0], [77085.0, 9770.0], [77082.5, 25270.0], [77080.0, 7310.0], [77072.5, 2210.0], [77070.0, 7360.0]], "asks": [[77147.5, 10150.0], [77155.0, 100.0], [77160.0, 920.0], [77162.5, 3060.0], [77167.5, 300.0], [77170.0, 1000.0], [77172.5, 2250.0], [77175.0, 10560.0], [77185.0, 2270.0], [77187.5, 7580.0], [77195.0, 2270.0], [77197.5, 7580.0], [77225.0, 2270.0], [77227.5, 7580.0], [77237.5, 20.0], [77292.5, 2260.0], [77295.0, 7530.0], [77300.0, 20.0], [77345.0, 105000.0], [77347.5, 21350.0]]}}}
{"jsonrpc": "2.0", "method": "subscription", "params": {"channel": "book.BTC-18APR25.none.20.100ms", "data": {"timestamp": 1744194419989, "change_id": 96421583406, "instrument_name": "BTC-18APR25", "bids": [[77207.5, 8450.0], [77205.0, 1010.0], [77202.5, 1800.0], [77200.0, 4730.0], [77197.5, 3250.0], [77195.0, 28690.0], [77192.5, 28450.0], [77190.0, 51080.0], [77182.5, 980.0], [77180.0, 12320.0], [77177.5, 6390.0], [77175.0, 24630.0], [77170.0, 4690.0], [77167.5, 16450.0], [77162.5, 100.0], [77160.0, 1970.0], [77157.5, 6570.0], [77150.0, 1940.0], [77147.5, 6450.0], [77140.0, 1940.0]], "asks": [[77210.0, 2370.0], [77212.5, 1800.0], [77215.0, 4970.0], [77217.5, 10000.0], [77220.0, 7560.0], [77222.5, 3250.0], [77227.5, 1940.0], [77230.0, 6450.0], [77237.5, 1940.0], [77240.0, 6450.0], [77247.5, 980.0], [77250.0, 5190.0], [77252.5, 6450.0], [77260.0, 1940.0], [77262.5, 6450.0], [77270.0, 1940.0], [77272.5, 6450.0], [77290.0, 1910.0], [77292.5, 6370.0], [77300.0, 20.0]]}}}
{"jsonrpc": "2.0", "method": "subscription", "params": {"channel": "book.BTC-11APR25.none.20.100ms", "data": {"timestamp": 1744194420302, "change_id": 96421583794, "instrument_name": "BTC-11APR25", "bids": [[77150.0, 150.0], [77145.0, 2250.0], [77142.5, 7500.0], [77140.0, 2250.0], [77137.5, 10560.0], [77120.0, 9770.0], [77117.5, 32240.0], [77115.0, 5440.0], [77112.5, 3080.0], [77110.0, 10000.0], [77105.0, 2330.0], [77102.5, 7650.0], [77095.0, 2300.0], [77092.5, 7670.0], [77085.0, 9770.0], [77082.5, 25270.0], [77080.0, 7310.0], [77072.5, 2210.0], [77070.0, 7360.0], [77065.0, 7940.0]], "asks": [[77152.5, 150.0], [77155.0, 100.0], [77157.5, 3000.0], [77160.0, 10920.0], [77162.5, 3060.0], [77167.5, 300.0], [77170.0, 1000.0], [77172.5, 2250.0], [77175.0, 10560.0], [77185.0, 2270.0], [77187.5, 7580.0], [77195.0, 2270.0], [77197.5, 7580.0], [77225.0, 2270.0], [77227.5, 7580.0], [77237.5, 20.0], [77292.5, 2260.0], [77295.0, 7530.0], [77300.0, 20.0], [77345.0, 105000.0]]}}}
{"jsonrpc": "2.0", "method": "subscription", "params": {"channel": "book.BTC-18APR25.none.20.100ms", "data": {"timestamp": 1744194420327, "change_id": 96421584013, "instrument_name": "BTC-18APR25", "bids": [[77207.5, 8460.0], [77205.0, 1010.0], [77202.5, 1800.0], [77200.0, 10360.0], [77197.5, 3250.0], [77195.0, 48690.0], [77192.5, 8450.0], [77190.0, 51080.0], [77182.5, 980.0], [77180.0, 12320.0], [77177.5, 6390.0], [77175.0, 24630.0], [77172.5, 100.0], [77170.0, 4690.0], [77167.5, 16450.0], [77160.0, 1970.0], [77157.5, 6570.0], [77150.0, 1940.0], [77147.5, 6450.0], [77145.0, 1600.0]], "asks": [[77210.0, 110.0], [77215.0, 4970.0], [77217.5, 10000.0], [77220.0, 7560.0], [77222.5, 3250.0], [77227.5, 1940.0], [77230.0, 6450.0], [77237.5, 1940.0], [77240.0, 6450.0], [77247.5, 980.0], [77250.0, 5190.0], [77252.5, 6450.0], [77260.0, 1940.0], [77262.5, 6450.0], [77270.0, 1940.0], [77272.5, 6450.0], [77290.0, 1910.0], [77292.5, 6370.0], [77300.0, 20.0], [77347.5, 3290.0]]}}}
{"jsonrpc": "2.0", "method": "subscription", "params": {"channel": "book.BTC-11APR25.none.20.100ms", "data": {"timestamp": 1744194420377, "change_id": 96421584031, "instrument_name": "BTC-11APR25", "bids": [[77150.0, 150.0], [77145.0, 2250.0], [77142.5, 7500.0], [77140.0, 2250.0], [77137.5, 10560.0], [77120.0, 9770.0], [77117.5, 32240.0], [77115.0, 5440.0], [77112.5, 3080.0], [77110.0, 10000.0], [77105.0, 2330.0], [77102.5, 7650.0], [77095.0, 2300.0], [77092.5, 7670.0], [77085.0, 9770.0], [77082.5, 25270.0], [77080.0, 7310.0], [77072.5, 2210.0], [77070.0, 7360.0], [77065.0, 7940.0]], "asks": [[77152.5, 150.0], [77155.0, 100.0], [77157.5, 3000.0], [77160.0, 10920.0], [77162.5, 3060.0], [77167.5, 5460.0], [77170.0, 18310.0], [77172.5, 2250.0], [77175.0, 10560.0], [77185.0, 2270.0], [77187.5, 7580.0], [77195.0, 2270.0], [77197.5, 7580.0], [77225.0, 2270.0], [77227.5, 7580.0], [77237.5, 20.0], [77292.5, 2260.0], [77295.0, 7530.0], [77300.0, 20.0], [77345.0, 105000.0]]}}}
{"jsonrpc": "2.0", "method": "subscription", "params": {"channel": "book.BTC-18APR25.none.20.100ms", "data": {"timestamp": 1744194420636, "change_id": 96421584344, "instrument_name": "BTC-18APR25", "bids": [[77207.5, 14960.0], [77205.0, 1010.0], [77202.5, 1800.0], [77200.0, 10360.0], [77197.5, 3250.0], [77195.0, 48690.0], [77192.5, 8450.0], [77190.0, 51080.0], [77182.5, 980.0], [77180.0, 12320.0], [77177.5, 6390.0], [77175.0, 24630.0], [77172.5, 100.0], [77170.0, 4690.0], [77167.5, 16450.0], [77160.0, 1970.0], [77157.5, 6570.0], [77150.0, 1940.0], [77147.5, 6450.0], [77145.0, 1600.0]], "asks": [[77210.0, 110.0], [77215.0, 4970.0], [77217.5, 10000.0], [77220.0, 7560.0], [77222.5, 3250.0], [77227.5, 1940.0], [77230.0, 6450.0], [77237.5, 1940.0], [77240.0, 6450.0], [77247.5, 980.0], [77250.0, 5190.0], [77252.5, 6450.0], [77260.0, 1940.0], [77262.5, 6450.0], [77270.0, 1940.0], [77272.5, 6450.0], [77290.0, 1910.0], [77292.5, 6370.0], [77300.0, 20.0], [77347.5, 3290.0]]}}}
{"jsonrpc": "2.0", "method": "subscription", "params": {"channel": "book.BTC-11APR25.none.20.100ms", "data": {"timestamp": 1744194420981, "change_id": 96421585324, "instrument_name": "BTC-11APR25", "bids": [[77137.5, 10560.0], [77120.0, 2880.0], [77117.5, 7650.0], [77115.0, 5440.0], [77112.5, 3080.0], [77110.0, 10000.0], [77105.0, 2330.0], [77102.5, 7650.0], [77095.0, 2300.0], [77092.5, 7670.0], [77085.0, 9770.0], [77082.5, 25270.0], [77080.0, 7310.0], [77072.5, 2210.0], [77070.0, 7360.0], [77065.0, 7940.0], [77062.5, 26450.0], [77057.5, 2300.0], [77055.0, 7660.0], [77052.5, 20.0]], "asks": [[77152.5, 150.0], [77155.0, 100.0], [77157.5, 3000.0], [77160.0, 10920.0], [77162.5, 3060.0], [77167.5, 5460.0], [77170.0, 18310.0], [77172.5, 2250.0], [77175.0, 10560.0], [77185.0, 2270.0], [77187.5, 7580.0], [77195.0, 2270.0], [77197.5, 7580.0], [77225.0, 2270.0], [77227.5, 7580.0], [77237.5, 20.0], [77292.5, 2260.0], [77295.0, 7530.0], [77300.0, 20.0], [77345.0, 105000.0]]}}}
{"jsonrpc": "2.0", "method": "subscription", "params": {"channel": "book.BTC-18APR25.none.20.100ms", "data": {"timestamp": 1744194420894, "change_id": 96421585367, "instrument_name": "BTC-18APR25", "bids": [[77207.5, 1800.0], [77202.5, 1800.0], [77200.0, 1800.0], [77197.5, 25050.0], [77192.5, 1800.0], [77187.5, 6650.0], [77182.5, 15850.0], [77180.0, 55170.0], [77177.5, 6390.0], [77175.0, 20.0], [77172.5, 100.0], [77170.0, 4690.0], [77167.5, 16450.0], [77160.0, 1970.0], [77157.5, 6570.0], [77150.0, 1940.0], [77147.5, 6450.0], [77145.0, 1600.0], [77140.0, 1940.0], [77137.5, 6450.0]], "asks": [[77210.0, 13260.0], [77215.0, 4970.0], [77217.5, 10000.0], [77220.0, 7560.0], [77222.5, 3250.0], [77227.5, 1940.0], [77230.0, 6450.0], [77237.5, 1940.0], [77240.0, 6450.0], [77247.5, 980.0], [77250.0, 5190.0], [77252.5, 6450.0], [77260.0, 1940.0], [77262.5, 6450.0], [77270.0, 1940.0], [77272.5, 6450.0], [77290.0, 1910.0], [77292.5, 6370.0], [77300.0, 20.0], [77347.5, 3290.0]]}}}
{"jsonrpc": "2.0", "method": "subscription", "params": {"channel": "book.BTC-11APR25.none.20.100ms", "data": {"timestamp": 1744194421266, "change_id": 96421585941, "instrument_name": "BTC-11APR25", "bids": [[77145.0, 40.0], [77140.0, 2250.0], [77137.5, 7500.0], [77135.0, 3060.0], [77120.0, 580.0], [77115.0, 7340.0], [77112.5, 10730.0], [77110.0, 10000.0], [77105.0, 2330.0], [77102.5, 7650.0], [77095.0, 2300.0], [77092.5, 7670.0], [77090.0, 7580.0], [77087.5, 25270.0], [77085.0, 2190.0], [77080.0, 7310.0], [77072.5, 2210.0], [77070.0, 7360.0], [77065.0, 7940.0], [77062.5, 26450.0]], "asks": [[77147.5, 150.0], [77152.5, 950.0], [77155.0, 3160.0], [77157.5, 3000.0], [77160.0, 10920.0], [77167.5, 5460.0], [77170.0, 18310.0], [77172.5, 2250.0], [77175.0, 10560.0], [77185.0, 2270.0], [77187.5, 7580.0], [77195.0, 2270.0], [77197.5, 7580.0], [77225.0, 2270.0], [77227.5, 7580.0], [77237.5, 20.0], [77292.5, 2260.0], [77295.0, 7530.0], [77300.0, 20.0], [77345.0, 105000.0]]}}}
{"jsonrpc": "2.0", "method": "subscription", "params": {"channel": "book.BTC-18APR25.none.20.100ms", "data": {"timestamp": 1744194421348, "change_id": 96421586059, "instrument_name": "BTC-18APR25", "bids": [[77202.5, 8460.0], [77200.0, 2340.0], [77197.5, 1800.0], [77192.5, 11050.0], [77190.0, 22000.0], [77187.5, 6650.0], [77182.5, 15850.0], [77180.0, 55170.0], [77177.5, 6390.0], [77175.0, 20.0], [77172.5, 100.0], [77170.0, 4690.0], [77167.5, 16450.0], [77160.0, 1970.0], [77157.5, 6570.0], [77150.0, 1940.0], [77147.5, 6450.0], [77145.0, 1600.0], [77140.0, 1940.0], [77137.5, 6450.0]], "asks": [[77205.0, 10.0], [77210.0, 100.0], [77215.0, 4970.0], [77217.5, 10000.0], [77220.0, 7560.0], [77222.5, 3250.0], [77227.5, 1940.0], [77230.0, 6450.0], [77237.5, 1940.0], [77240.0, 6450.0], [77247.5, 980.0], [77250.0, 5190.0], [77252.5, 6450.0], [77260.0, 1940.0], [77262.5, 6450.0], [77270.0, 1940.0], [77272.5, 6450.0], [77290.0, 1910.0], [77292.5, 6370.0], [77300.0, 20.0]]}}}
{"jsonrpc": "2.0", "method": "subscription", "params": {"channel": "book.BTC-11APR25.none.20.100ms", "data": {"timestamp": 1744194421616, "change_id": 96421586254, "instrument_name": "BTC-11APR25", "bids": [[77145.0, 40.0], [77140.0, 2250.0], [77137.5, 7500.0], [77135.0, 3060.0], [77120.0, 23650.0], [77115.0, 84450.0], [77112.5, 10730.0], [77110.0, 10000.0], [77105.0, 2330.0], [77102.5, 7650.0], [77095.0, 2300.0], [77092.5, 7670.0], [77090.0, 7580.0], [77087.5, 25270.0], [77085.0, 2190.0], [77080.0, 7310.0], [77072.5, 2210.0], [77070.0, 7360.0], [77065.0, 7940.0], [77062.5, 26450.0]], "asks": [[77147.5, 150.0], [77152.5, 950.0], [77155.0, 3160.0], [77157.5, 3000.0], [77160.0, 10920.0], [77167.5, 5460.0], [77170.0, 18310.0], [77172.5, 2250.0], [77175.0, 10560.0], [77185.0, 2270.0], [77187.5, 7580.0], [77195.0, 2270.0], [77197.5, 7580.0], [77225.0, 2270.0], [77227.5, 7580.0], [77237.5, 20.0], [77292.5, 2260.0], [77295.0, 7530.0], [77300.0, 20.0], [77345.0, 105000.0]]}}}
{"jsonrpc": "2.0", "method": "subscription", "params": {"channel": "book.BTC-18APR25.none.20.100ms", "data": {"timestamp": 1744194421671, "change_id": 96421586271, "instrument_name": "BTC-18APR25", "bids": [[77207.5, 2000.0], [77205.0, 1080.0], [77202.5, 1800.0], [77200.0, 22530.0], [77197.5, 28450.0], [77195.0, 50980.0], [77192.5, 3250.0], [77190.0, 2000.0], [77187.5, 6650.0], [77182.5, 980.0], [77180.0, 5170.0], [77177.5, 6390.0], [77175.0, 20.0], [77172.5, 100.0], [77170.0, 4690.0], [77167.5, 16450.0], [77160.0, 1970.0], [77157.5, 6570.0], [77150.0, 1940.0], [77147.5, 6450.0]], "asks": [[77210.0, 3400.0], [77215.0, 4970.0], [77217.5, 10000.0], [77220.0, 7560.0], [77222.5, 3250.0], [77227.5, 1940.0], [77230.0, 6450.0], [77237.5, 1940.0], [77240.0, 6450.0], [77247.5, 980.0], [77250.0, 5190.0], [77252.5, 6450.0], [77260.0, 1940.0], [77262.5, 6450.0], [77270.0, 1940.0], [77272.5, 6450.0], [77290.0, 1910.0], [77292.5, 6370.0], [77300.0, 20.0], [77352.5, 6630.0]]}}}
{"jsonrpc": "2.0", "method": "subscription", "params": {"channel": "book.BTC-11APR25.none.20.100ms", "data": {"timestamp": 1744194421782, "change_id": 96421587039, "instrument_name": "BTC-11APR25", "bids": [[77145.0, 80.0], [77142.5, 2250.0], [77140.0, 8420.0], [77135.0, 3060.0], [77122.5, 3030.0], [77120.0, 33650.0], [77115.0, 84450.0], [77112.5, 10730.0], [77105.0, 2330.0], [77102.5, 7650.0], [77095.0, 2300.0], [77092.5, 7670.0], [77090.0, 7580.0], [77087.5, 25270.0], [77085.0, 2190.0], [77080.0, 7310.0], [77072.5, 2210.0], [77070.0, 7360.0], [77065.0, 7940.0], [77062.5, 26450.0]], "asks": [[77147.5, 150.0], [77152.5, 950.0], [77155.0, 3160.0], [77157.5, 3000.0], [77160.0, 10920.0], [77167.5, 7930.0], [77170.0, 18310.0], [77172.5, 2250.0], [77175.0, 10560.0], [77185.0, 2270.0], [77187.5, 7580.0], [77195.0, 2270.0], [77197.5, 7580.0], [77225.0, 2270.0], [77227.5, 7580.0], [77237.5, 20.0], [77292.5, 2260.0], [77295.0, 7530.0], [77300.0, 20.0], [77345.0, 105000.0]]}}}
{"jsonrpc": "2.0", "method": "subscription", "params": {"channel": "book.BTC-18APR25.none.20.100ms", "data": {"timestamp": 1744194421891, "change_id": 96421586737, "instrument_name": "BTC-18APR25", "bids": [[77207.5, 2000.0], [77205.0, 1080.0], [77202.5, 1800.0], [77200.0, 22530.0], [77197.5, 28450.0], [77195.0, 50980.0], [77192.5, 3250.0], [77190.0, 2000.0], [77187.5, 6650.0], [77182.5, 980.0], [77180.0, 5170.0], [77177.5, 6390.0], [77175.0, 20.0], [77172.5, 100.0], [77170.0, 4690.0], [77167.5, 16450.0], [77160.0, 1970.0], [77157.5, 6570.0], [77150.0, 1940.0], [77147.5, 6450.0]], "asks": [[77210.0, 3400.0], [77215.0, 4970.0], [77217.5, 10000.0], [77220.0, 7560.0], [77222.5, 3250.0], [77227.5, 1940.0], [77230.0, 6450.0], [77237.5, 1940.0], [77240.0, 6450.0], [77247.5, 980.0], [77250.0, 5190.0], [77252.5, 6450.0], [77260.0, 1940.0], [77262.5, 6450.0], [77270.0, 1940.0], [77272.5, 6450.0], [77290.0, 1910.0], [77292.5, 6370.0], [77300.0, 20.0], [77352.5, 6630.0]]}}}
{"jsonrpc": "2.0", "method": "subscription", "params": {"channel": "book.BTC-18APR25.none.20.100ms", "data": {"timestamp": 1744194422061, "change_id": 96421587065, "instrument_name": "BTC-18APR25", "bids": [[77207.5, 2000.0], [77205.0, 1080.0], [77202.5, 1800.0], [77200.0, 22530.0], [77197.5, 28450.0], [77195.0, 50980.0], [77192.5, 3250.0], [77190.0, 2000.0], [77187.5, 6650.0], [77182.5, 980.0], [77180.0, 5170.0], [77177.5, 6390.0], [77175.0, 20.0], [77172.5, 100.0], [77170.0, 4690.0], [77167.5, 16450.0], [77160.0, 1970.0], [77157.5, 6570.0], [77150.0, 1940.0], [77147.5, 6450.0]], "asks": [[77210.0, 3400.0], [77215.0, 4970.0], [77217.5, 10000.0], [77220.0, 7560.0], [77222.5, 3250.0], [77227.5, 1940.0], [77230.0, 6450.0], [77237.5, 1940.0], [77240.0, 6450.0], [77247.5, 980.0], [77250.0, 5190.0], [77252.5, 6450.0], [77260.0, 1940.0], [77262.5, 6450.0], [77270.0, 1940.0], [77272.5, 6450.0], [77290.0, 1910.0], [77292.5, 6370.0], [77300.0, 20.0], [77352.5, 6630.0]]}}}
{"jsonrpc": "2.0", "method": "subscription", "params": {"channel": "book.BTC-11APR25.none.20.100ms", "data": {"timestamp": 1744194422558, "change_id": 96421587395, "instrument_name": "BTC-11APR25", "bids": [[77142.5, 2250.0], [77140.0, 8420.0], [77135.0, 3060.0], [77122.5, 3030.0], [77120.0, 10580.0], [77115.0, 4820.0], [77112.5, 10730.0], [77105.0, 2330.0], [77102.5, 7650.0], [77095.0, 2300.0], [77092.5, 7670.0], [77090.0, 7580.0], [77087.5, 25270.0], [77085.0, 2190.0], [77080.0, 7310.0], [77072.5, 2210.0], [77070.0, 7360.0], [77065.0, 7940.0], [77062.5, 26450.0], [77057.5, 2300.0]], "asks": [[77147.5, 150.0], [77152.5, 950.0], [77155.0, 3160.0], [77157.5, 3000.0], [77160.0, 10920.0], [77167.5, 7930.0], [77170.0, 18310.0], [77172.5, 2250.0], [77175.0, 12860.0], [77177.5, 7650.0], [77185.0, 2270.0], [77187.5, 7580.0], [77195.0, 2270.0], [77197.5, 7580.0], [77225.0, 2270.0], [77227.5, 7580.0], [77237.5, 20.0], [77292.5, 2260.0], [77295.0, 7530.0], [77300.0, 20.0]]}}}
{"jsonrpc": "2.0", "method": "subscription", "params": {"channel": "book.BTC-18APR25.none.20.100ms", "data": {"timestamp": 1744194422612, "change_id": 96421587431, "instrument_name": "BTC-18APR25", "bids": [[77207.5, 2000.0], [77205.0, 1080.0], [77202.5, 1800.0], [77200.0, 22530.0], [77197.5, 28450.0], [77195.0, 50980.0], [77192.5, 3250.0], [77190.0, 2000.0], [77187.5, 6650.0], [77182.5, 980.0], [77180.0, 7930.0], [77177.5, 16390.0], [77175.0, 20.0], [77172.5, 100.0], [77170.0, 1940.0], [77167.5, 6450.0], [77160.0, 1970.0], [77157.5, 6570.0], [77150.0, 1940.0], [77147.5, 6450.0]], "asks": [[77210.0, 3400.0], [77215.0, 4970.0], [77217.5, 10000.0], [77220.0, 7560.0], [77222.5, 3250.0], [77227.5, 1940.0], [77230.0, 6450.0], [77237.5, 1940.0], [77240.0, 6450.0], [77247.5, 980.0], [77250.0, 5190.0], [77252.5, 6450.0], [77260.0, 1940.0], [77262.5, 6450.0], [77270.0, 1940.0], [77272.5, 6450.0], [77290.0, 1910.0], [77292.5, 6370.0], [77300.0, 20.0], [77352.5, 6630.0]]}}}
{"jsonrpc": "2.0", "method": "subscription", "params": {"channel": "book.BTC-11APR25.none.20.100ms", "data": {"timestamp": 1744194422985, "change_id": 96421588394, "instrument_name": "BTC-11APR25", "bids": [[77137.5, 2300.0], [77135.0, 7650.0], [77132.5, 2260.0], [77130.0, 7500.0], [77120.0, 580.0], [77115.0, 4820.0], [77112.5, 10730.0], [77110.0, 3000.0], [77107.5, 10000.0], [77105.0, 2330.0], [77102.5, 7650.0], [77095.0, 2300.0], [77092.5, 7670.0], [77090.0, 7580.0], [77087.5, 25270.0], [77085.0, 2190.0], [77080.0, 7310.0], [77072.5, 2210.0], [77070.0, 7360.0], [77065.0, 7940.0]], "asks": [[77147.5, 150.0], [77152.5, 950.0], [77155.0, 3160.0], [77157.5, 3000.0], [77160.0, 10920.0], [77167.5, 7930.0], [77170.0, 18310.0], [77172.5, 2250.0], [77175.0, 12860.0], [77177.5, 7650.0], [77185.0, 2270.0], [77187.5, 7580.0], [77195.0, 2270.0], [77197.5, 7580.0], [77225.0, 2270.0], [77227.5, 7580.0], [77237.5, 20.0], [77292.5, 2260.0], [77295.0, 7530.0], [77300.0, 20.0]]}}}
{"jsonrpc": "2.0", "method": "subscription", "params": {"channel": "book.BTC-18APR25.none.20.100ms", "data": {"timestamp": 1744194422998, "change_id": 96421588425, "instrument_name": "BTC-18APR25", "bids": [[77202.5, 1800.0], [77200.0, 10130.0], [77197.5, 28450.0], [77190.0, 2000.0], [77187.5, 6650.0], [77182.5, 15850.0], [77180.0, 57930.0], [77177.5, 6390.0], [77175.0, 20.0], [77172.5, 100.0], [77170.0, 1940.0], [77167.5, 6450.0], [77165.0, 10000.0], [77160.0, 1970.0], [77157.5, 6570.0], [77150.0, 1940.0], [77147.5, 6450.0], [77145.0, 1600.0], [77140.0, 1940.0], [77137.5, 6450.0]], "asks": [[77205.0, 1810.0], [77207.5, 3550.0], [77210.0, 10040.0], [77212.5, 1800.0], [77215.0, 4970.0], [77217.5, 10000.0], [77220.0, 7560.0], [77222.5, 3250.0], [77227.5, 1940.0], [77230.0, 6450.0], [77237.5, 1940.0], [77240.0, 6450.0], [77247.5, 980.0], [77250.0, 5190.0], [77252.5, 6450.0], [77260.0, 1940.0], [77262.5, 6450.0], [77270.0, 1940.0], [77272.5, 6450.0], [77290.0, 1910.0]]}}}
{"jsonrpc": "2.0", "method": "subscription", "params": {"channel": "book.BTC-11APR25.none.20.100ms", "data": {"timestamp": 1744194423022, "change_id": 96421588886, "instrument_name": "BTC-11APR25", "bids": [[77142.5, 100.0], [77137.5, 2300.0], [77135.0, 7500.0], [77132.5, 5320.0], [77130.0, 7500.0], [77120.0, 580.0], [77117.5, 10000.0], [77115.0, 4820.0], [77112.5, 10730.0], [77105.0, 2330.0], [77102.5, 7650.0], [77095.0, 2300.0], [77092.5, 7670.0], [77090.0, 7580.0], [77087.5, 25270.0], [77085.0, 2190.0], [77080.0, 7310.0], [77072.5, 2210.0], [77070.0, 7360.0], [77065.0, 7940.0]], "asks": [[77147.5, 150.0], [77152.5, 950.0], [77155.0, 3160.0], [77157.5, 3000.0], [77160.0, 10920.0], [77167.5, 7930.0], [77170.0, 18310.0], [77172.5, 2250.0], [77175.0, 12860.0], [77177.5, 7650.0], [77185.0, 2270.0], [77187.5, 7580.0], [77195.0, 2270.0], [77197.5, 7580.0], [77225.0, 2270.0], [77227.5, 7580.0], [77237.5, 20.0], [77292.5, 2260.0], [77295.0, 7530.0], [77300.0, 20.0]]}}}
{"jsonrpc": "2.0", "method": "subscription", "params": {"channel": "book.BTC-18APR25.none.20.100ms", "data": {"timestamp": 1744194423215, "change_id": 96421588836, "instrument_name": "BTC-18APR25", "bids": [[77205.0, 1800.0], [77202.5, 2340.0], [77200.0, 10130.0], [77197.5, 21800.0], [77192.5, 980.0], [77190.0, 5250.0], [77187.5, 6650.0], [77182.5, 15850.0], [77180.0, 57930.0], [77177.5, 6390.0], [77175.0, 20.0], [77172.5, 100.0], [77170.0, 1940.0], [77167.5, 6450.0], [77165.0, 10000.0], [77160.0, 1970.0], [77157.5, 6570.0], [77150.0, 1940.0], [77147.5, 6450.0], [77145.0, 1600.0]], "asks": [[77207.5, 2400.0], [77210.0, 11560.0], [77212.5, 1800.0], [77215.0, 8220.0], [77217.5, 10000.0], [77220.0, 6580.0], [77227.5, 1940.0], [77230.0, 6450.0], [77237.5, 1940.0], [77240.0, 6450.0], [77247.5, 980.0], [77250.0, 5190.0], [77252.5, 6450.0], [77260.0, 1940.0], [77262.5, 6450.0], [77270.0, 1940.0], [77272.5, 6450.0], [77290.0, 1910.0], [77292.5, 6370.0], [77300.0, 20.0]]}}}
{"jsonrpc": "2.0", "method": "subscription", "params": {"channel": "book.BTC-11APR25.none.20.100ms", "data": {"timestamp": 1744194423603, "change_id": 96421589331, "instrument_name": "BTC-11APR25", "bids": [[77140.0, 70.0], [77137.5, 2250.0], [77135.0, 7500.0], [77132.5, 5320.0], [77130.0, 7500.0], [77120.0, 480.0], [77115.0, 4820.0], [77112.5, 20730.0], [77107.5, 100.0], [77105.0, 2330.0], [77102.5, 7650.0], [77095.0, 2300.0], [77092.5, 7670.0], [77090.0, 7580.0], [77087.5, 25270.0], [77085.0, 2190.0], [77080.0, 7310.0], [77072.5, 2210.0], [77070.0, 7360.0], [77065.0, 7940.0]], "asks": [[77147.5, 150.0], [77152.5, 950.0], [77155.0, 3160.0], [77157.5, 3000.0], [77160.0, 10920.0], [77167.5, 7930.0], [77170.0, 18310.0], [77172.5, 2250.0], [77175.0, 12860.0], [77177.5, 7650.0], [77185.0, 2270.0], [77187.5, 7580.0], [77195.0, 2270.0], [77197.5, 7580.0], [77225.0, 2270.0], [77227.5, 7580.0], [77237.5, 20.0], [77292.5, 2260.0], [77295.0, 7530.0], [77300.0, 20.0]]}}}
{"jsonrpc": "2.0", "method": "subscription", "params": {"channel": "book.BTC-18APR25.none.20.100ms", "data": {"timestamp": 1744194423634, "change_id": 96421589362, "instrument_name": "BTC-18APR25", "bids": [[77205.0, 1800.0], [77202.5, 2340.0], [77200.0, 2340.0], [77197.5, 1800.0], [77195.0, 6980.0], [77192.5, 20000.0], [77190.0, 20000.0], [77187.5, 6650.0], [77185.0, 50000.0], [77182.5, 980.0], [77180.0, 5170.0], [77177.5, 6390.0], [77175.0, 20.0], [77170.0, 4690.0], [77167.5, 6450.0], [77165.0, 10000.0], [77160.0, 2070.0], [77157.5, 6570.0], [77150.0, 1940.0], [77147.5, 6450.0]], "asks": [[77207.5, 2400.0], [77210.0, 4910.0], [77212.5, 1800.0], [77215.0, 8220.0], [77217.5, 10000.0], [77220.0, 6580.0], [77227.5, 1940.0], [77230.0, 6450.0], [77237.5, 1940.0], [77240.0, 6450.0], [77247.5, 980.0], [77250.0, 5190.0], [77252.5, 6450.0], [77260.0, 1940.0], [77262.5, 6450.0], [77270.0, 1940.0], [77272.5, 6450.0], [77290.0, 1910.0], [77292.5, 6370.0], [77300.0, 20.0]]}}}
