{"jsonrpc": "2.0", "method": "subscription", "params": {"channel": "book.BTC-17OCT25.none.20.100ms", "data": {"timestamp": 1760300556000, "change_id": 121416443800, "instrument_name": "BTC-17OCT25", "bids": [[115022.5, 2600.0], [115020.0, 10000.0], [115012.5, 10310.0], [115010.0, 37510.0], [115007.5, 13820.0], [115005.0, 54520.0], [115002.5, 34530.0], [115000.0, 1600.0], [114997.5, 2980.0], [114992.5, 10310.0], [114990.0, 34530.0], [114985.0, 3130.0], [114925.0, 2960.0], [114862.5, 870.0], [114860.0, 2930.0], [114812.5, 2340.0], [114807.5, 2910.0], [114800.0, 17000.0], [114797.5, 9370.0], [114795.0, 47580.0]], "asks": [[115025.0, 7080.0], [115027.5, 4260.0], [115030.0, 21760.0], [115032.5, 44000.0], [115035.0, 35420.0], [115037.5, 2980.0], [115042.5, 10310.0], [115045.0, 48250.0], [115050.0, 80100.0], [115052.5, 105020.0], [115055.0, 10240.0], [115062.5, 750.0], [115072.5, 19410.0], [115085.0, 2980.0], [115090.0, 900.0], [115092.5, 3000.0], [115097.5, 2880.0], [115110.0, 2960.0], [115155.0, 7390.0], [115157.5, 24770.0]]}}}
{"jsonrpc": "2.0", "method": "subscription", "params": {"channel": "book.BTC-24OCT25.none.20.100ms", "data": {"timestamp": 1760300555940, "change_id": 121416443755, "instrument_name": "BTC-24OCT25", "bids": [[115175.0, 10000.0], [115165.0, 36220.0], [115162.5, 2220.0], [115157.5, 23450.0], [115155.0, 78570.0], [115152.5, 520.0], [115150.0, 11040.0], [115147.5, 36820.0], [115145.0, 160.0], [115120.0, 2190.0], [114982.5, 650.0], [114980.0, 2190.0], [114967.5, 2250.0], [114912.5, 4940.0], [114910.0, 16550.0], [114905.0, 2220.0], [114887.5, 11710.0], [114885.0, 2210.0], [114852.5, 6110.0], [114847.5, 2250.0]], "asks": [[115177.5, 2220.0], [115180.0, 13130.0], [115182.5, 44000.0], [115185.0, 11930.0], [115187.5, 37730.0], [115190.0, 6910.0], [115192.5, 15700.0], [115195.0, 13140.0], [115197.5, 44010.0], [115200.0, 39700.0], [115202.5, 188980.0], [115207.5, 34570.0], [115227.5, 2250.0], [115285.0, 2220.0], [115295.0, 680.0], [115297.5, 2270.0], [115317.5, 110.0], [115320.0, 6120.0], [115322.5, 2300.0], [115332.5, 670.0]]}}}
{"jsonrpc": "2.0", "method": "subscription", "params": {"channel": "book.BTC-17OCT25.none.20.100ms", "data": {"timestamp": 1760300556162, "change_id": 121416443942, "instrument_name": "BTC-17OCT25", "bids": [[115022.5, 2600.0], [115020.0, 10000.0], [115012.5, 10310.0], [115010.0, 37510.0], [115007.5, 13820.0], [115005.0, 54520.0], [115002.5, 34530.0], [115000.0, 1600.0], [114997.5, 2980.0], [114992.5, 10310.0], [114990.0, 34530.0], [114985.0, 3130.0], [114925.0, 2960.0], [114862.5, 870.0], [114860.0, 2930.0], [114812.5, 2340.0], [114807.5, 2910.0], [114800.0, 17000.0], [114797.5, 9370.0], [114795.0, 47580.0]], "asks": [[115025.0, 7080.0], [115027.5, 4260.0], [115030.0, 25860.0], [115032.5, 44000.0], [115035.0, 35420.0], [115037.5, 2980.0], [115042.5, 10310.0], [115045.0, 48250.0], [115050.0, 80100.0], [115052.5, 105020.0], [115055.0, 10240.0], [115062.5, 750.0], [115072.5, 19410.0], [115085.0, 2980.0], [115090.0, 900.0], [115092.5, 3000.0], [115097.5, 2880.0], [115110.0, 2960.0], [115155.0, 7390.0], [115157.5, 24770.0]]}}}
{"jsonrpc": "2.0", "method": "subscription", "params": {"channel": "book.BTC-24OCT25.none.20.100ms", "data": {"timestamp": 1760300556302, "change_id": 121416444021, "instrument_name": "BTC-24OCT25", "bids": [[115175.0, 10000.0], [115165.0, 36220.0], [115157.5, 23450.0], [115155.0, 78570.0], [115152.5, 520.0], [115150.0, 11040.0], [115147.5, 36820.0], [115145.0, 160.0], [115120.0, 2190.0], [114982.5, 650.0], [114980.0, 2190.0], [114967.5, 2250.0], [114912.5, 4940.0], [114910.0, 16550.0], [114905.0, 2220.0], [114887.5, 11710.0], [114885.0, 2210.0], [114852.5, 6110.0], [114847.5, 2250.0], [114822.5, 2190.0]], "asks": [[115177.5, 2220.0], [115180.0, 13130.0], [115182.5, 44000.0], [115185.0, 11930.0], [115187.5, 37730.0], [115190.0, 6910.0], [115192.5, 15700.0], [115195.0, 26380.0], [115197.5, 44010.0], [115200.0, 89700.0], [115202.5, 138980.0], [115207.5, 34570.0], [115227.5, 2250.0], [115285.0, 2220.0], [115295.0, 680.0], [115297.5, 2270.0], [115317.5, 110.0], [115320.0, 6120.0], [115322.5, 2300.0], [115332.5, 670.0]]}}}
{"jsonrpc": "2.0", "method": "subscription", "params": {"channel": "book.BTC-24OCT25.none.20.100ms", "data": {"timestamp": 1760300556622, "change_id": 121416444770, "instrument_name": "BTC-24OCT25", "bids": [[115175.0, 10000.0], [115165.0, 36220.0], [115157.5, 23450.0], [115155.0, 78570.0], [115152.5, 520.0], [115150.0, 11040.0], [115147.5, 36820.0], [115145.0, 160.0], [115122.5, 650.0], [115120.0, 2190.0], [114982.5, 650.0], [114980.0, 2190.0], [114967.5, 2250.0], [114912.5, 4940.0], [114910.0, 16550.0], [114905.0, 2220.0], [114887.5, 11710.0], [114885.0, 2210.0], [114852.5, 6110.0], [114847.5, 2250.0]], "asks": [[115177.5, 2220.0], [115180.0, 13130.0], [115182.5, 44000.0], [115185.0, 11930.0], [115187.5, 37730.0], [115190.0, 6910.0], [115192.5, 15700.0], [115195.0, 13140.0], [115197.5, 44010.0], [115200.0, 39700.0], [115202.5, 188980.0], [115205.0, 10320.0], [115207.5, 34570.0], [115227.5, 2250.0], [115282.5, 660.0], [115285.0, 2220.0], [115295.0, 680.0], [115297.5, 2270.0], [115317.5, 1940.0], [115320.0, 6120.0]]}}}
{"jsonrpc": "2.0", "method": "subscription", "params": {"channel": "book.BTC-17OCT25.none.20.100ms", "data": {"timestamp": 1760300557019, "change_id": 121416445985, "instrument_name": "BTC-17OCT25", "bids": [[115020.0, 10000.0], [115000.0, 890.0], [114997.5, 2980.0], [114992.5, 10310.0], [114990.0, 34530.0], [114987.5, 1640.0], [114985.0, 3130.0], [114927.5, 880.0], [114925.0, 2960.0], [114862.5, 870.0], [114860.0, 2930.0], [114812.5, 2340.0], [114810.0, 870.0], [114807.5, 2910.0], [114800.0, 17000.0], [114797.5, 9370.0], [114795.0, 47580.0], [114792.5, 16120.0], [114782.5, 2860.0], [114770.0, 28370.0]], "asks": [[115022.5, 7040.0], [115025.0, 11410.0], [115027.5, 4260.0], [115030.0, 17230.0], [115035.0, 35420.0], [115037.5, 2980.0], [115042.5, 10310.0], [115045.0, 48250.0], [115050.0, 80100.0], [115052.5, 105020.0], [115055.0, 10240.0], [115062.5, 750.0], [115070.0, 5790.0], [115072.5, 19410.0], [115085.0, 2980.0], [115090.0, 900.0], [115092.5, 3000.0], [115097.5, 2880.0], [115107.5, 880.0], [115110.0, 2960.0]]}}}
{"jsonrpc": "2.0", "method": "subscription", "params": {"channel": "book.BTC-24OCT25.none.20.100ms", "data": {"timestamp": 1760300557025, "change_id": 121416446028, "instrument_name": "BTC-24OCT25", "bids": [[115160.0, 10000.0], [115147.5, 2250.0], [115145.0, 160.0], [115137.5, 10840.0], [115135.0, 36790.0], [115125.0, 34570.0], [115120.0, 2190.0], [114982.5, 650.0], [114980.0, 2190.0], [114967.5, 2250.0], [114912.5, 4940.0], [114910.0, 16550.0], [114905.0, 2220.0], [114887.5, 11710.0], [114885.0, 2210.0], [114852.5, 6110.0], [114847.5, 2250.0], [114822.5, 2190.0], [114820.0, 37480.0], [114817.5, 50000.0]], "asks": [[115165.0, 2220.0], [115172.5, 10320.0], [115175.0, 35230.0], [115177.5, 2220.0], [115185.0, 11930.0], [115187.5, 37730.0], [115190.0, 18350.0], [115192.5, 15700.0], [115195.0, 21590.0], [115197.5, 44010.0], [115200.0, 39700.0], [115202.5, 154410.0], [115227.5, 2250.0], [115285.0, 2220.0], [115295.0, 680.0], [115297.5, 2270.0], [115317.5, 110.0], [115320.0, 6120.0], [115322.5, 2300.0], [115332.5, 670.0]]}}}
{"jsonrpc": "2.0", "method": "subscription", "params": {"channel": "book.BTC-24OCT25.none.20.100ms", "data": {"timestamp": 1760300557268, "change_id": 121416446772, "instrument_name": "BTC-24OCT25", "bids": [[115160.0, 10000.0], [115150.0, 670.0], [115147.5, 2250.0], [115145.0, 13130.0], [115142.5, 44000.0], [115137.5, 10840.0], [115135.0, 36790.0], [115130.0, 160.0], [115125.0, 34570.0], [115120.0, 2190.0], [114982.5, 650.0], [114980.0, 2190.0], [114967.5, 2250.0], [114912.5, 4940.0], [114910.0, 16550.0], [114905.0, 2220.0], [114887.5, 11710.0], [114885.0, 2210.0], [114852.5, 6110.0], [114847.5, 2250.0]], "asks": [[115162.5, 2220.0], [115165.0, 44000.0], [115172.5, 10320.0], [115175.0, 35390.0], [115177.5, 2220.0], [115185.0, 11930.0], [115187.5, 47570.0], [115190.0, 12510.0], [115192.5, 15700.0], [115195.0, 21590.0], [115197.5, 44010.0], [115200.0, 39700.0], [115202.5, 144410.0], [115227.5, 2250.0], [115285.0, 2220.0], [115295.0, 680.0], [115297.5, 2270.0], [115317.5, 110.0], [115320.0, 6120.0], [115322.5, 2300.0]]}}}
{"jsonrpc": "2.0", "method": "subscription", "params": {"channel": "book.BTC-17OCT25.none.20.100ms", "data": {"timestamp": 1760300557200, "change_id": 121416446676, "instrument_name": "BTC-17OCT25", "bids": [[115010.0, 12600.0], [114997.5, 34530.0], [114992.5, 2940.0], [114987.5, 78530.0], [114985.0, 710.0], [114980.0, 34530.0], [114972.5, 2940.0], [114970.0, 160.0], [114925.0, 2960.0], [114860.0, 2930.0], [114812.5, 2340.0], [114807.5, 2910.0], [114797.5, 9370.0], [114795.0, 47580.0], [114792.5, 16120.0], [114790.0, 25410.0], [114782.5, 2860.0], [114770.0, 2960.0], [114745.0, 2940.0], [114707.5, 50000.0]], "asks": [[115012.5, 48100.0], [115015.0, 160.0], [115017.5, 4100.0], [115020.0, 34530.0], [115025.0, 2940.0], [115035.0, 34530.0], [115037.5, 2980.0], [115045.0, 44530.0], [115050.0, 46740.0], [115052.5, 95020.0], [115062.5, 750.0], [115072.5, 19410.0], [115085.0, 2980.0], [115092.5, 3000.0], [115097.5, 2880.0], [115110.0, 2960.0], [115157.5, 24770.0], [115210.0, 2980.0], [115240.0, 41890.0], [115272.5, 2980.0]]}}}
{"jsonrpc": "2.0", "method": "subscription", "params": {"channel": "book.BTC-17OCT25.none.20.100ms", "data": {"timestamp": 1760300557467, "change_id": 121416447205, "instrument_name": "BTC-17OCT25", "bids": [[115010.0, 12600.0], [114997.5, 34530.0], [114992.5, 2940.0], [114987.5, 78530.0], [114985.0, 710.0], [114980.0, 34530.0], [114972.5, 2940.0], [114970.0, 160.0], [114925.0, 2960.0], [114860.0, 2930.0], [114812.5, 2340.0], [114807.5, 2910.0], [114797.5, 9370.0], [114795.0, 47580.0], [114792.5, 16120.0], [114790.0, 25410.0], [114782.5, 2860.0], [114770.0, 2960.0], [114745.0, 2940.0], [114707.5, 50000.0]], "asks": [[115012.5, 54100.0], [115015.0, 160.0], [115017.5, 4100.0], [115020.0, 34530.0], [115025.0, 2940.0], [115035.0, 34530.0], [115037.5, 2980.0], [115045.0, 44530.0], [115050.0, 40740.0], [115052.5, 2980.0], [115062.5, 750.0], [115072.5, 19410.0], [115085.0, 2980.0], [115092.5, 3000.0], [115097.5, 2880.0], [115110.0, 2960.0], [115157.5, 24770.0], [115210.0, 2980.0], [115240.0, 41890.0], [115272.5, 2980.0]]}}}
{"jsonrpc": "2.0", "method": "subscription", "params": {"channel": "book.BTC-24OCT25.none.20.100ms", "data": {"timestamp": 1760300557662, "change_id": 121416447646, "instrument_name": "BTC-24OCT25", "bids": [[115160.0, 10000.0], [115150.0, 670.0], [115147.5, 2250.0], [115145.0, 13130.0], [115142.5, 44000.0], [115137.5, 10840.0], [115135.0, 36790.0], [115130.0, 160.0], [115127.5, 10320.0], [115125.0, 34570.0], [115120.0, 2190.0], [114982.5, 650.0], [114980.0, 2190.0], [114970.0, 670.0], [114967.5, 2250.0], [114912.5, 4940.0], [114910.0, 16550.0], [114907.5, 660.0], [114905.0, 2220.0], [114887.5, 11710.0]], "asks": [[115162.5, 2220.0], [115165.0, 44000.0], [115172.5, 10320.0], [115175.0, 35390.0], [115177.5, 2220.0], [115185.0, 11930.0], [115187.5, 47570.0], [115190.0, 12510.0], [115192.5, 15700.0], [115195.0, 34730.0], [115197.5, 44010.0], [115200.0, 39700.0], [115202.5, 144410.0], [115225.0, 670.0], [115227.5, 2250.0], [115282.5, 660.0], [115285.0, 2220.0], [115295.0, 680.0], [115297.5, 2270.0], [115317.5, 1940.0]]}}}
{"jsonrpc": "2.0", "method": "subscription", "params": {"channel": "book.BTC-24OCT25.none.20.100ms", "data": {"timestamp": 1760300558012, "change_id": 121416448594, "instrument_name": "BTC-24OCT25", "bids": [[115160.0, 10000.0], [115152.5, 10320.0], [115150.0, 35240.0], [115147.5, 2250.0], [115145.0, 13130.0], [115142.5, 44000.0], [115137.5, 10840.0], [115135.0, 36790.0], [115130.0, 160.0], [115127.5, 10320.0], [115125.0, 34570.0], [115120.0, 2190.0], [114982.5, 650.0], [114980.0, 2190.0], [114970.0, 670.0], [114967.5, 2250.0], [114910.0, 16550.0], [114907.5, 660.0], [114905.0, 2220.0], [114887.5, 11710.0]], "asks": [[115162.5, 2220.0], [115165.0, 44000.0], [115172.5, 10320.0], [115175.0, 35390.0], [115177.5, 2220.0], [115185.0, 11930.0], [115187.5, 47570.0], [115190.0, 12510.0], [115192.5, 15700.0], [115195.0, 34730.0], [115197.5, 44010.0], [115200.0, 39700.0], [115202.5, 144410.0], [115225.0, 670.0], [115227.5, 2250.0], [115282.5, 660.0], [115285.0, 2220.0], [115295.0, 680.0], [115297.5, 2270.0], [115317.5, 1940.0]]}}}
{"jsonrpc": "2.0", "method": "subscription", "params": {"channel": "book.BTC-17OCT25.none.20.100ms", "data": {"timestamp": 1760300558007, "change_id": 121416448578, "instrument_name": "BTC-17OCT25", "bids": [[115010.0, 12600.0], [115000.0, 10310.0], [114997.5, 34530.0], [114995.0, 880.0], [114992.5, 2940.0], [114990.0, 23650.0], [114987.5, 78530.0], [114985.0, 710.0], [114982.5, 10310.0], [114980.0, 34530.0], [114975.0, 930.0], [114972.5, 2940.0], [114970.0, 160.0], [114927.5, 880.0], [114925.0, 2960.0], [114862.5, 870.0], [114860.0, 2930.0], [114815.0, 700.0], [114812.5, 2340.0], [114810.0, 870.0]], "asks": [[115012.5, 54100.0], [115015.0, 160.0], [115017.5, 10310.0], [115020.0, 34530.0], [115022.5, 880.0], [115025.0, 2940.0], [115032.5, 10310.0], [115035.0, 62890.0], [115037.5, 95000.0], [115042.5, 13290.0], [115045.0, 44530.0], [115047.5, 12160.0], [115050.0, 41630.0], [115052.5, 2980.0], [115060.0, 220.0], [115062.5, 750.0], [115070.0, 5790.0], [115072.5, 19410.0], [115082.5, 890.0], [115085.0, 2980.0]]}}}
{"jsonrpc": "2.0", "method": "subscription", "params": {"channel": "book.BTC-24OCT25.none.20.100ms", "data": {"timestamp": 1760300558328, "change_id": 121416449002, "instrument_name": "BTC-24OCT25", "bids": [[115162.5, 2330.0], [115160.0, 10000.0], [115152.5, 10320.0], [115150.0, 35240.0], [115147.5, 2250.0], [115145.0, 21770.0], [115142.5, 78570.0], [115137.5, 10840.0], [115135.0, 36790.0], [115130.0, 160.0], [115120.0, 2190.0], [114982.5, 650.0], [114980.0, 2190.0], [114970.0, 670.0], [114967.5, 2250.0], [114910.0, 16550.0], [114907.5, 660.0], [114905.0, 2220.0], [114887.5, 11710.0], [114847.5, 2250.0]], "asks": [[115165.0, 2220.0], [115167.5, 7990.0], [115170.0, 3300.0], [115172.5, 3300.0], [115175.0, 22520.0], [115177.5, 78570.0], [115180.0, 1840.0], [115182.5, 3300.0], [115185.0, 15230.0], [115187.5, 47570.0], [115190.0, 5900.0], [115192.5, 15700.0], [115195.0, 26380.0], [115197.5, 78580.0], [115200.0, 50000.0], [115202.5, 2250.0], [115225.0, 670.0], [115227.5, 2250.0], [115282.5, 660.0], [115285.0, 2220.0]]}}}
{"jsonrpc": "2.0", "method": "subscription", "params": {"channel": "book.BTC-17OCT25.none.20.100ms", "data": {"timestamp": 1760300558162, "change_id": 121416448765, "instrument_name": "BTC-17OCT25", "bids": [[115010.0, 12600.0], [115000.0, 10310.0], [114997.5, 34530.0], [114995.0, 880.0], [114992.5, 2940.0], [114990.0, 23650.0], [114987.5, 78530.0], [114985.0, 710.0], [114982.5, 10310.0], [114980.0, 34530.0], [114975.0, 930.0], [114972.5, 2940.0], [114970.0, 160.0], [114927.5, 880.0], [114925.0, 2960.0], [114862.5, 870.0], [114860.0, 2930.0], [114815.0, 700.0], [114812.5, 2340.0], [114810.0, 870.0]], "asks": [[115012.5, 50000.0], [115015.0, 160.0], [115017.5, 10310.0], [115020.0, 34530.0], [115022.5, 880.0], [115025.0, 2940.0], [115032.5, 10310.0], [115035.0, 62890.0], [115037.5, 95000.0], [115042.5, 13290.0], [115045.0, 44530.0], [115047.5, 12160.0], [115050.0, 41630.0], [115052.5, 2980.0], [115060.0, 220.0], [115062.5, 750.0], [115070.0, 5790.0], [115072.5, 19410.0], [115082.5, 890.0], [115085.0, 2980.0]]}}}
{"jsonrpc": "2.0", "method": "subscription", "params": {"channel": "book.BTC-17OCT25.none.20.100ms", "data": {"timestamp": 1760300558515, "change_id": 121416449405, "instrument_name": "BTC-17OCT25", "bids": [[115010.0, 12600.0], [115000.0, 10310.0], [114997.5, 34530.0], [114995.0, 880.0], [114992.5, 2940.0], [114990.0, 23650.0], [114987.5, 78530.0], [114985.0, 710.0], [114982.5, 10470.0], [114980.0, 34530.0], [114975.0, 930.0], [114972.5, 2940.0], [114927.5, 880.0], [114925.0, 2960.0], [114862.5, 870.0], [114860.0, 2930.0], [114815.0, 700.0], [114812.5, 2340.0], [114810.0, 870.0], [114807.5, 2910.0]], "asks": [[115012.5, 50000.0], [115015.0, 160.0], [115017.5, 10310.0], [115020.0, 34530.0], [115022.5, 880.0], [115025.0, 2940.0], [115032.5, 10310.0], [115035.0, 62890.0], [115037.5, 95000.0], [115042.5, 13290.0], [115045.0, 44530.0], [115047.5, 12160.0], [115050.0, 41630.0], [115052.5, 2980.0], [115060.0, 220.0], [115062.5, 750.0], [115070.0, 5790.0], [115072.5, 19410.0], [115082.5, 890.0], [115085.0, 2980.0]]}}}
{"jsonrpc": "2.0", "method": "subscription", "params": {"channel": "book.BTC-24OCT25.none.20.100ms", "data": {"timestamp": 1760300558475, "change_id": 121416449362, "instrument_name": "BTC-24OCT25", "bids": [[115162.5, 2330.0], [115160.0, 10000.0], [115152.5, 10320.0], [115150.0, 35240.0], [115147.5, 2250.0], [115145.0, 21770.0], [115142.5, 78570.0], [115137.5, 10840.0], [115135.0, 36790.0], [115130.0, 160.0], [115120.0, 2190.0], [114982.5, 650.0], [114980.0, 2190.0], [114970.0, 670.0], [114967.5, 2250.0], [114910.0, 16550.0], [114907.5, 660.0], [114905.0, 2220.0], [114887.5, 11710.0], [114880.0, 2220.0]], "asks": [[115165.0, 2220.0], [115167.5, 5770.0], [115170.0, 3300.0], [115172.5, 3300.0], [115175.0, 22520.0], [115177.5, 80790.0], [115180.0, 1840.0], [115182.5, 3300.0], [115185.0, 15230.0], [115187.5, 47570.0], [115190.0, 33940.0], [115192.5, 107850.0], [115195.0, 26380.0], [115197.5, 78580.0], [115200.0, 50000.0], [115202.5, 2250.0], [115225.0, 670.0], [115227.5, 2250.0], [115282.5, 660.0], [115285.0, 2220.0]]}}}
{"jsonrpc": "2.0", "method": "subscription", "params": {"channel": "book.BTC-24OCT25.none.20.100ms", "data": {"timestamp": 1760300558798, "change_id": 121416449786, "instrument_name": "BTC-24OCT25", "bids": [[115160.0, 10000.0], [115152.5, 10320.0], [115150.0, 35240.0], [115147.5, 2250.0], [115145.0, 21770.0], [115142.5, 78570.0], [115137.5, 1180.0], [115135.0, 2220.0], [115130.0, 34730.0], [115122.5, 650.0], [115120.0, 2190.0], [114982.5, 650.0], [114980.0, 2190.0], [114970.0, 670.0], [114967.5, 2250.0], [114912.5, 4940.0], [114910.0, 16550.0], [114907.5, 660.0], [114905.0, 2220.0], [114887.5, 11710.0]], "asks": [[115162.5, 2220.0], [115165.0, 1970.0], [115167.5, 3300.0], [115170.0, 4330.0], [115172.5, 3300.0], [115175.0, 22520.0], [115177.5, 80790.0], [115180.0, 1840.0], [115182.5, 3300.0], [115185.0, 15230.0], [115187.5, 47570.0], [115190.0, 33940.0], [115192.5, 107850.0], [115195.0, 26380.0], [115197.5, 78580.0], [115200.0, 50670.0], [115202.5, 2250.0], [115225.0, 670.0], [115227.5, 2250.0], [115282.5, 660.0]]}}}
{"jsonrpc": "2.0", "method": "subscription", "params": {"channel": "book.BTC-17OCT25.none.20.100ms", "data": {"timestamp": 1760300559662, "change_id": 121416451180, "instrument_name": "BTC-17OCT25", "bids": [[115010.0, 12600.0], [115000.0, 10310.0], [114997.5, 34530.0], [114995.0, 880.0], [114992.5, 2940.0], [114990.0, 23650.0], [114987.5, 78530.0], [114985.0, 710.0], [114982.5, 10470.0], [114980.0, 34530.0], [114975.0, 930.0], [114972.5, 2940.0], [114927.5, 880.0], [114925.0, 2960.0], [114862.5, 870.0], [114860.0, 2930.0], [114815.0, 700.0], [114812.5, 2340.0], [114810.0, 870.0], [114807.5, 2910.0]], "asks": [[115012.5, 50000.0], [115015.0, 160.0], [115017.5, 10310.0], [115020.0, 34530.0], [115022.5, 880.0], [115025.0, 2940.0], [115032.5, 10310.0], [115035.0, 62890.0], [115037.5, 95000.0], [115042.5, 13290.0], [115045.0, 44530.0], [115050.0, 890.0], [115052.5, 2980.0], [115060.0, 220.0], [115062.5, 750.0], [115070.0, 5790.0], [115072.5, 19410.0], [115082.5, 890.0], [115085.0, 2980.0], [115090.0, 900.0]]}}}
{"jsonrpc": "2.0", "method": "subscription", "params": {"channel": "book.BTC-24OCT25.none.20.100ms", "data": {"timestamp": 1760300559631, "change_id": 121416451149, "instrument_name": "BTC-24OCT25", "bids": [[115160.0, 10000.0], [115152.5, 10320.0], [115150.0, 35240.0], [115147.5, 2250.0], [115145.0, 21770.0], [115142.5, 78570.0], [115137.5, 1180.0], [115135.0, 2220.0], [115130.0, 34730.0], [115122.5, 650.0], [115120.0, 2190.0], [114982.5, 650.0], [114980.0, 2190.0], [114970.0, 670.0], [114967.5, 2250.0], [114912.5, 4940.0], [114910.0, 16550.0], [114907.5, 660.0], [114905.0, 2220.0], [114887.5, 11710.0]], "asks": [[115162.5, 2220.0], [115165.0, 1970.0], [115167.5, 3300.0], [115170.0, 4330.0], [115172.5, 3300.0], [115175.0, 22520.0], [115177.5, 80790.0], [115180.0, 1840.0], [115182.5, 3300.0], [115185.0, 15230.0], [115187.5, 47570.0], [115190.0, 33940.0], [115192.5, 107850.0], [115195.0, 26380.0], [115197.5, 78580.0], [115200.0, 670.0], [115202.5, 52250.0], [115225.0, 670.0], [115227.5, 2250.0], [115282.5, 660.0]]}}}
{"jsonrpc": "2.0", "method": "subscription", "params": {"channel": "book.BTC-17OCT25.none.20.100ms", "data": {"timestamp": 1760300559874, "change_id": 121416451704, "instrument_name": "BTC-17OCT25", "bids": [[115010.0, 12600.0], [115000.0, 10310.0], [114997.5, 34530.0], [114995.0, 880.0], [114992.5, 2940.0], [114990.0, 23650.0], [114987.5, 78530.0], [114985.0, 710.0], [114982.5, 10470.0], [114980.0, 34530.0], [114975.0, 930.0], [114972.5, 2940.0], [114927.5, 880.0], [114925.0, 2960.0], [114862.5, 870.0], [114860.0, 2930.0], [114815.0, 700.0], [114812.5, 2340.0], [114810.0, 870.0], [114807.5, 2910.0]], "asks": [[115012.5, 6000.0], [115015.0, 160.0], [115017.5, 10310.0], [115020.0, 34530.0], [115022.5, 13900.0], [115025.0, 46940.0], [115032.5, 10310.0], [115035.0, 62890.0], [115037.5, 95000.0], [115042.5, 13290.0], [115045.0, 44530.0], [115050.0, 890.0], [115052.5, 2980.0], [115060.0, 220.0], [115062.5, 750.0], [115070.0, 5790.0], [115072.5, 19410.0], [115082.5, 890.0], [115085.0, 2980.0], [115090.0, 900.0]]}}}
{"jsonrpc": "2.0", "method": "subscription", "params": {"channel": "book.BTC-17OCT25.none.20.100ms", "data": {"timestamp": 1760300560118, "change_id": 121416451890, "instrument_name": "BTC-17OCT25", "bids": [[115010.0, 12600.0], [115000.0, 10310.0], [114997.5, 34530.0], [114995.0, 880.0], [114992.5, 2940.0], [114990.0, 23650.0], [114987.5, 78530.0], [114985.0, 710.0], [114982.5, 10470.0], [114980.0, 34530.0], [114975.0, 930.0], [114972.5, 2940.0], [114927.5, 880.0], [114925.0, 2960.0], [114862.5, 870.0], [114860.0, 2930.0], [114815.0, 700.0], [114812.5, 2340.0], [114810.0, 870.0], [114807.5, 2910.0]], "asks": [[115012.5, 10100.0], [115015.0, 160.0], [115017.5, 10310.0], [115020.0, 34530.0], [115022.5, 13900.0], [115025.0, 46940.0], [115032.5, 10310.0], [115035.0, 86730.0], [115037.5, 187020.0], [115042.5, 13290.0], [115045.0, 44530.0], [115050.0, 890.0], [115052.5, 2980.0], [115060.0, 220.0], [115062.5, 750.0], [115070.0, 5790.0], [115072.5, 19410.0], [115082.5, 890.0], [115085.0, 2980.0], [115090.0, 900.0]]}}}
{"jsonrpc": "2.0", "method": "subscription", "params": {"channel": "book.BTC-24OCT25.none.20.100ms", "data": {"timestamp": 1760300560153, "change_id": 121416451913, "instrument_name": "BTC-24OCT25", "bids": [[115160.0, 10000.0], [115152.5, 10320.0], [115150.0, 35240.0], [115147.5, 2250.0], [115145.0, 21770.0], [115142.5, 78570.0], [115137.5, 1180.0], [115135.0, 2220.0], [115132.5, 10350.0], [115130.0, 34730.0], [115122.5, 650.0], [115120.0, 2190.0], [114982.5, 650.0], [114980.0, 2190.0], [114970.0, 670.0], [114967.5, 2250.0], [114910.0, 16550.0], [114907.5, 660.0], [114905.0, 2220.0], [114887.5, 11710.0]], "asks": [[115162.5, 5520.0], [115165.0, 990.0], [115167.5, 3300.0], [115170.0, 1890.0], [115172.5, 3300.0], [115175.0, 25820.0], [115177.5, 80790.0], [115180.0, 1840.0], [115182.5, 3300.0], [115185.0, 15230.0], [115187.5, 47570.0], [115190.0, 33940.0], [115192.5, 107850.0], [115195.0, 26380.0], [115197.5, 78580.0], [115200.0, 15510.0], [115202.5, 52250.0], [115225.0, 670.0], [115227.5, 2250.0], [115282.5, 660.0]]}}}
{"jsonrpc": "2.0", "method": "subscription", "params": {"channel": "book.BTC-24OCT25.none.20.100ms", "data": {"timestamp": 1760300560364, "change_id": 121416452146, "instrument_name": "BTC-24OCT25", "bids": [[115160.0, 10000.0], [115152.5, 10320.0], [115150.0, 35240.0], [115147.5, 2250.0], [115145.0, 21770.0], [115142.5, 78570.0], [115137.5, 1180.0], [115135.0, 2220.0], [115132.5, 10350.0], [115130.0, 34730.0], [115122.5, 650.0], [115120.0, 2190.0], [114982.5, 650.0], [114980.0, 2190.0], [114970.0, 670.0], [114967.5, 2250.0], [114910.0, 16550.0], [114907.5, 660.0], [114905.0, 2220.0], [114887.5, 11710.0]], "asks": [[115162.5, 5520.0], [115165.0, 990.0], [115167.5, 3300.0], [115170.0, 1890.0], [115172.5, 3300.0], [115175.0, 25820.0], [115177.5, 80790.0], [115180.0, 1840.0], [115182.5, 3300.0], [115185.0, 15230.0], [115187.5, 47570.0], [115190.0, 33940.0], [115192.5, 107850.0], [115195.0, 26380.0], [115197.5, 78580.0], [115200.0, 15510.0], [115202.5, 52250.0], [115225.0, 670.0], [115227.5, 2250.0], [115282.5, 660.0]]}}}
{"jsonrpc": "2.0", "method": "subscription", "params": {"channel": "book.BTC-17OCT25.none.20.100ms", "data": {"timestamp": 1760300560589, "change_id": 121416452429, "instrument_name": "BTC-17OCT25", "bids": [[115010.0, 12600.0], [115000.0, 10310.0], [114997.5, 34530.0], [114995.0, 44880.0], [114992.5, 2940.0], [114990.0, 10520.0], [114987.5, 34530.0], [114985.0, 710.0], [114982.5, 10470.0], [114980.0, 34530.0], [114975.0, 930.0], [114972.5, 2940.0], [114927.5, 880.0], [114925.0, 2960.0], [114862.5, 870.0], [114860.0, 2930.0], [114815.0, 700.0], [114812.5, 2340.0], [114810.0, 870.0], [114807.5, 2910.0]], "asks": [[115012.5, 13040.0], [115015.0, 160.0], [115017.5, 10310.0], [115020.0, 34530.0], [115022.5, 13900.0], [115025.0, 46940.0], [115032.5, 10310.0], [115035.0, 86730.0], [115037.5, 187020.0], [115042.5, 13290.0], [115045.0, 44530.0], [115050.0, 890.0], [115052.5, 2980.0], [115060.0, 220.0], [115062.5, 750.0], [115070.0, 5790.0], [115072.5, 19410.0], [115082.5, 890.0], [115085.0, 2980.0], [115090.0, 900.0]]}}}
{"jsonrpc": "2.0", "method": "subscription", "params": {"channel": "book.BTC-24OCT25.none.20.100ms", "data": {"timestamp": 1760300561058, "change_id": 121416453236, "instrument_name": "BTC-24OCT25", "bids": [[115160.0, 10000.0], [115152.5, 10320.0], [115150.0, 35240.0], [115147.5, 2250.0], [115145.0, 21770.0], [115142.5, 78570.0], [115137.5, 1180.0], [115135.0, 2220.0], [115132.5, 10350.0], [115130.0, 34730.0], [115122.5, 650.0], [115120.0, 2190.0], [114982.5, 650.0], [114980.0, 2190.0], [114970.0, 670.0], [114967.5, 2250.0], [114910.0, 16550.0], [114907.5, 660.0], [114905.0, 2220.0], [114887.5, 11710.0]], "asks": [[115162.5, 5520.0], [115165.0, 990.0], [115167.5, 3300.0], [115170.0, 1890.0], [115172.5, 3300.0], [115175.0, 25820.0], [115177.5, 80790.0], [115180.0, 1840.0], [115182.5, 3300.0], [115185.0, 15230.0], [115187.5, 47570.0], [115190.0, 33940.0], [115192.5, 107850.0], [115195.0, 26380.0], [115197.5, 78580.0], [115200.0, 50670.0], [115202.5, 2250.0], [115225.0, 670.0], [115227.5, 2250.0], [115282.5, 660.0]]}}}
{"jsonrpc": "2.0", "method": "subscription", "params": {"channel": "book.BTC-17OCT25.none.20.100ms", "data": {"timestamp": 1760300561320, "change_id": 121416453389, "instrument_name": "BTC-17OCT25", "bids": [[115010.0, 12600.0], [115000.0, 10310.0], [114997.5, 34530.0], [114995.0, 44880.0], [114992.5, 2940.0], [114990.0, 10520.0], [114987.5, 34530.0], [114985.0, 710.0], [114982.5, 10470.0], [114980.0, 34530.0], [114975.0, 930.0], [114972.5, 2940.0], [114927.5, 880.0], [114925.0, 2960.0], [114862.5, 870.0], [114860.0, 2930.0], [114815.0, 700.0], [114812.5, 2340.0], [114810.0, 870.0], [114807.5, 2910.0]], "asks": [[115012.5, 10100.0], [115015.0, 4260.0], [115017.5, 10310.0], [115020.0, 34530.0], [115022.5, 13900.0], [115025.0, 46940.0], [115032.5, 10310.0], [115035.0, 86730.0], [115037.5, 187020.0], [115042.5, 13290.0], [115045.0, 44530.0], [115050.0, 890.0], [115052.5, 2980.0], [115060.0, 220.0], [115062.5, 750.0], [115070.0, 5790.0], [115072.5, 19410.0], [115082.5, 890.0], [115085.0, 2980.0], [115090.0, 900.0]]}}}
{"jsonrpc": "2.0", "method": "subscription", "params": {"channel": "book.BTC-17OCT25.none.20.100ms", "data": {"timestamp": 1760300561379, "change_id": 121416453610, "instrument_name": "BTC-17OCT25", "bids": [[115010.0, 12600.0], [115000.0, 22120.0], [114997.5, 34530.0], [114995.0, 44880.0], [114992.5, 2940.0], [114990.0, 10520.0], [114987.5, 34530.0], [114985.0, 710.0], [114982.5, 10470.0], [114980.0, 34530.0], [114975.0, 930.0], [114972.5, 2940.0], [114927.5, 880.0], [114925.0, 2960.0], [114862.5, 870.0], [114860.0, 2930.0], [114815.0, 700.0], [114812.5, 2340.0], [114810.0, 870.0], [114807.5, 2910.0]], "asks": [[115012.5, 6000.0], [115015.0, 160.0], [115017.5, 10310.0], [115020.0, 34530.0], [115022.5, 13900.0], [115025.0, 46940.0], [115032.5, 10310.0], [115035.0, 86730.0], [115037.5, 187020.0], [115042.5, 13290.0], [115045.0, 44530.0], [115050.0, 890.0], [115052.5, 2980.0], [115060.0, 220.0], [115062.5, 750.0], [115070.0, 5790.0], [115072.5, 19410.0], [115082.5, 890.0], [115085.0, 2980.0], [115090.0, 900.0]]}}}
{"jsonrpc": "2.0", "method": "subscription", "params": {"channel": "book.BTC-24OCT25.none.20.100ms", "data": {"timestamp": 1760300561544, "change_id": 121416453856, "instrument_name": "BTC-24OCT25", "bids": [[115160.0, 10000.0], [115152.5, 22130.0], [115150.0, 79240.0], [115147.5, 2250.0], [115145.0, 13130.0], [115142.5, 34570.0], [115137.5, 1180.0], [115135.0, 2220.0], [115132.5, 10350.0], [115130.0, 34730.0], [115122.5, 650.0], [115120.0, 2190.0], [114982.5, 650.0], [114980.0, 2190.0], [114970.0, 670.0], [114967.5, 2250.0], [114910.0, 16550.0], [114905.0, 2220.0], [114887.5, 11710.0], [114880.0, 2220.0]], "asks": [[115162.5, 5520.0], [115165.0, 990.0], [115167.5, 3300.0], [115170.0, 1890.0], [115172.5, 3300.0], [115175.0, 25820.0], [115177.5, 80790.0], [115185.0, 11930.0], [115187.5, 47570.0], [115190.0, 33940.0], [115192.5, 107850.0], [115195.0, 26380.0], [115197.5, 78580.0], [115200.0, 15510.0], [115202.5, 52250.0], [115225.0, 670.0], [115227.5, 2250.0], [115282.5, 660.0], [115285.0, 2220.0], [115295.0, 680.0]]}}}
{"jsonrpc": "2.0", "method": "subscription", "params": {"channel": "book.BTC-24OCT25.none.20.100ms", "data": {"timestamp": 1760300561943, "change_id": 121416454810, "instrument_name": "BTC-24OCT25", "bids": [[115160.0, 10000.0], [115152.5, 22130.0], [115150.0, 79240.0], [115147.5, 2250.0], [115145.0, 13130.0], [115142.5, 34570.0], [115137.5, 1180.0], [115135.0, 2220.0], [115132.5, 10350.0], [115130.0, 34730.0], [115122.5, 650.0], [115120.0, 2190.0], [114982.5, 650.0], [114980.0, 2190.0], [114970.0, 670.0], [114967.5, 2250.0], [114910.0, 16550.0], [114905.0, 2220.0], [114887.5, 11710.0], [114880.0, 2220.0]], "asks": [[115162.5, 3300.0], [115165.0, 990.0], [115167.5, 3300.0], [115170.0, 1890.0], [115172.5, 3300.0], [115175.0, 25820.0], [115177.5, 80790.0], [115185.0, 11930.0], [115187.5, 47570.0], [115190.0, 33940.0], [115192.5, 107850.0], [115195.0, 26380.0], [115197.5, 78580.0], [115200.0, 15510.0], [115202.5, 52250.0], [115225.0, 670.0], [115227.5, 2250.0], [115282.5, 660.0], [115285.0, 2220.0], [115295.0, 680.0]]}}}
{"jsonrpc": "2.0", "method": "subscription", "params": {"channel": "book.BTC-17OCT25.none.20.100ms", "data": {"timestamp": 1760300561943, "change_id": 121416454811, "instrument_name": "BTC-17OCT25", "bids": [[115010.0, 12600.0], [115000.0, 22120.0], [114997.5, 34530.0], [114995.0, 44880.0], [114992.5, 2940.0], [114990.0, 10520.0], [114987.5, 34530.0], [114985.0, 710.0], [114982.5, 10470.0], [114980.0, 34530.0], [114975.0, 930.0], [114972.5, 2940.0], [114927.5, 880.0], [114925.0, 2960.0], [114862.5, 870.0], [114860.0, 2930.0], [114815.0, 700.0], [114812.5, 2340.0], [114810.0, 870.0], [114807.5, 2910.0]], "asks": [[115012.5, 6000.0], [115015.0, 160.0], [115017.5, 10310.0], [115020.0, 34530.0], [115022.5, 13900.0], [115025.0, 46940.0], [115032.5, 10310.0], [115035.0, 86730.0], [115037.5, 187020.0], [115042.5, 13290.0], [115045.0, 44530.0], [115050.0, 890.0], [115052.5, 2980.0], [115060.0, 220.0], [115062.5, 750.0], [115070.0, 5790.0], [115072.5, 19410.0], [115082.5, 890.0], [115085.0, 2980.0], [115090.0, 900.0]]}}}
{"jsonrpc": "2.0", "method": "subscription", "params": {"channel": "book.BTC-24OCT25.none.20.100ms", "data": {"timestamp": 1760300562202, "change_id": 121416455020, "instrument_name": "BTC-24OCT25", "bids": [[115160.0, 10000.0], [115152.5, 22130.0], [115150.0, 79240.0], [115147.5, 2250.0], [115145.0, 13130.0], [115142.5, 34570.0], [115137.5, 1180.0], [115135.0, 2220.0], [115132.5, 10350.0], [115130.0, 34730.0], [115122.5, 650.0], [115120.0, 2190.0], [114982.5, 650.0], [114980.0, 2190.0], [114970.0, 670.0], [114967.5, 2250.0], [114910.0, 16550.0], [114905.0, 2220.0], [114887.5, 11710.0], [114880.0, 2220.0]], "asks": [[115162.5, 5520.0], [115165.0, 990.0], [115167.5, 3300.0], [115170.0, 1890.0], [115172.5, 3300.0], [115175.0, 25820.0], [115177.5, 80790.0], [115185.0, 11930.0], [115187.5, 47570.0], [115190.0, 33940.0], [115192.5, 107850.0], [115195.0, 26380.0], [115197.5, 78580.0], [115200.0, 670.0], [115202.5, 52250.0], [115225.0, 670.0], [115227.5, 2250.0], [115282.5, 660.0], [115285.0, 2220.0], [115295.0, 680.0]]}}}
{"jsonrpc": "2.0", "method": "subscription", "params": {"channel": "book.BTC-17OCT25.none.20.100ms", "data": {"timestamp": 1760300562095, "change_id": 121416454957, "instrument_name": "BTC-17OCT25", "bids": [[115010.0, 12600.0], [115000.0, 22120.0], [114997.5, 34530.0], [114995.0, 44880.0], [114992.5, 2940.0], [114990.0, 10520.0], [114987.5, 34530.0], [114985.0, 710.0], [114982.5, 10470.0], [114980.0, 34530.0], [114975.0, 930.0], [114972.5, 2940.0], [114927.5, 880.0], [114925.0, 2960.0], [114862.5, 870.0], [114860.0, 2930.0], [114815.0, 700.0], [114812.5, 2340.0], [114810.0, 870.0], [114807.5, 2910.0]], "asks": [[115012.5, 10100.0], [115015.0, 160.0], [115017.5, 10310.0], [115020.0, 34530.0], [115022.5, 13900.0], [115025.0, 46940.0], [115032.5, 10310.0], [115035.0, 86730.0], [115037.5, 187020.0], [115042.5, 13290.0], [115045.0, 44530.0], [115050.0, 890.0], [115052.5, 2980.0], [115060.0, 220.0], [115062.5, 750.0], [115070.0, 5790.0], [115072.5, 19410.0], [115082.5, 890.0], [115085.0, 2980.0], [115090.0, 900.0]]}}}
{"jsonrpc": "2.0", "method": "subscription", "params": {"channel": "book.BTC-24OCT25.none.20.100ms", "data": {"timestamp": 1760300562978, "change_id": 121416456329, "instrument_name": "BTC-24OCT25", "bids": [[115160.0, 10000.0], [115152.5, 22130.0], [115150.0, 79240.0], [115147.5, 2250.0], [115145.0, 13130.0], [115142.5, 34570.0], [115137.5, 1180.0], [115135.0, 2220.0], [115132.5, 10350.0], [115130.0, 34730.0], [115122.5, 650.0], [115120.0, 2190.0], [114982.5, 650.0], [114980.0, 2190.0], [114970.0, 670.0], [114967.5, 2250.0], [114910.0, 16550.0], [114905.0, 2220.0], [114887.5, 11710.0], [114880.0, 2220.0]], "asks": [[115162.5, 3300.0], [115165.0, 990.0], [115167.5, 3300.0], [115170.0, 1890.0], [115172.5, 3300.0], [115175.0, 25820.0], [115177.5, 80790.0], [115185.0, 11930.0], [115187.5, 47570.0], [115190.0, 33940.0], [115192.5, 107850.0], [115195.0, 26380.0], [115197.5, 78580.0], [115200.0, 15510.0], [115202.5, 52250.0], [115225.0, 670.0], [115227.5, 2250.0], [115282.5, 660.0], [115285.0, 2220.0], [115295.0, 680.0]]}}}
{"jsonrpc": "2.0", "method": "subscription", "params": {"channel": "book.BTC-17OCT25.none.20.100ms", "data": {"timestamp": 1760300563089, "change_id": 121416456463, "instrument_name": "BTC-17OCT25", "bids": [[115010.0, 12600.0], [115005.0, 13130.0], [115002.5, 44000.0], [115000.0, 10310.0], [114997.5, 34530.0], [114995.0, 880.0], [114992.5, 2940.0], [114990.0, 10520.0], [114987.5, 34530.0], [114985.0, 710.0], [114982.5, 10470.0], [114980.0, 34530.0], [114975.0, 930.0], [114972.5, 2940.0], [114927.5, 880.0], [114925.0, 2960.0], [114862.5, 870.0], [114860.0, 2930.0], [114815.0, 700.0], [114812.5, 2340.0]], "asks": [[115012.5, 6000.0], [115015.0, 160.0], [115017.5, 10310.0], [115020.0, 34530.0], [115022.5, 13900.0], [115025.0, 46940.0], [115032.5, 10310.0], [115035.0, 86730.0], [115037.5, 187020.0], [115042.5, 13290.0], [115045.0, 44530.0], [115050.0, 890.0], [115052.5, 2980.0], [115060.0, 220.0], [115062.5, 750.0], [115070.0, 5790.0], [115072.5, 19410.0], [115082.5, 890.0], [115085.0, 2980.0], [115090.0, 900.0]]}}}
{"jsonrpc": "2.0", "method": "subscription", "params": {"channel": "book.BTC-24OCT25.none.20.100ms", "data": {"timestamp": 1760300563168, "change_id": 121416456510, "instrument_name": "BTC-24OCT25", "bids": [[115160.0, 10000.0], [115152.5, 22130.0], [115150.0, 79240.0], [115147.5, 2250.0], [115145.0, 13130.0], [115142.5, 34730.0], [115137.5, 1180.0], [115135.0, 2220.0], [115132.5, 10350.0], [115130.0, 34570.0], [115122.5, 650.0], [115120.0, 2190.0], [114982.5, 650.0], [114980.0, 2190.0], [114970.0, 670.0], [114967.5, 2250.0], [114910.0, 16550.0], [114905.0, 2220.0], [114887.5, 11710.0], [114880.0, 2220.0]], "asks": [[115162.5, 3300.0], [115165.0, 990.0], [115167.5, 3300.0], [115170.0, 1890.0], [115172.5, 3300.0], [115175.0, 25820.0], [115177.5, 80790.0], [115185.0, 11930.0], [115187.5, 47570.0], [115190.0, 33940.0], [115192.5, 107850.0], [115195.0, 26380.0], [115197.5, 78580.0], [115200.0, 15510.0], [115202.5, 52250.0], [115225.0, 670.0], [115227.5, 2250.0], [115282.5, 660.0], [115285.0, 2220.0], [115295.0, 680.0]]}}}
{"jsonrpc": "2.0", "method": "subscription", "params": {"channel": "book.BTC-17OCT25.none.20.100ms", "data": {"timestamp": 1760300563637, "change_id": 121416457330, "instrument_name": "BTC-17OCT25", "bids": [[115010.0, 15540.0], [115005.0, 13130.0], [115002.5, 44000.0], [115000.0, 10310.0], [114997.5, 34530.0], [114995.0, 880.0], [114992.5, 2940.0], [114990.0, 10520.0], [114987.5, 34530.0], [114985.0, 710.0], [114982.5, 10470.0], [114980.0, 34530.0], [114975.0, 930.0], [114972.5, 2940.0], [114927.5, 880.0], [114925.0, 2960.0], [114862.5, 870.0], [114860.0, 2930.0], [114815.0, 700.0], [114812.5, 2340.0]], "asks": [[115012.5, 6000.0], [115015.0, 160.0], [115032.5, 10310.0], [115035.0, 86730.0], [115037.5, 231020.0], [115042.5, 13290.0], [115045.0, 34530.0], [115050.0, 3760.0], [115052.5, 2980.0], [115055.0, 10000.0], [115060.0, 220.0], [115062.5, 750.0], [115070.0, 5790.0], [115072.5, 19410.0], [115082.5, 890.0], [115085.0, 2980.0], [115090.0, 900.0], [115092.5, 3000.0], [115095.0, 860.0], [115097.5, 2880.0]]}}}
{"jsonrpc": "2.0", "method": "subscription", "params": {"channel": "book.BTC-24OCT25.none.20.100ms", "data": {"timestamp": 1760300563648, "change_id": 121416457360, "instrument_name": "BTC-24OCT25", "bids": [[115165.0, 4550.0], [115162.5, 3650.0], [115160.0, 54000.0], [115152.5, 10320.0], [115150.0, 35240.0], [115147.5, 2250.0], [115145.0, 13130.0], [115142.5, 34730.0], [115137.5, 1180.0], [115135.0, 2220.0], [115132.5, 3340.0], [115130.0, 34570.0], [115122.5, 650.0], [115120.0, 2190.0], [114982.5, 650.0], [114980.0, 2190.0], [114970.0, 670.0], [114967.5, 2250.0], [114930.0, 2220.0], [114927.5, 19090.0]], "asks": [[115167.5, 3300.0], [115170.0, 1890.0], [115172.5, 3300.0], [115175.0, 14440.0], [115177.5, 36790.0], [115185.0, 11930.0], [115187.5, 37570.0], [115190.0, 33940.0], [115192.5, 151850.0], [115195.0, 26380.0], [115197.5, 78580.0], [115200.0, 25510.0], [115202.5, 52250.0], [115225.0, 670.0], [115227.5, 2250.0], [115282.5, 660.0], [115285.0, 2220.0], [115295.0, 680.0], [115297.5, 2270.0], [115317.5, 1940.0]]}}}
{"jsonrpc": "2.0", "method": "subscription", "params": {"channel": "book.BTC-24OCT25.none.20.100ms", "data": {"timestamp": 1760300563927, "change_id": 121416458475, "instrument_name": "BTC-24OCT25", "bids": [[115165.0, 2330.0], [115162.5, 15650.0], [115160.0, 54000.0], [115152.5, 10320.0], [115150.0, 35240.0], [115147.5, 2250.0], [115145.0, 13130.0], [115142.5, 35250.0], [115137.5, 660.0], [115135.0, 2220.0], [115132.5, 3340.0], [115130.0, 34570.0], [115122.5, 650.0], [115120.0, 2190.0], [114982.5, 650.0], [114980.0, 2190.0], [114970.0, 670.0], [114967.5, 2250.0], [114930.0, 2220.0], [114927.5, 19090.0]], "asks": [[115167.5, 3300.0], [115170.0, 1840.0], [115172.5, 3300.0], [115175.0, 13620.0], [115177.5, 34570.0], [115185.0, 11930.0], [115187.5, 37570.0], [115190.0, 34100.0], [115192.5, 151850.0], [115195.0, 26380.0], [115197.5, 78580.0], [115200.0, 15510.0], [115202.5, 52250.0], [115205.0, 10000.0], [115225.0, 670.0], [115227.5, 2250.0], [115282.5, 660.0], [115285.0, 2220.0], [115295.0, 680.0], [115297.5, 2270.0]]}}}
{"jsonrpc": "2.0", "method": "subscription", "params": {"channel": "book.BTC-17OCT25.none.20.100ms", "data": {"timestamp": 1760300563928, "change_id": 121416458477, "instrument_name": "BTC-17OCT25", "bids": [[115022.5, 12600.0], [115012.5, 34530.0], [115010.0, 2940.0], [115002.5, 44000.0], [115000.0, 710.0], [114997.5, 34530.0], [114995.0, 160.0], [114992.5, 2940.0], [114987.5, 34530.0], [114925.0, 2960.0], [114860.0, 2930.0], [114812.5, 2340.0], [114807.5, 2910.0], [114797.5, 34780.0], [114795.0, 47580.0], [114792.5, 16120.0], [114782.5, 2860.0], [114770.0, 28370.0], [114745.0, 52050.0], [114710.0, 37480.0]], "asks": [[115025.0, 4100.0], [115027.5, 4100.0], [115030.0, 4100.0], [115032.5, 6160.0], [115035.0, 3700.0], [115037.5, 81510.0], [115045.0, 34530.0], [115052.5, 2980.0], [115055.0, 34530.0], [115060.0, 10000.0], [115062.5, 750.0], [115072.5, 19410.0], [115085.0, 2980.0], [115092.5, 3000.0], [115097.5, 2880.0], [115110.0, 2960.0], [115157.5, 24770.0], [115210.0, 2980.0], [115240.0, 41890.0], [115247.5, 2940.0]]}}}
{"jsonrpc": "2.0", "method": "subscription", "params": {"channel": "book.BTC-24OCT25.none.20.100ms", "data": {"timestamp": 1760300564202, "change_id": 121416458844, "instrument_name": "BTC-24OCT25", "bids": [[115165.0, 2330.0], [115162.5, 15650.0], [115160.0, 54000.0], [115152.5, 10320.0], [115150.0, 35240.0], [115147.5, 2250.0], [115145.0, 13130.0], [115142.5, 35250.0], [115137.5, 660.0], [115135.0, 2220.0], [115132.5, 3340.0], [115130.0, 34570.0], [115122.5, 650.0], [115120.0, 2190.0], [114982.5, 650.0], [114980.0, 2190.0], [114970.0, 670.0], [114967.5, 2250.0], [114930.0, 2220.0], [114927.5, 19090.0]], "asks": [[115167.5, 3300.0], [115170.0, 1840.0], [115172.5, 3300.0], [115175.0, 13620.0], [115177.5, 34570.0], [115180.0, 1840.0], [115182.5, 3300.0], [115185.0, 15230.0], [115187.5, 37570.0], [115190.0, 34100.0], [115192.5, 151850.0], [115195.0, 26380.0], [115197.5, 78580.0], [115200.0, 15510.0], [115202.5, 52250.0], [115205.0, 10000.0], [115225.0, 670.0], [115227.5, 2250.0], [115282.5, 660.0], [115285.0, 2220.0]]}}}
{"jsonrpc": "2.0", "method": "subscription", "params": {"channel": "book.BTC-17OCT25.none.20.100ms", "data": {"timestamp": 1760300564292, "change_id": 121416458901, "instrument_name": "BTC-17OCT25", "bids": [[115022.5, 12600.0], [115012.5, 34530.0], [115010.0, 2940.0], [115005.0, 13350.0], [115002.5, 44000.0], [115000.0, 11060.0], [114997.5, 34530.0], [114995.0, 160.0], [114992.5, 2940.0], [114987.5, 34530.0], [114925.0, 2960.0], [114860.0, 2930.0], [114812.5, 2340.0], [114807.5, 2910.0], [114797.5, 34780.0], [114795.0, 47580.0], [114792.5, 16120.0], [114782.5, 2860.0], [114770.0, 28370.0], [114745.0, 52050.0]], "asks": [[115025.0, 11850.0], [115027.5, 8270.0], [115030.0, 4100.0], [115032.5, 6160.0], [115035.0, 28030.0], [115037.5, 81510.0], [115042.5, 10310.0], [115045.0, 34530.0], [115052.5, 13290.0], [115055.0, 34530.0], [115060.0, 10000.0], [115062.5, 750.0], [115072.5, 19410.0], [115085.0, 2980.0], [115092.5, 3000.0], [115097.5, 2880.0], [115110.0, 2960.0], [115157.5, 24770.0], [115210.0, 2980.0], [115240.0, 41890.0]]}}}
{"jsonrpc": "2.0", "method": "subscription", "params": {"channel": "book.BTC-24OCT25.none.20.100ms", "data": {"timestamp": 1760300564473, "change_id": 121416459220, "instrument_name": "BTC-24OCT25", "bids": [[115165.0, 2330.0], [115162.5, 15650.0], [115160.0, 54000.0], [115152.5, 10320.0], [115150.0, 35240.0], [115147.5, 2250.0], [115145.0, 13130.0], [115142.5, 35250.0], [115137.5, 660.0], [115135.0, 2220.0], [115132.5, 3340.0], [115130.0, 34570.0], [115122.5, 650.0], [115120.0, 2190.0], [114982.5, 650.0], [114980.0, 2190.0], [114970.0, 670.0], [114967.5, 2250.0], [114930.0, 2220.0], [114927.5, 19090.0]], "asks": [[115167.5, 3300.0], [115170.0, 1840.0], [115172.5, 3300.0], [115175.0, 13620.0], [115177.5, 34570.0], [115180.0, 1840.0], [115182.5, 3300.0], [115185.0, 15230.0], [115187.5, 37570.0], [115190.0, 34100.0], [115192.5, 151850.0], [115195.0, 26380.0], [115197.5, 88580.0], [115200.0, 15510.0], [115202.5, 52250.0], [115225.0, 670.0], [115227.5, 2250.0], [115282.5, 660.0], [115285.0, 2220.0], [115295.0, 680.0]]}}}
{"jsonrpc": "2.0", "method": "subscription", "params": {"channel": "book.BTC-17OCT25.none.20.100ms", "data": {"timestamp": 1760300564628, "change_id": 121416459563, "instrument_name": "BTC-17OCT25", "bids": [[115022.5, 12600.0], [115012.5, 34530.0], [115010.0, 2940.0], [115005.0, 13350.0], [115002.5, 44000.0], [115000.0, 11060.0], [114997.5, 34530.0], [114995.0, 160.0], [114992.5, 2940.0], [114987.5, 34530.0], [114925.0, 2960.0], [114860.0, 2930.0], [114812.5, 2340.0], [114807.5, 2910.0], [114797.5, 34780.0], [114795.0, 47580.0], [114792.5, 16120.0], [114782.5, 2860.0], [114770.0, 28370.0], [114745.0, 52050.0]], "asks": [[115025.0, 11850.0], [115027.5, 8270.0], [115030.0, 4100.0], [115032.5, 6160.0], [115035.0, 28030.0], [115037.5, 81510.0], [115042.5, 10310.0], [115045.0, 34530.0], [115052.5, 23290.0], [115055.0, 34530.0], [115062.5, 750.0], [115072.5, 19410.0], [115085.0, 2980.0], [115092.5, 3000.0], [115097.5, 2880.0], [115110.0, 2960.0], [115157.5, 24770.0], [115210.0, 2980.0], [115240.0, 41890.0], [115247.5, 2940.0]]}}}
{"jsonrpc": "2.0", "method": "subscription", "params": {"channel": "book.BTC-24OCT25.none.20.100ms", "data": {"timestamp": 1760300564686, "change_id": 121416459617, "instrument_name": "BTC-24OCT25", "bids": [[115162.5, 15650.0], [115160.0, 54000.0], [115152.5, 10320.0], [115150.0, 35240.0], [115147.5, 2250.0], [115145.0, 13130.0], [115142.5, 35250.0], [115137.5, 660.0], [115135.0, 2220.0], [115132.5, 3340.0], [115130.0, 34570.0], [115122.5, 650.0], [115120.0, 2190.0], [114982.5, 650.0], [114980.0, 2190.0], [114970.0, 670.0], [114967.5, 2250.0], [114930.0, 2220.0], [114927.5, 19090.0], [114917.5, 2220.0]], "asks": [[115167.5, 5520.0], [115170.0, 1840.0], [115172.5, 3300.0], [115175.0, 13620.0], [115177.5, 34570.0], [115180.0, 14870.0], [115182.5, 3300.0], [115185.0, 59230.0], [115187.5, 37570.0], [115190.0, 34100.0], [115192.5, 107850.0], [115195.0, 26380.0], [115197.5, 88580.0], [115200.0, 15510.0], [115202.5, 52250.0], [115225.0, 670.0], [115227.5, 2250.0], [115282.5, 660.0], [115285.0, 2220.0], [115295.0, 680.0]]}}}
{"jsonrpc": "2.0", "method": "subscription", "params": {"channel": "book.BTC-17OCT25.none.20.100ms", "data": {"timestamp": 1760300564795, "change_id": 121416459691, "instrument_name": "BTC-17OCT25", "bids": [[115022.5, 12600.0], [115012.5, 34530.0], [115010.0, 2940.0], [115005.0, 13350.0], [115002.5, 44000.0], [115000.0, 11060.0], [114997.5, 34530.0], [114995.0, 160.0], [114992.5, 2940.0], [114987.5, 34530.0], [114925.0, 2960.0], [114860.0, 2930.0], [114812.5, 2340.0], [114807.5, 2910.0], [114797.5, 34780.0], [114795.0, 47580.0], [114792.5, 16120.0], [114782.5, 2860.0], [114770.0, 28370.0], [114745.0, 52050.0]], "asks": [[115025.0, 11850.0], [115027.5, 8270.0], [115030.0, 4100.0], [115032.5, 6160.0], [115035.0, 28030.0], [115037.5, 81510.0], [115042.5, 10310.0], [115045.0, 82900.0], [115047.5, 80260.0], [115050.0, 92030.0], [115052.5, 23290.0], [115055.0, 34530.0], [115062.5, 750.0], [115072.5, 19410.0], [115085.0, 2980.0], [115092.5, 3000.0], [115097.5, 2880.0], [115110.0, 2960.0], [115157.5, 24770.0], [115210.0, 2980.0]]}}}
{"jsonrpc": "2.0", "method": "subscription", "params": {"channel": "book.BTC-24OCT25.none.20.100ms", "data": {"timestamp": 1760300565095, "change_id": 121416460337, "instrument_name": "BTC-24OCT25", "bids": [[115165.0, 2330.0], [115162.5, 15650.0], [115160.0, 54000.0], [115152.5, 10320.0], [115150.0, 35240.0], [115147.5, 2250.0], [115145.0, 13130.0], [115142.5, 35250.0], [115137.5, 660.0], [115135.0, 2220.0], [115132.5, 3340.0], [115130.0, 34570.0], [115122.5, 650.0], [115120.0, 2190.0], [114982.5, 650.0], [114980.0, 2190.0], [114970.0, 670.0], [114967.5, 2250.0], [114930.0, 2220.0], [114927.5, 19090.0]], "asks": [[115167.5, 3300.0], [115170.0, 1840.0], [115172.5, 3300.0], [115175.0, 13620.0], [115177.5, 37870.0], [115180.0, 14870.0], [115182.5, 3300.0], [115185.0, 59230.0], [115187.5, 37570.0], [115190.0, 34100.0], [115192.5, 107850.0], [115195.0, 26380.0], [115197.5, 88580.0], [115200.0, 15510.0], [115202.5, 52250.0], [115225.0, 670.0], [115227.5, 2250.0], [115282.5, 660.0], [115285.0, 2220.0], [115295.0, 680.0]]}}}
{"jsonrpc": "2.0", "method": "subscription", "params": {"channel": "book.BTC-17OCT25.none.20.100ms", "data": {"timestamp": 1760300565067, "change_id": 121416460328, "instrument_name": "BTC-17OCT25", "bids": [[115022.5, 12600.0], [115012.5, 34530.0], [115010.0, 2940.0], [115005.0, 13350.0], [115002.5, 44000.0], [115000.0, 11060.0], [114997.5, 34530.0], [114995.0, 160.0], [114992.5, 2940.0], [114990.0, 10310.0], [114987.5, 34530.0], [114927.5, 880.0], [114925.0, 2960.0], [114862.5, 870.0], [114860.0, 2930.0], [114812.5, 2340.0], [114807.5, 2910.0], [114800.0, 24580.0], [114797.5, 34780.0], [114795.0, 47580.0]], "asks": [[115025.0, 11850.0], [115027.5, 4170.0], [115030.0, 4100.0], [115032.5, 6160.0], [115035.0, 28030.0], [115037.5, 81510.0], [115042.5, 10310.0], [115045.0, 82900.0], [115047.5, 80260.0], [115050.0, 92030.0], [115052.5, 23290.0], [115055.0, 34530.0], [115062.5, 750.0], [115070.0, 5790.0], [115072.5, 19410.0], [115085.0, 2980.0], [115092.5, 3000.0], [115097.5, 2880.0], [115107.5, 880.0], [115110.0, 2960.0]]}}}
{"jsonrpc": "2.0", "method": "subscription", "params": {"channel": "book.BTC-24OCT25.none.20.100ms", "data": {"timestamp": 1760300565772, "change_id": 121416460944, "instrument_name": "BTC-24OCT25", "bids": [[115165.0, 2330.0], [115162.5, 15650.0], [115160.0, 54000.0], [115152.5, 10320.0], [115150.0, 35240.0], [115147.5, 2250.0], [115145.0, 13130.0], [115142.5, 35250.0], [115137.5, 660.0], [115135.0, 2220.0], [115132.5, 3340.0], [115130.0, 34570.0], [115122.5, 650.0], [115120.0, 2190.0], [114982.5, 650.0], [114980.0, 2190.0], [114930.0, 2220.0], [114927.5, 19090.0], [114917.5, 2220.0], [114910.0, 16550.0]], "asks": [[115167.5, 5580.0], [115170.0, 1840.0], [115172.5, 3300.0], [115175.0, 13620.0], [115177.5, 37870.0], [115180.0, 14870.0], [115182.5, 3300.0], [115185.0, 59230.0], [115187.5, 37570.0], [115190.0, 34100.0], [115192.5, 107850.0], [115195.0, 26380.0], [115197.5, 88580.0], [115200.0, 15510.0], [115202.5, 52250.0], [115225.0, 670.0], [115227.5, 2250.0], [115282.5, 660.0], [115285.0, 2220.0], [115295.0, 680.0]]}}}
{"jsonrpc": "2.0", "method": "subscription", "params": {"channel": "book.BTC-24OCT25.none.20.100ms", "data": {"timestamp": 1760300566291, "change_id": 121416462135, "instrument_name": "BTC-24OCT25", "bids": [[115160.0, 10000.0], [115145.0, 57130.0], [115142.5, 35250.0], [115137.5, 660.0], [115135.0, 2220.0], [115132.5, 9890.0], [115130.0, 34570.0], [115122.5, 650.0], [115120.0, 2190.0], [114982.5, 650.0], [114980.0, 2190.0], [114930.0, 7920.0], [114927.5, 19090.0], [114917.5, 2220.0], [114910.0, 16550.0], [114905.0, 2220.0], [114890.0, 2100.0], [114887.5, 11710.0], [114880.0, 2220.0], [114875.0, 6110.0]], "asks": [[115162.5, 5580.0], [115165.0, 4290.0], [115167.5, 3300.0], [115170.0, 14870.0], [115172.5, 3300.0], [115175.0, 59900.0], [115177.5, 38030.0], [115180.0, 1970.0], [115182.5, 3300.0], [115185.0, 15230.0], [115187.5, 37570.0], [115190.0, 43940.0], [115192.5, 107850.0], [115195.0, 26380.0], [115197.5, 78580.0], [115200.0, 15510.0], [115202.5, 52250.0], [115225.0, 670.0], [115227.5, 2250.0], [115282.5, 660.0]]}}}
{"jsonrpc": "2.0", "method": "subscription", "params": {"channel": "book.BTC-17OCT25.none.20.100ms", "data": {"timestamp": 1760300566274, "change_id": 121416462111, "instrument_name": "BTC-17OCT25", "bids": [[115012.5, 10000.0], [115002.5, 44000.0], [115000.0, 10350.0], [114997.5, 34530.0], [114995.0, 880.0], [114992.5, 2940.0], [114990.0, 11020.0], [114987.5, 34530.0], [114982.5, 34530.0], [114977.5, 160.0], [114927.5, 880.0], [114925.0, 2960.0], [114862.5, 870.0], [114860.0, 2930.0], [114812.5, 2340.0], [114807.5, 2910.0], [114800.0, 24580.0], [114797.5, 34780.0], [114795.0, 47580.0], [114792.5, 16120.0]], "asks": [[115015.0, 2940.0], [115020.0, 26260.0], [115022.5, 44000.0], [115025.0, 43440.0], [115027.5, 1220.0], [115030.0, 7040.0], [115032.5, 6000.0], [115035.0, 14900.0], [115037.5, 37510.0], [115042.5, 10310.0], [115045.0, 92900.0], [115047.5, 80260.0], [115050.0, 92030.0], [115052.5, 2980.0], [115060.0, 220.0], [115062.5, 750.0], [115070.0, 5790.0], [115072.5, 19410.0], [115085.0, 2980.0], [115090.0, 900.0]]}}}
{"jsonrpc": "2.0", "method": "subscription", "params": {"channel": "book.BTC-24OCT25.none.20.100ms", "data": {"timestamp": 1760300566347, "change_id": 121416462210, "instrument_name": "BTC-24OCT25", "bids": [[115160.0, 10000.0], [115147.5, 2280.0], [115145.0, 44000.0], [115142.5, 10840.0], [115140.0, 34570.0], [115137.5, 660.0], [115135.0, 2220.0], [115132.5, 9890.0], [115130.0, 34570.0], [115127.5, 160.0], [115122.5, 650.0], [115120.0, 2190.0], [114982.5, 650.0], [114980.0, 2190.0], [114930.0, 7920.0], [114927.5, 19090.0], [114917.5, 2220.0], [114910.0, 16550.0], [114905.0, 2220.0], [114890.0, 2100.0]], "asks": [[115162.5, 5580.0], [115165.0, 4290.0], [115167.5, 3300.0], [115170.0, 14870.0], [115172.5, 3300.0], [115175.0, 59900.0], [115177.5, 38030.0], [115180.0, 1970.0], [115182.5, 3300.0], [115185.0, 15230.0], [115187.5, 37570.0], [115190.0, 43940.0], [115192.5, 107850.0], [115195.0, 26380.0], [115197.5, 78580.0], [115200.0, 15510.0], [115202.5, 52250.0], [115225.0, 670.0], [115227.5, 2250.0], [115282.5, 660.0]]}}}
{"jsonrpc": "2.0", "method": "subscription", "params": {"channel": "book.BTC-17OCT25.none.20.100ms", "data": {"timestamp": 1760300566588, "change_id": 121416462693, "instrument_name": "BTC-17OCT25", "bids": [[115012.5, 10000.0], [115002.5, 44000.0], [115000.0, 10350.0], [114997.5, 34530.0], [114995.0, 880.0], [114992.5, 2940.0], [114990.0, 11020.0], [114987.5, 34530.0], [114982.5, 34530.0], [114977.5, 160.0], [114927.5, 880.0], [114925.0, 2960.0], [114862.5, 870.0], [114860.0, 2930.0], [114812.5, 2340.0], [114807.5, 2910.0], [114800.0, 24580.0], [114797.5, 34780.0], [114795.0, 47580.0], [114792.5, 16120.0]], "asks": [[115015.0, 2940.0], [115020.0, 26260.0], [115022.5, 44000.0], [115025.0, 38630.0], [115027.5, 1220.0], [115030.0, 7040.0], [115032.5, 6000.0], [115035.0, 14900.0], [115037.5, 37510.0], [115042.5, 10310.0], [115045.0, 92900.0], [115047.5, 80260.0], [115050.0, 92030.0], [115052.5, 2980.0], [115060.0, 220.0], [115062.5, 750.0], [115070.0, 5790.0], [115072.5, 19410.0], [115085.0, 2980.0], [115090.0, 900.0]]}}}
{"jsonrpc": "2.0", "method": "subscription", "params": {"channel": "book.BTC-24OCT25.none.20.100ms", "data": {"timestamp": 1760300566855, "change_id": 121416463559, "instrument_name": "BTC-24OCT25", "bids": [[115160.0, 10000.0], [115155.0, 15570.0], [115152.5, 44000.0], [115150.0, 35250.0], [115147.5, 2280.0], [115142.5, 10840.0], [115140.0, 34730.0], [115137.5, 660.0], [115135.0, 2220.0], [115132.5, 9890.0], [115130.0, 34570.0], [115122.5, 650.0], [115120.0, 2190.0], [114982.5, 650.0], [114980.0, 2190.0], [114930.0, 7920.0], [114927.5, 19090.0], [114917.5, 2220.0], [114910.0, 16550.0], [114905.0, 2220.0]], "asks": [[115162.5, 3300.0], [115165.0, 4290.0], [115167.5, 3300.0], [115170.0, 2650.0], [115172.5, 3300.0], [115175.0, 15900.0], [115177.5, 34730.0], [115185.0, 26470.0], [115187.5, 81570.0], [115190.0, 43940.0], [115192.5, 107850.0], [115195.0, 26380.0], [115197.5, 78580.0], [115200.0, 15510.0], [115202.5, 52250.0], [115225.0, 670.0], [115227.5, 2250.0], [115282.5, 660.0], [115285.0, 2220.0], [115295.0, 680.0]]}}}
{"jsonrpc": "2.0", "method": "subscription", "params": {"channel": "book.BTC-17OCT25.none.20.100ms", "data": {"timestamp": 1760300566922, "change_id": 121416463849, "instrument_name": "BTC-17OCT25", "bids": [[115017.5, 2600.0], [115012.5, 10000.0], [115007.5, 10310.0], [115005.0, 50590.0], [115002.5, 44000.0], [115000.0, 10350.0], [114997.5, 34530.0], [114995.0, 1590.0], [114992.5, 2940.0], [114990.0, 11020.0], [114987.5, 34530.0], [114977.5, 160.0], [114927.5, 880.0], [114925.0, 2960.0], [114862.5, 870.0], [114860.0, 2930.0], [114812.5, 2340.0], [114807.5, 2910.0], [114802.5, 37480.0], [114800.0, 24580.0]], "asks": [[115020.0, 160.0], [115027.5, 10310.0], [115030.0, 49230.0], [115032.5, 6000.0], [115035.0, 44890.0], [115037.5, 2980.0], [115040.0, 13290.0], [115042.5, 34530.0], [115045.0, 58370.0], [115047.5, 80260.0], [115050.0, 126560.0], [115052.5, 2980.0], [115060.0, 220.0], [115062.5, 750.0], [115070.0, 5790.0], [115072.5, 19410.0], [115085.0, 2980.0], [115090.0, 900.0], [115092.5, 3000.0], [115097.5, 2880.0]]}}}
{"jsonrpc": "2.0", "method": "subscription", "params": {"channel": "book.BTC-24OCT25.none.20.100ms", "data": {"timestamp": 1760300567282, "change_id": 121416464223, "instrument_name": "BTC-24OCT25", "bids": [[115160.0, 10000.0], [115155.0, 15570.0], [115152.5, 44000.0], [115150.0, 35250.0], [115147.5, 2280.0], [115142.5, 10840.0], [115140.0, 34730.0], [115137.5, 660.0], [115135.0, 2220.0], [115132.5, 9890.0], [115130.0, 34570.0], [115122.5, 650.0], [115120.0, 2190.0], [114982.5, 650.0], [114980.0, 2190.0], [114955.0, 700.0], [114952.5, 2340.0], [114942.5, 2280.0], [114930.0, 7920.0], [114927.5, 19090.0]], "asks": [[115162.5, 3300.0], [115165.0, 990.0], [115167.5, 3300.0], [115170.0, 2650.0], [115172.5, 3300.0], [115175.0, 15900.0], [115177.5, 34730.0], [115180.0, 1840.0], [115182.5, 3300.0], [115185.0, 29770.0], [115187.5, 81570.0], [115190.0, 43940.0], [115192.5, 107850.0], [115195.0, 26380.0], [115197.5, 78580.0], [115200.0, 15510.0], [115202.5, 52250.0], [115225.0, 670.0], [115227.5, 2250.0], [115282.5, 660.0]]}}}
{"jsonrpc": "2.0", "method": "subscription", "params": {"channel": "book.BTC-17OCT25.none.20.100ms", "data": {"timestamp": 1760300567155, "change_id": 121416464132, "instrument_name": "BTC-17OCT25", "bids": [[115017.5, 2600.0], [115012.5, 10000.0], [115007.5, 10310.0], [115005.0, 50590.0], [115002.5, 44000.0], [115000.0, 10350.0], [114997.5, 34530.0], [114995.0, 1590.0], [114992.5, 2940.0], [114990.0, 10470.0], [114987.5, 34530.0], [114927.5, 880.0], [114925.0, 2960.0], [114862.5, 870.0], [114860.0, 2930.0], [114812.5, 2340.0], [114807.5, 2910.0], [114805.0, 11190.0], [114802.5, 37480.0], [114800.0, 24580.0]], "asks": [[115020.0, 3090.0], [115027.5, 10310.0], [115030.0, 49230.0], [115032.5, 6000.0], [115035.0, 44890.0], [115037.5, 2980.0], [115040.0, 13290.0], [115042.5, 34530.0], [115045.0, 58370.0], [115047.5, 80260.0], [115050.0, 127450.0], [115052.5, 2980.0], [115060.0, 220.0], [115062.5, 750.0], [115070.0, 5790.0], [115072.5, 19410.0], [115082.5, 890.0], [115085.0, 2980.0], [115090.0, 900.0], [115092.5, 3000.0]]}}}
{"jsonrpc": "2.0", "method": "subscription", "params": {"channel": "book.BTC-24OCT25.none.20.100ms", "data": {"timestamp": 1760300567605, "change_id": 121416464767, "instrument_name": "BTC-24OCT25", "bids": [[115160.0, 12280.0], [115155.0, 15570.0], [115152.5, 44000.0], [115150.0, 35250.0], [115147.5, 2280.0], [115142.5, 10840.0], [115140.0, 34730.0], [115137.5, 660.0], [115135.0, 2220.0], [115132.5, 9890.0], [115130.0, 34570.0], [115122.5, 650.0], [115120.0, 2190.0], [114982.5, 650.0], [114980.0, 2190.0], [114955.0, 700.0], [114952.5, 2340.0], [114942.5, 2280.0], [114930.0, 7920.0], [114927.5, 19090.0]], "asks": [[115162.5, 3300.0], [115165.0, 990.0], [115167.5, 3300.0], [115170.0, 2650.0], [115172.5, 3300.0], [115175.0, 15900.0], [115177.5, 34730.0], [115180.0, 1840.0], [115182.5, 3300.0], [115185.0, 29770.0], [115187.5, 81570.0], [115190.0, 33940.0], [115192.5, 107850.0], [115195.0, 26380.0], [115197.5, 78580.0], [115200.0, 25510.0], [115202.5, 52250.0], [115225.0, 670.0], [115227.5, 2250.0], [115282.5, 660.0]]}}}
{"jsonrpc": "2.0", "method": "subscription", "params": {"channel": "book.BTC-17OCT25.none.20.100ms", "data": {"timestamp": 1760300567538, "change_id": 121416464593, "instrument_name": "BTC-17OCT25", "bids": [[115017.5, 2600.0], [115012.5, 10000.0], [115007.5, 10310.0], [115005.0, 50590.0], [115002.5, 44000.0], [115000.0, 10350.0], [114997.5, 34530.0], [114995.0, 1590.0], [114992.5, 2940.0], [114990.0, 10470.0], [114987.5, 34530.0], [114927.5, 880.0], [114925.0, 2960.0], [114862.5, 870.0], [114860.0, 2930.0], [114812.5, 2340.0], [114807.5, 2910.0], [114805.0, 11190.0], [114802.5, 37480.0], [114800.0, 24580.0]], "asks": [[115020.0, 160.0], [115027.5, 10310.0], [115030.0, 49230.0], [115032.5, 6000.0], [115035.0, 44890.0], [115037.5, 2980.0], [115040.0, 13290.0], [115042.5, 34530.0], [115045.0, 48370.0], [115047.5, 80260.0], [115050.0, 127450.0], [115052.5, 2980.0], [115055.0, 10000.0], [115060.0, 220.0], [115062.5, 750.0], [115070.0, 5790.0], [115072.5, 19410.0], [115082.5, 890.0], [115085.0, 2980.0], [115090.0, 900.0]]}}}
{"jsonrpc": "2.0", "method": "subscription", "params": {"channel": "book.BTC-24OCT25.none.20.100ms", "data": {"timestamp": 1760300567878, "change_id": 121416465412, "instrument_name": "BTC-24OCT25", "bids": [[115160.0, 10000.0], [115155.0, 15570.0], [115152.5, 44000.0], [115150.0, 35250.0], [115147.5, 2280.0], [115142.5, 10840.0], [115140.0, 34730.0], [115137.5, 660.0], [115135.0, 2220.0], [115132.5, 9890.0], [115130.0, 34570.0], [115122.5, 650.0], [115120.0, 2190.0], [114982.5, 650.0], [114980.0, 2190.0], [114955.0, 700.0], [114952.5, 2340.0], [114942.5, 2280.0], [114930.0, 7920.0], [114927.5, 19090.0]], "asks": [[115162.5, 3300.0], [115165.0, 990.0], [115167.5, 3300.0], [115170.0, 2650.0], [115172.5, 3300.0], [115175.0, 15900.0], [115177.5, 34730.0], [115180.0, 1840.0], [115182.5, 3300.0], [115185.0, 29770.0], [115187.5, 81570.0], [115190.0, 33940.0], [115192.5, 107850.0], [115195.0, 26380.0], [115197.5, 78580.0], [115200.0, 25510.0], [115202.5, 52250.0], [115225.0, 670.0], [115227.5, 2250.0], [115282.5, 660.0]]}}}
{"jsonrpc": "2.0", "method": "subscription", "params": {"channel": "book.BTC-24OCT25.none.20.100ms", "data": {"timestamp": 1760300568280, "change_id": 121416466407, "instrument_name": "BTC-24OCT25", "bids": [[115180.0, 4610.0], [115172.5, 3300.0], [115170.0, 34570.0], [115167.5, 10000.0], [115165.0, 2280.0], [115160.0, 34570.0], [115152.5, 160.0], [115150.0, 34570.0], [115147.5, 2800.0], [115142.5, 520.0], [115140.0, 34570.0], [115135.0, 2220.0], [115120.0, 2190.0], [114980.0, 2190.0], [114952.5, 2340.0], [114942.5, 2280.0], [114930.0, 2220.0], [114917.5, 2220.0], [114910.0, 16550.0], [114905.0, 2220.0]], "asks": [[115182.5, 3300.0], [115200.0, 3000.0], [115202.5, 86820.0], [115212.5, 34570.0], [115227.5, 2250.0], [115270.0, 16070.0], [115285.0, 2220.0], [115297.5, 2270.0], [115317.5, 110.0], [115320.0, 6120.0], [115322.5, 2300.0], [115335.0, 2250.0], [115365.0, 2340.0], [115370.0, 2290.0], [115392.5, 20.0], [115420.0, 40060.0], [115422.5, 9370.0], [115432.5, 2220.0], [115437.5, 18690.0], [115440.0, 20.0]]}}}
{"jsonrpc": "2.0", "method": "subscription", "params": {"channel": "book.BTC-17OCT25.none.20.100ms", "data": {"timestamp": 1760300568270, "change_id": 121416466347, "instrument_name": "BTC-17OCT25", "bids": [[115030.0, 5530.0], [115020.0, 34530.0], [115017.5, 46930.0], [115012.5, 10000.0], [115007.5, 710.0], [115005.0, 37460.0], [115000.0, 34530.0], [114995.0, 710.0], [114992.5, 2940.0], [114990.0, 160.0], [114987.5, 34530.0], [114925.0, 2960.0], [114860.0, 2930.0], [114812.5, 2340.0], [114807.5, 2910.0], [114802.5, 37480.0], [114797.5, 9370.0], [114795.0, 47580.0], [114792.5, 16120.0], [114782.5, 2860.0]], "asks": [[115032.5, 6000.0], [115052.5, 2980.0], [115055.0, 44000.0], [115062.5, 35280.0], [115072.5, 2960.0], [115085.0, 2980.0], [115092.5, 3000.0], [115097.5, 2880.0], [115110.0, 2960.0], [115150.0, 16230.0], [115157.5, 24770.0], [115210.0, 2980.0], [115240.0, 41890.0], [115247.5, 2940.0], [115270.0, 48900.0], [115272.5, 2980.0], [115292.5, 25260.0], [115335.0, 2960.0], [115367.5, 500.0], [115370.0, 11710.0]]}}}
{"jsonrpc": "2.0", "method": "subscription", "params": {"channel": "book.BTC-24OCT25.none.20.100ms", "data": {"timestamp": 1760300568594, "change_id": 121416467757, "instrument_name": "BTC-24OCT25", "bids": [[115200.0, 2330.0], [115195.0, 44000.0], [115190.0, 34570.0], [115187.5, 2280.0], [115180.0, 34570.0], [115177.5, 680.0], [115172.5, 3300.0], [115170.0, 34570.0], [115167.5, 10000.0], [115165.0, 2280.0], [115147.5, 2280.0], [115135.0, 2220.0], [115120.0, 2190.0], [114980.0, 2190.0], [114952.5, 2340.0], [114942.5, 2280.0], [114930.0, 2220.0], [114917.5, 2220.0], [114910.0, 16550.0], [114905.0, 2220.0]], "asks": [[115205.0, 3300.0], [115207.5, 3300.0], [115210.0, 3300.0], [115212.5, 37570.0], [115215.0, 2440.0], [115220.0, 3300.0], [115222.5, 34570.0], [115225.0, 50000.0], [115227.5, 2250.0], [115232.5, 34570.0], [115240.0, 2280.0], [115270.0, 16070.0], [115285.0, 2220.0], [115297.5, 2270.0], [115317.5, 110.0], [115320.0, 6120.0], [115322.5, 2300.0], [115335.0, 2250.0], [115365.0, 2340.0], [115370.0, 2290.0]]}}}
{"jsonrpc": "2.0", "method": "subscription", "params": {"channel": "book.BTC-17OCT25.none.20.100ms", "data": {"timestamp": 1760300568611, "change_id": 121416467966, "instrument_name": "BTC-17OCT25", "bids": [[115047.5, 12930.0], [115042.5, 44000.0], [115035.0, 2930.0], [115030.0, 2600.0], [115020.0, 34530.0], [115017.5, 2930.0], [115015.0, 160.0], [115007.5, 710.0], [115005.0, 37460.0], [115000.0, 34530.0], [114992.5, 2940.0], [114925.0, 2960.0], [114860.0, 2930.0], [114812.5, 2340.0], [114807.5, 2910.0], [114802.5, 37480.0], [114797.5, 9370.0], [114795.0, 47580.0], [114792.5, 16120.0], [114782.5, 2860.0]], "asks": [[115050.0, 6000.0], [115057.5, 160.0], [115062.5, 750.0], [115072.5, 2960.0], [115085.0, 2980.0], [115097.5, 2880.0], [115110.0, 2960.0], [115112.5, 3000.0], [115150.0, 16230.0], [115210.0, 2980.0], [115240.0, 41890.0], [115247.5, 2940.0], [115270.0, 24770.0], [115272.5, 2980.0], [115335.0, 2960.0], [115367.5, 500.0], [115370.0, 11710.0], [115372.5, 40400.0], [115385.0, 51870.0], [115400.0, 50000.0]]}}}
{"jsonrpc": "2.0", "method": "subscription", "params": {"channel": "book.BTC-24OCT25.none.20.100ms", "data": {"timestamp": 1760300568868, "change_id": 121416470428, "instrument_name": "BTC-24OCT25", "bids": [[115202.5, 10000.0], [115200.0, 2330.0], [115197.5, 13130.0], [115195.0, 44000.0], [115192.5, 10320.0], [115190.0, 35410.0], [115187.5, 2280.0], [115182.5, 10320.0], [115180.0, 34570.0], [115177.5, 520.0], [115175.0, 9320.0], [115170.0, 34570.0], [115165.0, 2280.0], [115147.5, 2280.0], [115135.0, 2220.0], [115120.0, 2190.0], [114980.0, 2190.0], [114952.5, 2340.0], [114942.5, 2280.0], [114930.0, 2220.0]], "asks": [[115205.0, 3300.0], [115207.5, 3300.0], [115210.0, 15200.0], [115212.5, 37570.0], [115215.0, 2280.0], [115217.5, 15780.0], [115220.0, 63620.0], [115222.5, 34570.0], [115225.0, 720.0], [115227.5, 2250.0], [115230.0, 10480.0], [115232.5, 34570.0], [115237.5, 680.0], [115240.0, 5270.0], [115242.5, 10000.0], [115250.0, 680.0], [115252.5, 2280.0], [115267.5, 4800.0], [115270.0, 16070.0], [115282.5, 660.0]]}}}
{"jsonrpc": "2.0", "method": "subscription", "params": {"channel": "book.BTC-17OCT25.none.20.100ms", "data": {"timestamp": 1760300568910, "change_id": 121416470879, "instrument_name": "BTC-17OCT25", "bids": [[115057.5, 10000.0], [115052.5, 870.0], [115050.0, 2930.0], [115037.5, 870.0], [115035.0, 2930.0], [115032.5, 780.0], [115030.0, 2600.0], [115027.5, 160.0], [115022.5, 10310.0], [115020.0, 35400.0], [115017.5, 2930.0], [115007.5, 11890.0], [115005.0, 37460.0], [115002.5, 10310.0], [115000.0, 34530.0], [114995.0, 880.0], [114992.5, 2940.0], [114927.5, 880.0], [114925.0, 2960.0], [114862.5, 870.0]], "asks": [[115060.0, 4800.0], [115062.5, 6750.0], [115070.0, 930.0], [115072.5, 3120.0], [115082.5, 890.0], [115085.0, 2980.0], [115095.0, 3840.0], [115097.5, 12880.0], [115105.0, 1780.0], [115107.5, 3000.0], [115110.0, 2960.0], [115120.0, 870.0], [115122.5, 2930.0], [115147.5, 7770.0], [115150.0, 16230.0], [115207.5, 890.0], [115210.0, 2980.0], [115237.5, 12500.0], [115240.0, 41890.0], [115245.0, 880.0]]}}}
{"jsonrpc": "2.0", "method": "subscription", "params": {"channel": "book.BTC-24OCT25.none.20.100ms", "data": {"timestamp": 1760300569247, "change_id": 121416472342, "instrument_name": "BTC-24OCT25", "bids": [[115202.5, 10000.0], [115195.0, 44000.0], [115192.5, 10370.0], [115190.0, 34730.0], [115187.5, 2280.0], [115180.0, 35090.0], [115172.5, 9270.0], [115170.0, 34570.0], [115165.0, 2280.0], [115147.5, 2280.0], [115135.0, 2220.0], [115120.0, 2190.0], [114980.0, 2190.0], [114952.5, 2340.0], [114942.5, 2280.0], [114930.0, 2220.0], [114917.5, 2220.0], [114910.0, 16550.0], [114905.0, 2220.0], [114890.0, 6110.0]], "asks": [[115205.0, 3300.0], [115207.5, 3300.0], [115210.0, 3300.0], [115212.5, 3000.0], [115215.0, 36850.0], [115220.0, 13620.0], [115222.5, 84570.0], [115227.5, 2250.0], [115230.0, 160.0], [115232.5, 34570.0], [115235.0, 13810.0], [115237.5, 44000.0], [115240.0, 5270.0], [115242.5, 10000.0], [115250.0, 680.0], [115252.5, 2280.0], [115267.5, 4800.0], [115270.0, 16070.0], [115282.5, 660.0], [115285.0, 2220.0]]}}}
{"jsonrpc": "2.0", "method": "subscription", "params": {"channel": "book.BTC-17OCT25.none.20.100ms", "data": {"timestamp": 1760300569252, "change_id": 121416472371, "instrument_name": "BTC-17OCT25", "bids": [[115057.5, 10000.0], [115055.0, 14010.0], [115052.5, 44000.0], [115050.0, 13240.0], [115047.5, 34530.0], [115037.5, 34530.0], [115035.0, 3640.0], [115027.5, 160.0], [115022.5, 10310.0], [115020.0, 34530.0], [115017.5, 2930.0], [115005.0, 2930.0], [114995.0, 880.0], [114992.5, 2940.0], [114925.0, 2960.0], [114860.0, 2930.0], [114815.0, 700.0], [114812.5, 2340.0], [114807.5, 2910.0], [114802.5, 37480.0]], "asks": [[115060.0, 4800.0], [115062.5, 6750.0], [115070.0, 35460.0], [115072.5, 3120.0], [115080.0, 48550.0], [115082.5, 44000.0], [115085.0, 2980.0], [115090.0, 13150.0], [115097.5, 12880.0], [115107.5, 3000.0], [115110.0, 2960.0], [115120.0, 870.0], [115122.5, 2930.0], [115147.5, 7770.0], [115150.0, 16230.0], [115207.5, 890.0], [115210.0, 2980.0], [115240.0, 41890.0], [115247.5, 2940.0], [115270.0, 24770.0]]}}}
{"jsonrpc": "2.0", "method": "subscription", "params": {"channel": "book.BTC-17OCT25.none.20.100ms", "data": {"timestamp": 1760300569528, "change_id": 121416472958, "instrument_name": "BTC-17OCT25", "bids": [[115057.5, 10000.0], [115055.0, 14010.0], [115052.5, 44000.0], [115050.0, 13240.0], [115047.5, 34530.0], [115040.0, 11390.0], [115037.5, 34530.0], [115035.0, 3640.0], [115030.0, 10350.0], [115027.5, 34690.0], [115020.0, 870.0], [115017.5, 2930.0], [115007.5, 870.0], [115005.0, 2930.0], [114995.0, 880.0], [114992.5, 2940.0], [114927.5, 880.0], [114925.0, 2960.0], [114862.5, 870.0], [114860.0, 2930.0]], "asks": [[115060.0, 4800.0], [115062.5, 6750.0], [115067.5, 10310.0], [115070.0, 35460.0], [115072.5, 3120.0], [115077.5, 10310.0], [115080.0, 48550.0], [115082.5, 44000.0], [115085.0, 2980.0], [115087.5, 39900.0], [115090.0, 139750.0], [115095.0, 3840.0], [115097.5, 12880.0], [115105.0, 1780.0], [115107.5, 3000.0], [115110.0, 2960.0], [115120.0, 870.0], [115122.5, 2930.0], [115147.5, 7770.0], [115150.0, 16230.0]]}}}
{"jsonrpc": "2.0", "method": "subscription", "params": {"channel": "book.BTC-24OCT25.none.20.100ms", "data": {"timestamp": 1760300569526, "change_id": 121416472949, "instrument_name": "BTC-24OCT25", "bids": [[115202.5, 10000.0], [115197.5, 13130.0], [115195.0, 44000.0], [115192.5, 10370.0], [115190.0, 35410.0], [115187.5, 2280.0], [115182.5, 10470.0], [115180.0, 35090.0], [115172.5, 9270.0], [115170.0, 34570.0], [115165.0, 2280.0], [115147.5, 2280.0], [115135.0, 2220.0], [115120.0, 2190.0], [114980.0, 2190.0], [114942.5, 2280.0], [114930.0, 2220.0], [114917.5, 2220.0], [114910.0, 16550.0], [114905.0, 2220.0]], "asks": [[115205.0, 5580.0], [115207.5, 16180.0], [115210.0, 3300.0], [115212.5, 3000.0], [115215.0, 34570.0], [115217.5, 990.0], [115220.0, 27220.0], [115222.5, 84570.0], [115225.0, 720.0], [115227.5, 2250.0], [115230.0, 10480.0], [115232.5, 34570.0], [115235.0, 13810.0], [115237.5, 44000.0], [115240.0, 5270.0], [115242.5, 10000.0], [115250.0, 680.0], [115252.5, 2280.0], [115267.5, 4800.0], [115270.0, 16070.0]]}}}
{"jsonrpc": "2.0", "method": "subscription", "params": {"channel": "book.BTC-17OCT25.none.20.100ms", "data": {"timestamp": 1760300569909, "change_id": 121416474318, "instrument_name": "BTC-17OCT25", "bids": [[115057.5, 10000.0], [115055.0, 14010.0], [115052.5, 44000.0], [115050.0, 10310.0], [115047.5, 34530.0], [115040.0, 11390.0], [115037.5, 34530.0], [115035.0, 3640.0], [115030.0, 10350.0], [115027.5, 34690.0], [115020.0, 870.0], [115017.5, 2930.0], [115007.5, 870.0], [115005.0, 2930.0], [114995.0, 880.0], [114992.5, 2940.0], [114927.5, 880.0], [114925.0, 2960.0], [114862.5, 870.0], [114860.0, 2930.0]], "asks": [[115060.0, 4800.0], [115062.5, 6750.0], [115070.0, 13950.0], [115072.5, 3120.0], [115075.0, 44000.0], [115077.5, 10310.0], [115080.0, 35420.0], [115085.0, 2980.0], [115087.5, 10310.0], [115090.0, 34530.0], [115095.0, 860.0], [115097.5, 2880.0], [115105.0, 1780.0], [115107.5, 3000.0], [115110.0, 5950.0], [115112.5, 10000.0], [115120.0, 870.0], [115122.5, 2930.0], [115147.5, 7770.0], [115150.0, 16230.0]]}}}
{"jsonrpc": "2.0", "method": "subscription", "params": {"channel": "book.BTC-24OCT25.none.20.100ms", "data": {"timestamp": 1760300569914, "change_id": 121416474358, "instrument_name": "BTC-24OCT25", "bids": [[115202.5, 10000.0], [115197.5, 13130.0], [115195.0, 44000.0], [115192.5, 10370.0], [115190.0, 35410.0], [115187.5, 2280.0], [115182.5, 10470.0], [115180.0, 35090.0], [115172.5, 9270.0], [115170.0, 34570.0], [115165.0, 2280.0], [115147.5, 2280.0], [115135.0, 2220.0], [115120.0, 2190.0], [114980.0, 2190.0], [114957.5, 16380.0], [114942.5, 2280.0], [114930.0, 2220.0], [114917.5, 2220.0], [114905.0, 2220.0]], "asks": [[115205.0, 3300.0], [115207.5, 5180.0], [115210.0, 3300.0], [115212.5, 3000.0], [115217.5, 990.0], [115220.0, 3300.0], [115225.0, 27020.0], [115227.5, 52250.0], [115230.0, 59910.0], [115232.5, 34570.0], [115235.0, 23290.0], [115240.0, 2280.0], [115250.0, 680.0], [115252.5, 2280.0], [115255.0, 2990.0], [115257.5, 10000.0], [115262.5, 680.0], [115265.0, 2280.0], [115267.5, 4800.0], [115270.0, 16070.0]]}}}
{"jsonrpc": "2.0", "method": "subscription", "params": {"channel": "book.BTC-24OCT25.none.20.100ms", "data": {"timestamp": 1760300570212, "change_id": 121416475171, "instrument_name": "BTC-24OCT25", "bids": [[115202.5, 12280.0], [115197.5, 13130.0], [115195.0, 44000.0], [115192.5, 10370.0], [115190.0, 35410.0], [115187.5, 2280.0], [115182.5, 10470.0], [115180.0, 35090.0], [115172.5, 9270.0], [115170.0, 34570.0], [115165.0, 2280.0], [115147.5, 2280.0], [115135.0, 2220.0], [115120.0, 2190.0], [114980.0, 2190.0], [114957.5, 16380.0], [114942.5, 2280.0], [114930.0, 2220.0], [114917.5, 2220.0], [114905.0, 2220.0]], "asks": [[115205.0, 3300.0], [115207.5, 2630.0], [115210.0, 3300.0], [115212.5, 3000.0], [115215.0, 3300.0], [115217.5, 990.0], [115220.0, 29530.0], [115222.5, 3300.0], [115225.0, 84570.0], [115227.5, 15430.0], [115230.0, 59910.0], [115232.5, 34570.0], [115235.0, 50720.0], [115237.5, 92180.0], [115240.0, 2280.0], [115247.5, 2990.0], [115250.0, 10680.0], [115252.5, 2280.0], [115262.5, 680.0], [115265.0, 2280.0]]}}}
{"jsonrpc": "2.0", "method": "subscription", "params": {"channel": "book.BTC-17OCT25.none.20.100ms", "data": {"timestamp": 1760300570263, "change_id": 121416475244, "instrument_name": "BTC-17OCT25", "bids": [[115057.5, 10000.0], [115055.0, 14010.0], [115052.5, 44000.0], [115050.0, 10310.0], [115047.5, 34530.0], [115040.0, 11390.0], [115037.5, 34530.0], [115035.0, 3640.0], [115030.0, 10350.0], [115027.5, 34690.0], [115020.0, 870.0], [115017.5, 2930.0], [115007.5, 870.0], [115005.0, 2930.0], [114995.0, 880.0], [114992.5, 2940.0], [114927.5, 880.0], [114925.0, 2960.0], [114862.5, 870.0], [114860.0, 2930.0]], "asks": [[115060.0, 4800.0], [115062.5, 6750.0], [115070.0, 930.0], [115072.5, 3120.0], [115077.5, 10310.0], [115080.0, 35420.0], [115085.0, 2980.0], [115087.5, 10310.0], [115090.0, 78530.0], [115095.0, 860.0], [115097.5, 2880.0], [115102.5, 2990.0], [115105.0, 11780.0], [115107.5, 3000.0], [115110.0, 2960.0], [115120.0, 870.0], [115122.5, 2930.0], [115147.5, 7770.0], [115150.0, 16230.0], [115207.5, 890.0]]}}}
{"jsonrpc": "2.0", "method": "subscription", "params": {"channel": "book.BTC-17OCT25.none.20.100ms", "data": {"timestamp": 1760300570517, "change_id": 121416475690, "instrument_name": "BTC-17OCT25", "bids": [[115057.5, 10000.0], [115055.0, 14010.0], [115052.5, 44000.0], [115050.0, 10310.0], [115047.5, 34530.0], [115040.0, 11550.0], [115037.5, 34530.0], [115035.0, 3640.0], [115030.0, 10350.0], [115027.5, 34530.0], [115020.0, 870.0], [115017.5, 2930.0], [115007.5, 870.0], [115005.0, 2930.0], [114995.0, 880.0], [114992.5, 2940.0], [114927.5, 880.0], [114925.0, 2960.0], [114862.5, 870.0], [114860.0, 2930.0]], "asks": [[115060.0, 4800.0], [115062.5, 6750.0], [115070.0, 930.0], [115072.5, 3120.0], [115077.5, 10310.0], [115080.0, 35420.0], [115085.0, 2980.0], [115087.5, 39600.0], [115090.0, 169620.0], [115092.5, 92070.0], [115095.0, 860.0], [115097.5, 2880.0], [115102.5, 2990.0], [115105.0, 11780.0], [115107.5, 3000.0], [115110.0, 2960.0], [115120.0, 870.0], [115122.5, 2930.0], [115147.5, 7770.0], [115150.0, 16230.0]]}}}
{"jsonrpc": "2.0", "method": "subscription", "params": {"channel": "book.BTC-17OCT25.none.20.100ms", "data": {"timestamp": 1760300570920, "change_id": 121416477058, "instrument_name": "BTC-17OCT25", "bids": [[115057.5, 10000.0], [115055.0, 14010.0], [115052.5, 44000.0], [115050.0, 10310.0], [115047.5, 34530.0], [115040.0, 11550.0], [115037.5, 34530.0], [115035.0, 3640.0], [115030.0, 10350.0], [115027.5, 34530.0], [115020.0, 870.0], [115017.5, 2930.0], [115007.5, 870.0], [115005.0, 2930.0], [114995.0, 880.0], [114992.5, 2940.0], [114927.5, 880.0], [114925.0, 2960.0], [114862.5, 870.0], [114860.0, 2930.0]], "asks": [[115060.0, 4800.0], [115062.5, 6750.0], [115067.5, 10310.0], [115070.0, 35460.0], [115072.5, 3120.0], [115077.5, 10310.0], [115080.0, 48440.0], [115082.5, 44000.0], [115085.0, 2980.0], [115087.5, 29290.0], [115090.0, 125620.0], [115092.5, 92070.0], [115095.0, 3730.0], [115097.5, 12880.0], [115105.0, 1780.0], [115107.5, 3000.0], [115110.0, 2960.0], [115120.0, 870.0], [115122.5, 2930.0], [115147.5, 7770.0]]}}}
{"jsonrpc": "2.0", "method": "subscription", "params": {"channel": "book.BTC-24OCT25.none.20.100ms", "data": {"timestamp": 1760300570919, "change_id": 121416477054, "instrument_name": "BTC-24OCT25", "bids": [[115202.5, 10000.0], [115197.5, 13130.0], [115195.0, 44000.0], [115192.5, 10370.0], [115190.0, 35410.0], [115187.5, 2280.0], [115182.5, 10470.0], [115180.0, 35090.0], [115177.5, 680.0], [115175.0, 2280.0], [115172.5, 9270.0], [115170.0, 34570.0], [115147.5, 2280.0], [115135.0, 2220.0], [115120.0, 2190.0], [114980.0, 2190.0], [114957.5, 16380.0], [114942.5, 2280.0], [114930.0, 2220.0], [114917.5, 2220.0]], "asks": [[115205.0, 3300.0], [115207.5, 12820.0], [115210.0, 3300.0], [115212.5, 3000.0], [115215.0, 37870.0], [115217.5, 990.0], [115220.0, 29530.0], [115222.5, 3300.0], [115225.0, 84570.0], [115227.5, 15430.0], [115230.0, 59910.0], [115232.5, 34570.0], [115235.0, 50720.0], [115237.5, 92180.0], [115240.0, 5270.0], [115242.5, 10000.0], [115250.0, 680.0], [115252.5, 2280.0], [115262.5, 680.0], [115265.0, 2280.0]]}}}
{"jsonrpc": "2.0", "method": "subscription", "params": {"channel": "book.BTC-24OCT25.none.20.100ms", "data": {"timestamp": 1760300571030, "change_id": 121416477354, "instrument_name": "BTC-24OCT25", "bids": [[115202.5, 10000.0], [115197.5, 13130.0], [115195.0, 44000.0], [115192.5, 10370.0], [115190.0, 35410.0], [115187.5, 2280.0], [115182.5, 10470.0], [115180.0, 35090.0], [115177.5, 680.0], [115175.0, 2280.0], [115172.5, 9270.0], [115170.0, 34570.0], [115147.5, 2280.0], [115135.0, 2220.0], [115120.0, 2190.0], [114980.0, 2190.0], [114957.5, 16380.0], [114942.5, 2280.0], [114930.0, 2220.0], [114917.5, 2220.0]], "asks": [[115205.0, 3300.0], [115207.5, 2870.0], [115210.0, 3300.0], [115212.5, 3000.0], [115215.0, 5270.0], [115217.5, 3300.0], [115220.0, 29530.0], [115222.5, 3300.0], [115225.0, 84570.0], [115227.5, 15430.0], [115230.0, 59910.0], [115232.5, 34570.0], [115235.0, 50720.0], [115237.5, 92180.0], [115240.0, 5270.0], [115242.5, 10000.0], [115250.0, 680.0], [115252.5, 2280.0], [115262.5, 680.0], [115265.0, 2280.0]]}}}
{"jsonrpc": "2.0", "method": "subscription", "params": {"channel": "book.BTC-24OCT25.none.20.100ms", "data": {"timestamp": 1760300571427, "change_id": 121416478286, "instrument_name": "BTC-24OCT25", "bids": [[115202.5, 10000.0], [115197.5, 13130.0], [115195.0, 44000.0], [115192.5, 10370.0], [115190.0, 35410.0], [115187.5, 2280.0], [115182.5, 10470.0], [115180.0, 35090.0], [115177.5, 680.0], [115175.0, 2280.0], [115172.5, 9270.0], [115170.0, 34570.0], [115147.5, 2280.0], [115135.0, 2220.0], [115120.0, 2190.0], [114980.0, 2190.0], [114957.5, 16380.0], [114942.5, 2280.0], [114930.0, 2220.0], [114917.5, 2220.0]], "asks": [[115205.0, 3300.0], [115207.5, 2870.0], [115210.0, 3300.0], [115212.5, 3000.0], [115215.0, 5270.0], [115217.5, 3300.0], [115220.0, 29530.0], [115222.5, 3300.0], [115225.0, 84570.0], [115227.5, 15430.0], [115230.0, 59910.0], [115232.5, 34570.0], [115235.0, 50720.0], [115237.5, 92180.0], [115240.0, 5270.0], [115242.5, 10000.0], [115250.0, 680.0], [115252.5, 2280.0], [115262.5, 680.0], [115265.0, 2280.0]]}}}
{"jsonrpc": "2.0", "method": "subscription", "params": {"channel": "book.BTC-17OCT25.none.20.100ms", "data": {"timestamp": 1760300571426, "change_id": 121416478285, "instrument_name": "BTC-17OCT25", "bids": [[115057.5, 10000.0], [115055.0, 14010.0], [115052.5, 44000.0], [115050.0, 10310.0], [115047.5, 34530.0], [115040.0, 11550.0], [115037.5, 34530.0], [115035.0, 3640.0], [115030.0, 10350.0], [115027.5, 34530.0], [115020.0, 870.0], [115017.5, 2930.0], [115007.5, 870.0], [115005.0, 2930.0], [114995.0, 880.0], [114992.5, 2940.0], [114927.5, 880.0], [114925.0, 2960.0], [114862.5, 870.0], [114860.0, 2930.0]], "asks": [[115060.0, 4800.0], [115062.5, 6750.0], [115070.0, 930.0], [115072.5, 3120.0], [115077.5, 10310.0], [115080.0, 48440.0], [115082.5, 44000.0], [115085.0, 2980.0], [115087.5, 29290.0], [115090.0, 125620.0], [115092.5, 92070.0], [115095.0, 3730.0], [115097.5, 12880.0], [115105.0, 1780.0], [115107.5, 3000.0], [115110.0, 2960.0], [115120.0, 870.0], [115122.5, 2930.0], [115147.5, 7770.0], [115150.0, 16230.0]]}}}
{"jsonrpc": "2.0", "method": "subscription", "params": {"channel": "book.BTC-17OCT25.none.20.100ms", "data": {"timestamp": 1760300571673, "change_id": 121416478745, "instrument_name": "BTC-17OCT25", "bids": [[115057.5, 10000.0], [115055.0, 14010.0], [115052.5, 44000.0], [115050.0, 10310.0], [115047.5, 34530.0], [115040.0, 11550.0], [115037.5, 34530.0], [115035.0, 3640.0], [115030.0, 10350.0], [115027.5, 34530.0], [115020.0, 870.0], [115017.5, 2930.0], [115007.5, 870.0], [115005.0, 2930.0], [114995.0, 880.0], [114992.5, 2940.0], [114927.5, 880.0], [114925.0, 2960.0], [114862.5, 870.0], [114860.0, 2930.0]], "asks": [[115060.0, 4800.0], [115062.5, 6750.0], [115070.0, 930.0], [115072.5, 3120.0], [115077.5, 10310.0], [115080.0, 48440.0], [115082.5, 44000.0], [115085.0, 2980.0], [115087.5, 10310.0], [115090.0, 34530.0], [115095.0, 3730.0], [115097.5, 12880.0], [115105.0, 1780.0], [115107.5, 3000.0], [115110.0, 2960.0], [115120.0, 870.0], [115122.5, 2930.0], [115147.5, 7770.0], [115150.0, 16230.0], [115207.5, 890.0]]}}}
{"jsonrpc": "2.0", "method": "subscription", "params": {"channel": "book.BTC-24OCT25.none.20.100ms", "data": {"timestamp": 1760300571662, "change_id": 121416478735, "instrument_name": "BTC-24OCT25", "bids": [[115202.5, 10000.0], [115197.5, 13130.0], [115195.0, 44000.0], [115192.5, 10370.0], [115190.0, 35410.0], [115187.5, 2280.0], [115182.5, 10470.0], [115180.0, 35090.0], [115177.5, 680.0], [115175.0, 2280.0], [115172.5, 9270.0], [115170.0, 34570.0], [115147.5, 2280.0], [115135.0, 2220.0], [115120.0, 2190.0], [114980.0, 2190.0], [114957.5, 16380.0], [114942.5, 2280.0], [114930.0, 2220.0], [114917.5, 2220.0]], "asks": [[115205.0, 3300.0], [115207.5, 2870.0], [115210.0, 3300.0], [115212.5, 3000.0], [115215.0, 5270.0], [115217.5, 3300.0], [115220.0, 29530.0], [115222.5, 3300.0], [115225.0, 84570.0], [115227.5, 15430.0], [115230.0, 54480.0], [115232.5, 34570.0], [115235.0, 680.0], [115240.0, 5270.0], [115242.5, 10000.0], [115250.0, 680.0], [115252.5, 2280.0], [115262.5, 680.0], [115265.0, 2280.0], [115267.5, 4800.0]]}}}
{"jsonrpc": "2.0", "method": "subscription", "params": {"channel": "book.BTC-24OCT25.none.20.100ms", "data": {"timestamp": 1760300572018, "change_id": 121416479467, "instrument_name": "BTC-24OCT25", "bids": [[115202.5, 10000.0], [115197.5, 13130.0], [115195.0, 44000.0], [115192.5, 10370.0], [115190.0, 35410.0], [115187.5, 2280.0], [115182.5, 10470.0], [115180.0, 35090.0], [115177.5, 680.0], [115175.0, 2280.0], [115172.5, 9270.0], [115170.0, 34570.0], [115147.5, 2280.0], [115135.0, 2220.0], [115120.0, 2190.0], [114980.0, 2190.0], [114957.5, 16380.0], [114942.5, 2280.0], [114930.0, 2220.0], [114917.5, 2220.0]], "asks": [[115205.0, 3300.0], [115207.5, 2870.0], [115210.0, 3300.0], [115212.5, 3000.0], [115215.0, 4290.0], [115217.5, 3300.0], [115220.0, 26230.0], [115222.5, 3300.0], [115225.0, 84570.0], [115227.5, 15430.0], [115230.0, 54480.0], [115232.5, 34570.0], [115235.0, 680.0], [115240.0, 5270.0], [115242.5, 10000.0], [115250.0, 680.0], [115252.5, 2280.0], [115262.5, 680.0], [115265.0, 2280.0], [115267.5, 4800.0]]}}}
{"jsonrpc": "2.0", "method": "subscription", "params": {"channel": "book.BTC-17OCT25.none.20.100ms", "data": {"timestamp": 1760300572241, "change_id": 121416479822, "instrument_name": "BTC-17OCT25", "bids": [[115057.5, 10000.0], [115055.0, 14010.0], [115052.5, 44000.0], [115050.0, 10310.0], [115047.5, 34530.0], [115040.0, 11550.0], [115037.5, 34530.0], [115035.0, 3640.0], [115030.0, 10350.0], [115027.5, 34530.0], [115020.0, 870.0], [115017.5, 2930.0], [115007.5, 870.0], [115005.0, 2930.0], [114995.0, 880.0], [114992.5, 2940.0], [114927.5, 880.0], [114925.0, 2960.0], [114862.5, 870.0], [114860.0, 2930.0]], "asks": [[115060.0, 4800.0], [115062.5, 6750.0], [115070.0, 930.0], [115072.5, 3120.0], [115077.5, 10310.0], [115080.0, 48440.0], [115082.5, 44000.0], [115085.0, 2980.0], [115087.5, 36470.0], [115090.0, 154080.0], [115092.5, 92070.0], [115095.0, 3730.0], [115097.5, 12880.0], [115105.0, 1780.0], [115107.5, 3000.0], [115110.0, 2960.0], [115120.0, 870.0], [115122.5, 2930.0], [115147.5, 7770.0], [115150.0, 16230.0]]}}}
{"jsonrpc": "2.0", "method": "subscription", "params": {"channel": "book.BTC-24OCT25.none.20.100ms", "data": {"timestamp": 1760300572545, "change_id": 121416480319, "instrument_name": "BTC-24OCT25", "bids": [[115202.5, 10000.0], [115197.5, 13130.0], [115195.0, 44000.0], [115192.5, 10370.0], [115190.0, 35410.0], [115187.5, 2280.0], [115182.5, 10470.0], [115180.0, 35090.0], [115177.5, 680.0], [115175.0, 2280.0], [115172.5, 9270.0], [115170.0, 34570.0], [115147.5, 2280.0], [115135.0, 2220.0], [115120.0, 2190.0], [114980.0, 2190.0], [114957.5, 16380.0], [114942.5, 2280.0], [114930.0, 2220.0], [114917.5, 2220.0]], "asks": [[115205.0, 3720.0], [115207.5, 12820.0], [115210.0, 3300.0], [115212.5, 3000.0], [115215.0, 38860.0], [115217.5, 3300.0], [115220.0, 26230.0], [115222.5, 3300.0], [115225.0, 84570.0], [115227.5, 15430.0], [115230.0, 54480.0], [115232.5, 34570.0], [115235.0, 680.0], [115240.0, 5270.0], [115242.5, 10000.0], [115250.0, 680.0], [115252.5, 2280.0], [115262.5, 680.0], [115265.0, 2280.0], [115267.5, 4800.0]]}}}
{"jsonrpc": "2.0", "method": "subscription", "params": {"channel": "book.BTC-17OCT25.none.20.100ms", "data": {"timestamp": 1760300572572, "change_id": 121416480326, "instrument_name": "BTC-17OCT25", "bids": [[115057.5, 10000.0], [115055.0, 14010.0], [115052.5, 44000.0], [115050.0, 10310.0], [115047.5, 34530.0], [115040.0, 11550.0], [115037.5, 34530.0], [115035.0, 3640.0], [115030.0, 10350.0], [115027.5, 34530.0], [115020.0, 870.0], [115017.5, 2930.0], [115007.5, 870.0], [115005.0, 2930.0], [114995.0, 880.0], [114992.5, 2940.0], [114927.5, 880.0], [114925.0, 2960.0], [114862.5, 870.0], [114860.0, 2930.0]], "asks": [[115060.0, 4800.0], [115062.5, 6750.0], [115067.5, 10310.0], [115070.0, 35460.0], [115072.5, 3120.0], [115077.5, 10310.0], [115080.0, 48440.0], [115082.5, 44000.0], [115085.0, 2980.0], [115087.5, 10310.0], [115090.0, 34530.0], [115095.0, 3730.0], [115097.5, 12880.0], [115105.0, 1780.0], [115107.5, 3000.0], [115110.0, 2960.0], [115120.0, 870.0], [115122.5, 2930.0], [115147.5, 7770.0], [115150.0, 16230.0]]}}}
{"jsonrpc": "2.0", "method": "subscription", "params": {"channel": "book.BTC-24OCT25.none.20.100ms", "data": {"timestamp": 1760300572879, "change_id": 121416481165, "instrument_name": "BTC-24OCT25", "bids": [[115202.5, 10000.0], [115197.5, 13130.0], [115195.0, 44000.0], [115192.5, 10370.0], [115190.0, 35410.0], [115187.5, 2280.0], [115182.5, 10470.0], [115180.0, 35090.0], [115177.5, 680.0], [115175.0, 2280.0], [115172.5, 9270.0], [115170.0, 34570.0], [115147.5, 2280.0], [115135.0, 2220.0], [115120.0, 2190.0], [114980.0, 2190.0], [114957.5, 16380.0], [114942.5, 2280.0], [114930.0, 2220.0], [114917.5, 2220.0]], "asks": [[115205.0, 6000.0], [115207.5, 12820.0], [115210.0, 3300.0], [115212.5, 3000.0], [115215.0, 38860.0], [115217.5, 3300.0], [115220.0, 26230.0], [115222.5, 3300.0], [115225.0, 84570.0], [115227.5, 15430.0], [115230.0, 54480.0], [115232.5, 34570.0], [115235.0, 680.0], [115240.0, 5270.0], [115242.5, 10000.0], [115250.0, 680.0], [115252.5, 2280.0], [115262.5, 680.0], [115265.0, 2280.0], [115267.5, 4800.0]]}}}
{"jsonrpc": "2.0", "method": "subscription", "params": {"channel": "book.BTC-17OCT25.none.20.100ms", "data": {"timestamp": 1760300572883, "change_id": 121416481182, "instrument_name": "BTC-17OCT25", "bids": [[115057.5, 10000.0], [115055.0, 14010.0], [115052.5, 44000.0], [115050.0, 10310.0], [115047.5, 34530.0], [115040.0, 11550.0], [115037.5, 34530.0], [115035.0, 3640.0], [115030.0, 10350.0], [115027.5, 34530.0], [115020.0, 870.0], [115017.5, 2930.0], [115007.5, 870.0], [115005.0, 2930.0], [114995.0, 880.0], [114992.5, 2940.0], [114927.5, 880.0], [114925.0, 2960.0], [114862.5, 870.0], [114860.0, 2930.0]], "asks": [[115060.0, 7730.0], [115062.5, 6750.0], [115067.5, 10310.0], [115070.0, 35460.0], [115072.5, 3120.0], [115077.5, 10310.0], [115080.0, 48440.0], [115082.5, 44000.0], [115085.0, 2980.0], [115087.5, 26850.0], [115090.0, 94360.0], [115092.5, 92070.0], [115095.0, 3730.0], [115097.5, 12880.0], [115105.0, 1780.0], [115107.5, 3000.0], [115110.0, 2960.0], [115120.0, 870.0], [115122.5, 2930.0], [115147.5, 7770.0]]}}}
{"jsonrpc": "2.0", "method": "subscription", "params": {"channel": "book.BTC-24OCT25.none.20.100ms", "data": {"timestamp": 1760300573223, "change_id": 121416481643, "instrument_name": "BTC-24OCT25", "bids": [[115202.5, 10000.0], [115197.5, 13130.0], [115195.0, 44000.0], [115192.5, 10370.0], [115190.0, 35410.0], [115187.5, 2280.0], [115182.5, 10470.0], [115180.0, 35090.0], [115177.5, 680.0], [115175.0, 2280.0], [115172.5, 9270.0], [115170.0, 34570.0], [115135.0, 2220.0], [115120.0, 2190.0], [114980.0, 2190.0], [114957.5, 16380.0], [114942.5, 2280.0], [114930.0, 2220.0], [114917.5, 2220.0], [114905.0, 2220.0]], "asks": [[115205.0, 6000.0], [115207.5, 12820.0], [115210.0, 3300.0], [115212.5, 6300.0], [115215.0, 35560.0], [115217.5, 3300.0], [115220.0, 26230.0], [115222.5, 3300.0], [115225.0, 84570.0], [115227.5, 15430.0], [115230.0, 54480.0], [115232.5, 34570.0], [115235.0, 680.0], [115240.0, 5270.0], [115242.5, 10000.0], [115250.0, 680.0], [115252.5, 2280.0], [115262.5, 680.0], [115265.0, 2280.0], [115267.5, 4800.0]]}}}
{"jsonrpc": "2.0", "method": "subscription", "params": {"channel": "book.BTC-17OCT25.none.20.100ms", "data": {"timestamp": 1760300573138, "change_id": 121416481590, "instrument_name": "BTC-17OCT25", "bids": [[115057.5, 10000.0], [115055.0, 14010.0], [115052.5, 44000.0], [115050.0, 10310.0], [115047.5, 34530.0], [115040.0, 11550.0], [115037.5, 34530.0], [115035.0, 3640.0], [115030.0, 10350.0], [115027.5, 34530.0], [115020.0, 870.0], [115017.5, 2930.0], [115007.5, 870.0], [115005.0, 2930.0], [114995.0, 880.0], [114992.5, 2940.0], [114927.5, 880.0], [114925.0, 2960.0], [114862.5, 870.0], [114860.0, 2930.0]], "asks": [[115060.0, 7730.0], [115062.5, 6750.0], [115067.5, 10310.0], [115070.0, 35460.0], [115072.5, 3120.0], [115077.5, 10310.0], [115080.0, 48440.0], [115082.5, 44000.0], [115085.0, 2980.0], [115087.5, 26850.0], [115090.0, 94360.0], [115092.5, 92070.0], [115095.0, 3730.0], [115097.5, 12880.0], [115105.0, 1780.0], [115107.5, 3000.0], [115110.0, 2960.0], [115120.0, 870.0], [115122.5, 2930.0], [115147.5, 7770.0]]}}}
{"jsonrpc": "2.0", "method": "subscription", "params": {"channel": "book.BTC-24OCT25.none.20.100ms", "data": {"timestamp": 1760300573453, "change_id": 121416482182, "instrument_name": "BTC-24OCT25", "bids": [[115202.5, 10000.0], [115197.5, 13130.0], [115195.0, 44000.0], [115192.5, 10370.0], [115190.0, 35410.0], [115187.5, 2280.0], [115182.5, 10470.0], [115180.0, 35090.0], [115177.5, 680.0], [115175.0, 2280.0], [115172.5, 9270.0], [115170.0, 34570.0], [115135.0, 2220.0], [115120.0, 2190.0], [114980.0, 2190.0], [114957.5, 16380.0], [114942.5, 2280.0], [114930.0, 2220.0], [114917.5, 2220.0], [114905.0, 2220.0]], "asks": [[115205.0, 6000.0], [115207.5, 12820.0], [115210.0, 3300.0], [115212.5, 6300.0], [115215.0, 35560.0], [115217.5, 3300.0], [115220.0, 26230.0], [115222.5, 3300.0], [115225.0, 84570.0], [115227.5, 15430.0], [115230.0, 54480.0], [115232.5, 34570.0], [115235.0, 680.0], [115240.0, 5270.0], [115242.5, 10000.0], [115250.0, 680.0], [115252.5, 2280.0], [115262.5, 680.0], [115265.0, 2280.0], [115267.5, 4800.0]]}}}
{"jsonrpc": "2.0", "method": "subscription", "params": {"channel": "book.BTC-24OCT25.none.20.100ms", "data": {"timestamp": 1760300574207, "change_id": 121416483392, "instrument_name": "BTC-24OCT25", "bids": [[115202.5, 10000.0], [115197.5, 13130.0], [115195.0, 44000.0], [115192.5, 10370.0], [115190.0, 35410.0], [115187.5, 2280.0], [115182.5, 10470.0], [115180.0, 35090.0], [115177.5, 680.0], [115175.0, 2280.0], [115172.5, 9270.0], [115170.0, 34570.0], [115135.0, 2220.0], [115120.0, 2190.0], [114980.0, 2190.0], [114957.5, 16380.0], [114942.5, 2280.0], [114930.0, 2220.0], [114917.5, 2220.0], [114905.0, 2220.0]], "asks": [[115205.0, 6000.0], [115207.5, 12820.0], [115210.0, 3300.0], [115212.5, 6300.0], [115215.0, 35560.0], [115217.5, 3300.0], [115220.0, 26230.0], [115222.5, 3300.0], [115225.0, 84570.0], [115227.5, 15430.0], [115230.0, 54480.0], [115232.5, 34570.0], [115235.0, 680.0], [115240.0, 5270.0], [115242.5, 10000.0], [115250.0, 680.0], [115252.5, 2280.0], [115262.5, 680.0], [115265.0, 2280.0], [115267.5, 4800.0]]}}}
{"jsonrpc": "2.0", "method": "subscription", "params": {"channel": "book.BTC-17OCT25.none.20.100ms", "data": {"timestamp": 1760300573946, "change_id": 121416483173, "instrument_name": "BTC-17OCT25", "bids": [[115057.5, 10000.0], [115055.0, 14010.0], [115052.5, 44000.0], [115050.0, 10310.0], [115047.5, 34530.0], [115040.0, 11550.0], [115037.5, 34530.0], [115035.0, 3640.0], [115030.0, 10350.0], [115027.5, 34530.0], [115020.0, 870.0], [115017.5, 2930.0], [115007.5, 870.0], [115005.0, 2930.0], [114995.0, 880.0], [114992.5, 2940.0], [114927.5, 880.0], [114925.0, 2960.0], [114862.5, 870.0], [114860.0, 2930.0]], "asks": [[115060.0, 4800.0], [115062.5, 6750.0], [115067.5, 10310.0], [115070.0, 35460.0], [115072.5, 3120.0], [115077.5, 10310.0], [115080.0, 48440.0], [115082.5, 44000.0], [115085.0, 2980.0], [115087.5, 26850.0], [115090.0, 121840.0], [115092.5, 92070.0], [115095.0, 3730.0], [115097.5, 12880.0], [115105.0, 1780.0], [115107.5, 3000.0], [115110.0, 2960.0], [115120.0, 870.0], [115122.5, 2930.0], [115147.5, 7770.0]]}}}
{"jsonrpc": "2.0", "method": "subscription", "params": {"channel": "book.BTC-17OCT25.none.20.100ms", "data": {"timestamp": 1760300574380, "change_id": 121416483667, "instrument_name": "BTC-17OCT25", "bids": [[115057.5, 10000.0], [115055.0, 14010.0], [115052.5, 44000.0], [115050.0, 10310.0], [115047.5, 34530.0], [115040.0, 11550.0], [115037.5, 34530.0], [115035.0, 3640.0], [115030.0, 10350.0], [115027.5, 34530.0], [115020.0, 870.0], [115017.5, 2930.0], [115007.5, 870.0], [115005.0, 2930.0], [114995.0, 880.0], [114992.5, 2940.0], [114927.5, 880.0], [114925.0, 2960.0], [114862.5, 870.0], [114860.0, 2930.0]], "asks": [[115060.0, 7730.0], [115062.5, 6750.0], [115067.5, 10310.0], [115070.0, 35460.0], [115072.5, 3120.0], [115077.5, 10310.0], [115080.0, 48440.0], [115082.5, 44000.0], [115085.0, 2980.0], [115087.5, 26850.0], [115090.0, 121840.0], [115092.5, 92070.0], [115095.0, 3730.0], [115097.5, 12880.0], [115105.0, 1780.0], [115107.5, 3000.0], [115110.0, 2960.0], [115120.0, 870.0], [115122.5, 2930.0], [115147.5, 7770.0]]}}}
{"jsonrpc": "2.0", "method": "subscription", "params": {"channel": "book.BTC-24OCT25.none.20.100ms", "data": {"timestamp": 1760300574612, "change_id": 121416483987, "instrument_name": "BTC-24OCT25", "bids": [[115202.5, 10000.0], [115197.5, 13130.0], [115195.0, 44000.0], [115192.5, 10370.0], [115190.0, 35410.0], [115187.5, 2280.0], [115182.5, 10470.0], [115180.0, 35090.0], [115177.5, 680.0], [115175.0, 2280.0], [115172.5, 9270.0], [115170.0, 34570.0], [115135.0, 2220.0], [115120.0, 2190.0], [114980.0, 2190.0], [114957.5, 16380.0], [114942.5, 2280.0], [114932.5, 9370.0], [114930.0, 2220.0], [114917.5, 2220.0]], "asks": [[115205.0, 6000.0], [115207.5, 12820.0], [115210.0, 3300.0], [115212.5, 6300.0], [115215.0, 35560.0], [115217.5, 3300.0], [115220.0, 26230.0], [115222.5, 3300.0], [115225.0, 84570.0], [115227.5, 15430.0], [115230.0, 54480.0], [115232.5, 34570.0], [115235.0, 680.0], [115240.0, 5270.0], [115242.5, 10000.0], [115250.0, 680.0], [115252.5, 2280.0], [115262.5, 680.0], [115265.0, 2280.0], [115267.5, 4800.0]]}}}
{"jsonrpc": "2.0", "method": "subscription", "params": {"channel": "book.BTC-24OCT25.none.20.100ms", "data": {"timestamp": 1760300574997, "change_id": 121416485386, "instrument_name": "BTC-24OCT25", "bids": [[115202.5, 10000.0], [115197.5, 13130.0], [115195.0, 44000.0], [115192.5, 10370.0], [115190.0, 35410.0], [115187.5, 2280.0], [115182.5, 10470.0], [115180.0, 35090.0], [115177.5, 680.0], [115175.0, 2280.0], [115172.5, 9270.0], [115170.0, 34570.0], [115135.0, 2220.0], [115120.0, 2190.0], [114980.0, 2190.0], [114957.5, 16380.0], [114942.5, 2280.0], [114940.0, 6110.0], [114932.5, 9370.0], [114930.0, 2220.0]], "asks": [[115205.0, 6000.0], [115207.5, 12820.0], [115210.0, 3300.0], [115212.5, 6300.0], [115215.0, 35560.0], [115217.5, 3300.0], [115220.0, 26230.0], [115222.5, 3300.0], [115225.0, 84570.0], [115227.5, 15430.0], [115230.0, 54480.0], [115232.5, 34570.0], [115235.0, 680.0], [115240.0, 5270.0], [115242.5, 10000.0], [115250.0, 680.0], [115252.5, 2280.0], [115262.5, 680.0], [115265.0, 2280.0], [115267.5, 4800.0]]}}}
