{"jsonrpc": "2.0", "method": "subscription", "params": {"channel": "book.BTC-14MAR25.none.20.100ms", "data": {"timestamp": 1741274735608, "change_id": 91311452026, "instrument_name": "BTC-14MAR25", "bids": [[90887.5, 10000.0], [90872.5, 7410.0], [90860.0, 120.0], [90850.0, 4220.0], [90837.5, 4200.0], [90832.5, 13650.0], [90827.5, 4200.0], [90817.5, 4200.0], [90807.5, 4200.0], [90792.5, 7650.0], [90787.5, 4200.0], [90777.5, 4220.0], [90775.0, 14950.0], [90767.5, 4200.0], [90757.5, 4200.0], [90755.0, 22600.0], [90747.5, 4200.0], [90717.5, 4200.0], [90715.0, 45430.0], [90705.0, 20.0]], "asks": [[90902.5, 8400.0], [90905.0, 6800.0], [90907.5, 6800.0], [90910.0, 2600.0], [90915.0, 7530.0], [90922.5, 4200.0], [90932.5, 54200.0], [90935.0, 74930.0], [90937.5, 10000.0], [90942.5, 4200.0], [90962.5, 4200.0], [90970.0, 15090.0], [90975.0, 4200.0], [90985.0, 4200.0], [90987.5, 25150.0], [90995.0, 20.0], [90997.5, 2000.0], [91000.0, 30610.0], [91020.0, 4200.0], [91030.0, 4200.0]]}}}
{"jsonrpc": "2.0", "method": "subscription", "params": {"channel": "book.BTC-7MAR25.none.20.100ms", "data": {"timestamp": 1741274735671, "change_id": 91311452305, "instrument_name": "BTC-7MAR25", "bids": [[90752.5, 10000.0], [90737.5, 2230.0], [90732.5, 4510.0], [90715.0, 1800.0], [90712.5, 6000.0], [90710.0, 13370.0], [90707.5, 44510.0], [90705.0, 1840.0], [90702.5, 6000.0], [90695.0, 1800.0], [90690.0, 6000.0], [90682.5, 1800.0], [90680.0, 6000.0], [90670.0, 1800.0], [90667.5, 6000.0], [90657.5, 24210.0], [90655.0, 60710.0], [90650.0, 1800.0], [90647.5, 6000.0], [90640.0, 1800.0]], "asks": [[90757.5, 6010.0], [90767.5, 1800.0], [90770.0, 6000.0], [90775.0, 1800.0], [90777.5, 7430.0], [90780.0, 28450.0], [90782.5, 6000.0], [90785.0, 104970.0], [90787.5, 26400.0], [90790.0, 1800.0], [90792.5, 6120.0], [90797.5, 3000.0], [90800.0, 10000.0], [90802.5, 1800.0], [90805.0, 6000.0], [90812.5, 1800.0], [90815.0, 12600.0], [90817.5, 22000.0], [90825.0, 6900.0], [90827.5, 6000.0]]}}}
{"jsonrpc": "2.0", "method": "subscription", "params": {"channel": "book.BTC-14MAR25.none.20.100ms", "data": {"timestamp": 1741274735966, "change_id": 91311454323, "instrument_name": "BTC-14MAR25", "bids": [[90860.0, 3000.0], [90857.5, 10000.0], [90850.0, 20.0], [90840.0, 1260.0], [90837.5, 4320.0], [90835.0, 4100.0], [90832.5, 13650.0], [90830.0, 1260.0], [90827.5, 4200.0], [90820.0, 8670.0], [90817.5, 4200.0], [90815.0, 25230.0], [90810.0, 1260.0], [90807.5, 4200.0], [90790.0, 1260.0], [90787.5, 4200.0], [90777.5, 4220.0], [90770.0, 7650.0], [90767.5, 4200.0], [90757.5, 4200.0]], "asks": [[90885.0, 1260.0], [90887.5, 4200.0], [90890.0, 1260.0], [90892.5, 4200.0], [90900.0, 120.0], [90902.5, 8400.0], [90905.0, 6800.0], [90907.5, 6800.0], [90910.0, 2600.0], [90912.5, 10000.0], [90922.5, 4200.0], [90932.5, 54200.0], [90935.0, 90020.0], [90942.5, 4200.0], [90962.5, 4200.0], [90972.5, 2000.0], [90975.0, 4200.0], [90985.0, 4200.0], [90987.5, 25150.0], [90995.0, 20.0]]}}}
{"jsonrpc": "2.0", "method": "subscription", "params": {"channel": "book.BTC-7MAR25.none.20.100ms", "data": {"timestamp": 1741274735979, "change_id": 91311454618, "instrument_name": "BTC-7MAR25", "bids": [[90727.5, 7600.0], [90725.0, 7600.0], [90722.5, 10000.0], [90720.0, 120.0], [90710.0, 7430.0], [90705.0, 40.0], [90702.5, 6000.0], [90695.0, 15020.0], [90690.0, 6000.0], [90682.5, 44510.0], [90680.0, 22650.0], [90667.5, 6000.0], [90657.5, 6000.0], [90647.5, 6000.0], [90637.5, 6000.0], [90632.5, 40.0], [90627.5, 6000.0], [90625.0, 60710.0], [90617.5, 67780.0], [90597.5, 6000.0]], "asks": [[90747.5, 10.0], [90752.5, 6000.0], [90767.5, 44820.0], [90772.5, 6000.0], [90775.0, 120.0], [90777.5, 10000.0], [90782.5, 6000.0], [90785.0, 50000.0], [90787.5, 26400.0], [90792.5, 6000.0], [90805.0, 6000.0], [90810.0, 2000.0], [90812.5, 59750.0], [90815.0, 6000.0], [90817.5, 22000.0], [90827.5, 6000.0], [90830.0, 16990.0], [90837.5, 6000.0], [90850.0, 6040.0], [90870.0, 6000.0]]}}}
{"jsonrpc": "2.0", "method": "subscription", "params": {"channel": "book.BTC-14MAR25.none.20.100ms", "data": {"timestamp": 1741274736328, "change_id": 91311456144, "instrument_name": "BTC-14MAR25", "bids": [[90860.0, 4200.0], [90857.5, 10000.0], [90850.0, 4220.0], [90847.5, 7410.0], [90837.5, 4320.0], [90832.5, 13650.0], [90827.5, 4200.0], [90817.5, 4200.0], [90815.0, 25230.0], [90807.5, 4200.0], [90787.5, 4200.0], [90777.5, 4220.0], [90770.0, 7650.0], [90767.5, 4200.0], [90757.5, 4200.0], [90750.0, 14950.0], [90747.5, 4200.0], [90717.5, 4200.0], [90715.0, 45430.0], [90712.5, 22600.0]], "asks": [[90887.5, 4200.0], [90890.0, 4320.0], [90900.0, 7410.0], [90902.5, 4200.0], [90905.0, 2600.0], [90907.5, 2600.0], [90910.0, 2600.0], [90912.5, 10000.0], [90922.5, 4200.0], [90925.0, 50000.0], [90932.5, 4200.0], [90935.0, 15090.0], [90942.5, 29410.0], [90962.5, 4200.0], [90972.5, 2000.0], [90975.0, 4200.0], [90985.0, 4200.0], [90995.0, 20.0], [91000.0, 30610.0], [91020.0, 4200.0]]}}}
{"jsonrpc": "2.0", "method": "subscription", "params": {"channel": "book.BTC-7MAR25.none.20.100ms", "data": {"timestamp": 1741274736332, "change_id": 91311456153, "instrument_name": "BTC-7MAR25", "bids": [[90735.0, 6010.0], [90732.5, 2280.0], [90730.0, 8560.0], [90727.5, 1600.0], [90725.0, 4640.0], [90722.5, 10000.0], [90720.0, 120.0], [90715.0, 4030.0], [90712.5, 6000.0], [90710.0, 7430.0], [90705.0, 1840.0], [90702.5, 6000.0], [90697.5, 4510.0], [90695.0, 15020.0], [90690.0, 6000.0], [90682.5, 44510.0], [90680.0, 22650.0], [90667.5, 6000.0], [90657.5, 6000.0], [90647.5, 6000.0]], "asks": [[90757.5, 2230.0], [90760.0, 9270.0], [90762.5, 16000.0], [90765.0, 120.0], [90767.5, 44820.0], [90777.5, 10000.0], [90782.5, 56000.0], [90787.5, 26400.0], [90792.5, 6000.0], [90805.0, 6000.0], [90810.0, 2000.0], [90812.5, 59750.0], [90815.0, 6000.0], [90817.5, 22000.0], [90827.5, 6000.0], [90830.0, 16990.0], [90837.5, 6000.0], [90850.0, 6040.0], [90870.0, 6000.0], [90882.5, 6000.0]]}}}
{"jsonrpc": "2.0", "method": "subscription", "params": {"channel": "book.BTC-14MAR25.none.20.100ms", "data": {"timestamp": 1741274736546, "change_id": 91311456633, "instrument_name": "BTC-14MAR25", "bids": [[90857.5, 10000.0], [90850.0, 20.0], [90847.5, 7410.0], [90837.5, 4320.0], [90832.5, 13650.0], [90817.5, 4200.0], [90815.0, 25230.0], [90807.5, 4200.0], [90787.5, 4200.0], [90777.5, 4220.0], [90770.0, 7650.0], [90767.5, 4200.0], [90757.5, 4200.0], [90750.0, 14950.0], [90747.5, 4200.0], [90717.5, 4200.0], [90715.0, 45430.0], [90712.5, 22600.0], [90705.0, 20.0], [90697.5, 4200.0]], "asks": [[90882.5, 6800.0], [90885.0, 2600.0], [90887.5, 4200.0], [90890.0, 120.0], [90892.5, 4200.0], [90900.0, 7410.0], [90902.5, 4200.0], [90905.0, 2600.0], [90910.0, 2600.0], [90912.5, 10000.0], [90922.5, 4200.0], [90925.0, 50000.0], [90932.5, 4200.0], [90935.0, 15090.0], [90942.5, 29410.0], [90962.5, 4200.0], [90972.5, 2000.0], [90985.0, 4200.0], [90995.0, 20.0], [91000.0, 30610.0]]}}}
{"jsonrpc": "2.0", "method": "subscription", "params": {"channel": "book.BTC-7MAR25.none.20.100ms", "data": {"timestamp": 1741274736541, "change_id": 91311456619, "instrument_name": "BTC-7MAR25", "bids": [[90735.0, 10.0], [90730.0, 2080.0], [90727.5, 1600.0], [90725.0, 1600.0], [90722.5, 10000.0], [90720.0, 120.0], [90710.0, 7430.0], [90705.0, 1840.0], [90702.5, 6000.0], [90695.0, 15020.0], [90690.0, 6000.0], [90682.5, 44510.0], [90680.0, 22650.0], [90667.5, 6000.0], [90657.5, 6000.0], [90647.5, 6000.0], [90637.5, 6000.0], [90632.5, 40.0], [90627.5, 6000.0], [90625.0, 60710.0]], "asks": [[90757.5, 6000.0], [90760.0, 13430.0], [90765.0, 120.0], [90767.5, 44820.0], [90777.5, 10000.0], [90782.5, 56000.0], [90787.5, 26400.0], [90792.5, 6000.0], [90805.0, 6000.0], [90810.0, 2000.0], [90812.5, 59750.0], [90815.0, 6000.0], [90817.5, 22000.0], [90827.5, 6000.0], [90830.0, 16990.0], [90837.5, 6000.0], [90850.0, 6040.0], [90870.0, 6000.0], [90882.5, 6000.0], [90905.0, 60780.0]]}}}
{"jsonrpc": "2.0", "method": "subscription", "params": {"channel": "book.BTC-7MAR25.none.20.100ms", "data": {"timestamp": 1741274736716, "change_id": 91311457982, "instrument_name": "BTC-7MAR25", "bids": [[90730.0, 1600.0], [90727.5, 1600.0], [90725.0, 4640.0], [90722.5, 10000.0], [90720.0, 120.0], [90710.0, 7430.0], [90705.0, 1840.0], [90702.5, 6000.0], [90695.0, 15020.0], [90690.0, 6000.0], [90685.0, 16090.0], [90682.5, 44510.0], [90680.0, 6000.0], [90667.5, 6000.0], [90657.5, 6000.0], [90647.5, 6000.0], [90637.5, 6000.0], [90632.5, 40.0], [90627.5, 6000.0], [90625.0, 60710.0]], "asks": [[90752.5, 10.0], [90757.5, 6000.0], [90760.0, 13430.0], [90765.0, 120.0], [90767.5, 44820.0], [90772.5, 6000.0], [90777.5, 10000.0], [90782.5, 56000.0], [90787.5, 26400.0], [90792.5, 6000.0], [90805.0, 6000.0], [90810.0, 2000.0], [90812.5, 59750.0], [90815.0, 6000.0], [90817.5, 22000.0], [90827.5, 6000.0], [90830.0, 16990.0], [90837.5, 6000.0], [90850.0, 6040.0], [90870.0, 6000.0]]}}}
{"jsonrpc": "2.0", "method": "subscription", "params": {"channel": "book.BTC-14MAR25.none.20.100ms", "data": {"timestamp": 1741274736998, "change_id": 91311458509, "instrument_name": "BTC-14MAR25", "bids": [[90860.0, 2990.0], [90857.5, 10000.0], [90850.0, 2240.0], [90847.5, 7410.0], [90840.0, 1300.0], [90837.5, 4320.0], [90835.0, 4100.0], [90832.5, 13650.0], [90820.0, 1260.0], [90817.5, 4200.0], [90815.0, 7540.0], [90812.5, 25140.0], [90810.0, 1260.0], [90807.5, 4200.0], [90790.0, 1260.0], [90787.5, 4200.0], [90780.0, 1270.0], [90777.5, 4220.0], [90772.5, 2300.0], [90770.0, 8910.0]], "asks": [[90877.5, 6800.0], [90880.0, 4640.0], [90882.5, 6800.0], [90885.0, 2100.0], [90890.0, 7530.0], [90892.5, 12950.0], [90895.0, 44150.0], [90897.5, 50000.0], [90900.0, 1260.0], [90902.5, 4200.0], [90910.0, 3000.0], [90912.5, 10000.0], [90920.0, 1260.0], [90922.5, 4200.0], [90932.5, 4200.0], [90935.0, 15090.0], [90942.5, 29410.0], [90962.5, 4200.0], [90972.5, 2000.0], [90985.0, 4200.0]]}}}
{"jsonrpc": "2.0", "method": "subscription", "params": {"channel": "book.BTC-14MAR25.none.20.100ms", "data": {"timestamp": 1741274737307, "change_id": 91311459632, "instrument_name": "BTC-14MAR25", "bids": [[90860.0, 3000.0], [90857.5, 10000.0], [90850.0, 2240.0], [90847.5, 7410.0], [90840.0, 1300.0], [90837.5, 4320.0], [90835.0, 4100.0], [90832.5, 13650.0], [90820.0, 1260.0], [90817.5, 4200.0], [90815.0, 7540.0], [90812.5, 25140.0], [90810.0, 1260.0], [90807.5, 4200.0], [90790.0, 1260.0], [90787.5, 4200.0], [90780.0, 1270.0], [90777.5, 4220.0], [90770.0, 3400.0], [90767.5, 11850.0]], "asks": [[90875.0, 6800.0], [90877.5, 6800.0], [90880.0, 3380.0], [90882.5, 2600.0], [90885.0, 2100.0], [90890.0, 7530.0], [90892.5, 12950.0], [90895.0, 44150.0], [90897.5, 50000.0], [90900.0, 1260.0], [90902.5, 4200.0], [90910.0, 3000.0], [90912.5, 10000.0], [90920.0, 1260.0], [90922.5, 4200.0], [90930.0, 5790.0], [90932.5, 4200.0], [90935.0, 15090.0], [90940.0, 8820.0], [90942.5, 29410.0]]}}}
{"jsonrpc": "2.0", "method": "subscription", "params": {"channel": "book.BTC-7MAR25.none.20.100ms", "data": {"timestamp": 1741274737308, "change_id": 91311459638, "instrument_name": "BTC-7MAR25", "bids": [[90730.0, 2560.0], [90727.5, 1600.0], [90725.0, 4640.0], [90722.5, 10000.0], [90712.5, 2230.0], [90710.0, 7430.0], [90707.5, 120.0], [90705.0, 1840.0], [90702.5, 6000.0], [90697.5, 4510.0], [90695.0, 15020.0], [90692.5, 1800.0], [90690.0, 6000.0], [90687.5, 4830.0], [90685.0, 31240.0], [90682.5, 44510.0], [90680.0, 6000.0], [90670.0, 1800.0], [90667.5, 6000.0], [90660.0, 1800.0]], "asks": [[90745.0, 1800.0], [90747.5, 6000.0], [90752.5, 10.0], [90755.0, 2230.0], [90760.0, 7430.0], [90765.0, 26880.0], [90767.5, 94820.0], [90770.0, 1800.0], [90772.5, 6000.0], [90775.0, 19250.0], [90777.5, 64170.0], [90780.0, 1800.0], [90782.5, 6000.0], [90785.0, 7920.0], [90787.5, 26400.0], [90790.0, 1800.0], [90792.5, 6000.0], [90802.5, 1800.0], [90805.0, 6000.0], [90807.5, 600.0]]}}}
{"jsonrpc": "2.0", "method": "subscription", "params": {"channel": "book.BTC-14MAR25.none.20.100ms", "data": {"timestamp": 1741274737658, "change_id": 91311460626, "instrument_name": "BTC-14MAR25", "bids": [[90860.0, 3000.0], [90857.5, 10000.0], [90850.0, 2240.0], [90847.5, 7410.0], [90840.0, 5250.0], [90837.5, 18040.0], [90835.0, 4100.0], [90832.5, 13650.0], [90820.0, 1260.0], [90817.5, 4200.0], [90815.0, 7540.0], [90812.5, 25140.0], [90810.0, 1260.0], [90807.5, 4200.0], [90790.0, 1260.0], [90787.5, 4200.0], [90780.0, 1270.0], [90777.5, 4220.0], [90770.0, 3400.0], [90767.5, 11850.0]], "asks": [[90875.0, 2600.0], [90877.5, 2600.0], [90880.0, 3380.0], [90882.5, 2600.0], [90885.0, 2100.0], [90890.0, 7530.0], [90900.0, 1260.0], [90902.5, 4200.0], [90910.0, 17630.0], [90912.5, 60000.0], [90920.0, 1260.0], [90922.5, 4200.0], [90930.0, 5790.0], [90932.5, 4200.0], [90935.0, 15090.0], [90940.0, 8820.0], [90942.5, 29410.0], [90960.0, 1260.0], [90962.5, 4200.0], [90970.0, 600.0]]}}}
{"jsonrpc": "2.0", "method": "subscription", "params": {"channel": "book.BTC-7MAR25.none.20.100ms", "data": {"timestamp": 1741274737656, "change_id": 91311460610, "instrument_name": "BTC-7MAR25", "bids": [[90735.0, 4220.0], [90732.5, 7600.0], [90730.0, 2560.0], [90727.5, 1600.0], [90725.0, 4640.0], [90722.5, 10000.0], [90720.0, 120.0], [90715.0, 4030.0], [90712.5, 6000.0], [90710.0, 7430.0], [90705.0, 1840.0], [90702.5, 6000.0], [90697.5, 4510.0], [90695.0, 15020.0], [90692.5, 1800.0], [90690.0, 6000.0], [90687.5, 4830.0], [90685.0, 31240.0], [90682.5, 44510.0], [90680.0, 6000.0]], "asks": [[90752.5, 10.0], [90757.5, 2230.0], [90760.0, 7430.0], [90765.0, 26880.0], [90767.5, 94820.0], [90775.0, 19250.0], [90777.5, 64170.0], [90780.0, 1800.0], [90782.5, 6000.0], [90785.0, 7920.0], [90787.5, 26400.0], [90790.0, 1800.0], [90792.5, 6000.0], [90802.5, 1800.0], [90805.0, 6000.0], [90807.5, 600.0], [90810.0, 21730.0], [90812.5, 59750.0], [90815.0, 12600.0], [90817.5, 22000.0]]}}}
{"jsonrpc": "2.0", "method": "subscription", "params": {"channel": "book.BTC-14MAR25.none.20.100ms", "data": {"timestamp": 1741274737913, "change_id": 91311461930, "instrument_name": "BTC-14MAR25", "bids": [[90860.0, 3000.0], [90857.5, 10000.0], [90850.0, 2240.0], [90847.5, 7410.0], [90840.0, 5250.0], [90837.5, 18040.0], [90835.0, 4100.0], [90832.5, 13650.0], [90820.0, 1260.0], [90817.5, 4200.0], [90815.0, 7540.0], [90812.5, 25140.0], [90810.0, 1260.0], [90807.5, 4200.0], [90790.0, 1260.0], [90787.5, 4200.0], [90780.0, 1270.0], [90777.5, 4220.0], [90770.0, 3400.0], [90767.5, 11850.0]], "asks": [[90875.0, 2600.0], [90877.5, 2600.0], [90880.0, 2600.0], [90882.5, 2600.0], [90885.0, 17000.0], [90890.0, 68220.0], [90892.5, 60320.0], [90897.5, 2220.0], [90900.0, 8670.0], [90902.5, 4200.0], [90910.0, 3000.0], [90912.5, 10000.0], [90920.0, 1260.0], [90922.5, 4200.0], [90930.0, 5790.0], [90932.5, 4200.0], [90935.0, 15090.0], [90940.0, 8820.0], [90942.5, 29410.0], [90960.0, 1260.0]]}}}
{"jsonrpc": "2.0", "method": "subscription", "params": {"channel": "book.BTC-7MAR25.none.20.100ms", "data": {"timestamp": 1741274737940, "change_id": 91311461732, "instrument_name": "BTC-7MAR25", "bids": [[90737.5, 1600.0], [90735.0, 8760.0], [90732.5, 1600.0], [90730.0, 960.0], [90727.5, 1600.0], [90725.0, 4640.0], [90722.5, 10000.0], [90720.0, 120.0], [90715.0, 4030.0], [90712.5, 6000.0], [90710.0, 7430.0], [90705.0, 1840.0], [90702.5, 6000.0], [90697.5, 4510.0], [90695.0, 15020.0], [90692.5, 1800.0], [90690.0, 6000.0], [90687.5, 4830.0], [90685.0, 31240.0], [90682.5, 44510.0]], "asks": [[90752.5, 10.0], [90757.5, 2230.0], [90760.0, 7430.0], [90765.0, 26880.0], [90767.5, 94820.0], [90775.0, 19250.0], [90777.5, 64170.0], [90780.0, 1800.0], [90782.5, 6000.0], [90785.0, 7920.0], [90787.5, 26400.0], [90790.0, 1800.0], [90792.5, 6000.0], [90802.5, 1800.0], [90805.0, 6000.0], [90807.5, 600.0], [90810.0, 21730.0], [90812.5, 59750.0], [90815.0, 12600.0], [90817.5, 22000.0]]}}}
{"jsonrpc": "2.0", "method": "subscription", "params": {"channel": "book.BTC-7MAR25.none.20.100ms", "data": {"timestamp": 1741274738230, "change_id": 91311463027, "instrument_name": "BTC-7MAR25", "bids": [[90740.0, 4360.0], [90737.5, 7600.0], [90735.0, 5060.0], [90732.5, 11600.0], [90730.0, 1080.0], [90727.5, 1600.0], [90725.0, 3830.0], [90722.5, 7430.0], [90715.0, 1800.0], [90712.5, 6000.0], [90705.0, 1840.0], [90702.5, 6000.0], [90697.5, 4510.0], [90695.0, 15020.0], [90692.5, 1800.0], [90690.0, 6000.0], [90687.5, 4830.0], [90685.0, 31240.0], [90682.5, 44510.0], [90680.0, 6000.0]], "asks": [[90755.0, 10.0], [90757.5, 2230.0], [90760.0, 7430.0], [90765.0, 26880.0], [90767.5, 94820.0], [90775.0, 19250.0], [90777.5, 64170.0], [90785.0, 7920.0], [90787.5, 26400.0], [90790.0, 1800.0], [90792.5, 6000.0], [90802.5, 1800.0], [90805.0, 6000.0], [90807.5, 600.0], [90810.0, 21730.0], [90812.5, 59750.0], [90815.0, 12600.0], [90817.5, 22000.0], [90825.0, 6900.0], [90827.5, 6000.0]]}}}
{"jsonrpc": "2.0", "method": "subscription", "params": {"channel": "book.BTC-14MAR25.none.20.100ms", "data": {"timestamp": 1741274738289, "change_id": 91311463273, "instrument_name": "BTC-14MAR25", "bids": [[90870.0, 3000.0], [90867.5, 10000.0], [90862.5, 2220.0], [90860.0, 7410.0], [90852.5, 1270.0], [90850.0, 4220.0], [90847.5, 120.0], [90840.0, 5210.0], [90837.5, 17920.0], [90835.0, 4100.0], [90832.5, 13650.0], [90820.0, 1260.0], [90817.5, 4200.0], [90815.0, 7540.0], [90812.5, 25140.0], [90810.0, 1260.0], [90807.5, 4200.0], [90790.0, 1260.0], [90787.5, 4200.0], [90780.0, 1270.0]], "asks": [[90885.0, 2600.0], [90887.5, 2600.0], [90890.0, 61610.0], [90892.5, 60320.0], [90897.5, 2220.0], [90900.0, 8670.0], [90902.5, 4200.0], [90910.0, 3000.0], [90912.5, 10000.0], [90920.0, 1260.0], [90922.5, 4200.0], [90930.0, 5790.0], [90932.5, 4200.0], [90935.0, 15090.0], [90940.0, 1260.0], [90942.5, 4200.0], [90960.0, 1260.0], [90962.5, 4200.0], [90970.0, 7280.0], [90972.5, 2000.0]]}}}
{"jsonrpc": "2.0", "method": "subscription", "params": {"channel": "book.BTC-7MAR25.none.20.100ms", "data": {"timestamp": 1741274738632, "change_id": 91311464104, "instrument_name": "BTC-7MAR25", "bids": [[90750.0, 10.0], [90745.0, 960.0], [90742.5, 1600.0], [90740.0, 2560.0], [90737.5, 1600.0], [90735.0, 5060.0], [90732.5, 11600.0], [90730.0, 1080.0], [90727.5, 1600.0], [90725.0, 3830.0], [90722.5, 7430.0], [90715.0, 1800.0], [90712.5, 6000.0], [90705.0, 1840.0], [90702.5, 6000.0], [90697.5, 4510.0], [90695.0, 15020.0], [90692.5, 1800.0], [90690.0, 6000.0], [90687.5, 4830.0]], "asks": [[90765.0, 26760.0], [90767.5, 94820.0], [90777.5, 120.0], [90785.0, 7920.0], [90787.5, 26400.0], [90790.0, 11800.0], [90792.5, 6000.0], [90802.5, 1800.0], [90805.0, 6000.0], [90807.5, 600.0], [90810.0, 21730.0], [90812.5, 59750.0], [90815.0, 12600.0], [90817.5, 22000.0], [90825.0, 6900.0], [90827.5, 6000.0], [90830.0, 16990.0], [90835.0, 1800.0], [90837.5, 6000.0], [90847.5, 1810.0]]}}}
{"jsonrpc": "2.0", "method": "subscription", "params": {"channel": "book.BTC-14MAR25.none.20.100ms", "data": {"timestamp": 1741274738651, "change_id": 91311464183, "instrument_name": "BTC-14MAR25", "bids": [[90872.5, 1260.0], [90870.0, 7200.0], [90867.5, 10000.0], [90862.5, 2220.0], [90860.0, 7410.0], [90852.5, 1270.0], [90850.0, 4220.0], [90847.5, 120.0], [90840.0, 5210.0], [90837.5, 17920.0], [90835.0, 4100.0], [90832.5, 13650.0], [90820.0, 1260.0], [90817.5, 4200.0], [90815.0, 7540.0], [90812.5, 25140.0], [90810.0, 1260.0], [90807.5, 4200.0], [90790.0, 1260.0], [90787.5, 4200.0]], "asks": [[90885.0, 2600.0], [90887.5, 2600.0], [90897.5, 2220.0], [90900.0, 8670.0], [90902.5, 120.0], [90905.0, 4200.0], [90920.0, 4100.0], [90922.5, 4200.0], [90925.0, 25000.0], [90927.5, 50000.0], [90930.0, 5790.0], [90932.5, 4200.0], [90935.0, 15090.0], [90940.0, 1260.0], [90942.5, 4200.0], [90960.0, 1260.0], [90962.5, 4200.0], [90972.5, 13560.0], [90975.0, 24520.0], [90982.5, 1260.0]]}}}
{"jsonrpc": "2.0", "method": "subscription", "params": {"channel": "book.BTC-7MAR25.none.20.100ms", "data": {"timestamp": 1741274738930, "change_id": 91311465444, "instrument_name": "BTC-7MAR25", "bids": [[90745.0, 10000.0], [90742.5, 1600.0], [90740.0, 1720.0], [90732.5, 1600.0], [90725.0, 1600.0], [90722.5, 7430.0], [90717.5, 15020.0], [90712.5, 6000.0], [90705.0, 40.0], [90702.5, 6000.0], [90697.5, 44510.0], [90690.0, 6000.0], [90685.0, 16090.0], [90680.0, 6000.0], [90667.5, 6000.0], [90657.5, 6000.0], [90647.5, 6000.0], [90645.0, 60710.0], [90637.5, 6000.0], [90632.5, 40.0]], "asks": [[90760.0, 10.0], [90765.0, 7430.0], [90777.5, 120.0], [90780.0, 6000.0], [90787.5, 26400.0], [90790.0, 10000.0], [90792.5, 6000.0], [90802.5, 50000.0], [90805.0, 6000.0], [90810.0, 2000.0], [90812.5, 76540.0], [90815.0, 50820.0], [90817.5, 22000.0], [90827.5, 6000.0], [90837.5, 6000.0], [90850.0, 6040.0], [90882.5, 6000.0], [90905.0, 60780.0], [90910.0, 6000.0], [90922.5, 6040.0]]}}}
{"jsonrpc": "2.0", "method": "subscription", "params": {"channel": "book.BTC-14MAR25.none.20.100ms", "data": {"timestamp": 1741274738929, "change_id": 91311465436, "instrument_name": "BTC-14MAR25", "bids": [[90880.0, 10000.0], [90862.5, 2220.0], [90860.0, 7410.0], [90857.5, 120.0], [90852.5, 1270.0], [90850.0, 4220.0], [90837.5, 17920.0], [90832.5, 13650.0], [90817.5, 4200.0], [90812.5, 25140.0], [90807.5, 4200.0], [90787.5, 4200.0], [90777.5, 4220.0], [90767.5, 11850.0], [90757.5, 4200.0], [90747.5, 4200.0], [90745.0, 14950.0], [90717.5, 4200.0], [90715.0, 45430.0], [90712.5, 22600.0]], "asks": [[90885.0, 2600.0], [90887.5, 2600.0], [90902.5, 1380.0], [90905.0, 4200.0], [90907.5, 2220.0], [90910.0, 7410.0], [90920.0, 18750.0], [90922.5, 54200.0], [90925.0, 10000.0], [90932.5, 4200.0], [90935.0, 15090.0], [90942.5, 4200.0], [90952.5, 25230.0], [90962.5, 4200.0], [90972.5, 6200.0], [90985.0, 4200.0], [90995.0, 20.0], [91000.0, 30610.0], [91002.5, 22760.0], [91020.0, 4200.0]]}}}
{"jsonrpc": "2.0", "method": "subscription", "params": {"channel": "book.BTC-7MAR25.none.20.100ms", "data": {"timestamp": 1741274739220, "change_id": 91311466272, "instrument_name": "BTC-7MAR25", "bids": [[90745.0, 10000.0], [90742.5, 1600.0], [90740.0, 1720.0], [90732.5, 1600.0], [90725.0, 1600.0], [90722.5, 7430.0], [90717.5, 15020.0], [90712.5, 6000.0], [90705.0, 40.0], [90702.5, 6000.0], [90697.5, 44510.0], [90690.0, 6000.0], [90685.0, 16090.0], [90680.0, 6000.0], [90667.5, 6000.0], [90657.5, 6000.0], [90647.5, 6000.0], [90645.0, 60710.0], [90637.5, 6000.0], [90632.5, 40.0]], "asks": [[90760.0, 10.0], [90765.0, 7430.0], [90777.5, 120.0], [90780.0, 6000.0], [90787.5, 26400.0], [90790.0, 10000.0], [90792.5, 6000.0], [90802.5, 50000.0], [90805.0, 6000.0], [90810.0, 2000.0], [90812.5, 76540.0], [90815.0, 50820.0], [90817.5, 22000.0], [90827.5, 6000.0], [90837.5, 6000.0], [90850.0, 6040.0], [90882.5, 6000.0], [90905.0, 60780.0], [90910.0, 6000.0], [90922.5, 6040.0]]}}}
{"jsonrpc": "2.0", "method": "subscription", "params": {"channel": "book.BTC-14MAR25.none.20.100ms", "data": {"timestamp": 1741274739314, "change_id": 91311466524, "instrument_name": "BTC-14MAR25", "bids": [[90882.5, 2600.0], [90880.0, 10000.0], [90862.5, 2220.0], [90860.0, 7410.0], [90857.5, 120.0], [90852.5, 1270.0], [90850.0, 4220.0], [90837.5, 17920.0], [90832.5, 13650.0], [90817.5, 4200.0], [90812.5, 25140.0], [90807.5, 4200.0], [90787.5, 4200.0], [90777.5, 4220.0], [90767.5, 4200.0], [90760.0, 14950.0], [90757.5, 4200.0], [90747.5, 4200.0], [90717.5, 4200.0], [90715.0, 45430.0]], "asks": [[90895.0, 4080.0], [90897.5, 7420.0], [90900.0, 6800.0], [90902.5, 120.0], [90907.5, 3210.0], [90910.0, 11610.0], [90920.0, 18750.0], [90922.5, 54200.0], [90925.0, 10000.0], [90932.5, 4200.0], [90935.0, 15090.0], [90942.5, 4200.0], [90952.5, 25230.0], [90962.5, 4200.0], [90972.5, 6200.0], [90985.0, 4200.0], [90995.0, 20.0], [91000.0, 30610.0], [91002.5, 22760.0], [91020.0, 4200.0]]}}}
{"jsonrpc": "2.0", "method": "subscription", "params": {"channel": "book.BTC-7MAR25.none.20.100ms", "data": {"timestamp": 1741274739521, "change_id": 91311466838, "instrument_name": "BTC-7MAR25", "bids": [[90750.0, 1600.0], [90747.5, 4600.0], [90745.0, 10520.0], [90742.5, 1600.0], [90740.0, 120.0], [90727.5, 480.0], [90725.0, 1600.0], [90722.5, 7430.0], [90717.5, 15020.0], [90712.5, 6000.0], [90705.0, 40.0], [90702.5, 6000.0], [90697.5, 44510.0], [90690.0, 6000.0], [90685.0, 16090.0], [90680.0, 6000.0], [90667.5, 6000.0], [90657.5, 6000.0], [90647.5, 6000.0], [90645.0, 60710.0]], "asks": [[90760.0, 10.0], [90765.0, 7430.0], [90777.5, 120.0], [90787.5, 26400.0], [90790.0, 10000.0], [90792.5, 6000.0], [90802.5, 50000.0], [90805.0, 6000.0], [90810.0, 2000.0], [90812.5, 76540.0], [90815.0, 50820.0], [90817.5, 22000.0], [90827.5, 6000.0], [90837.5, 6000.0], [90850.0, 6040.0], [90882.5, 6000.0], [90905.0, 60780.0], [90910.0, 6000.0], [90922.5, 6040.0], [90950.0, 500.0]]}}}
{"jsonrpc": "2.0", "method": "subscription", "params": {"channel": "book.BTC-14MAR25.none.20.100ms", "data": {"timestamp": 1741274739596, "change_id": 91311466941, "instrument_name": "BTC-14MAR25", "bids": [[90882.5, 2600.0], [90880.0, 10000.0], [90860.0, 7410.0], [90857.5, 120.0], [90850.0, 4220.0], [90837.5, 17920.0], [90832.5, 13650.0], [90817.5, 4200.0], [90812.5, 25140.0], [90807.5, 4200.0], [90787.5, 4200.0], [90780.0, 7650.0], [90777.5, 4220.0], [90767.5, 4200.0], [90760.0, 14950.0], [90757.5, 4200.0], [90747.5, 4200.0], [90717.5, 4200.0], [90715.0, 45430.0], [90712.5, 22600.0]], "asks": [[90892.5, 6800.0], [90895.0, 2600.0], [90897.5, 6800.0], [90900.0, 2600.0], [90902.5, 120.0], [90907.5, 990.0], [90910.0, 11610.0], [90922.5, 4200.0], [90925.0, 10000.0], [90932.5, 4200.0], [90935.0, 65090.0], [90942.5, 4200.0], [90952.5, 25230.0], [90962.5, 4200.0], [90972.5, 6200.0], [90985.0, 4200.0], [90995.0, 20.0], [91000.0, 30610.0], [91002.5, 22760.0], [91020.0, 4200.0]]}}}
{"jsonrpc": "2.0", "method": "subscription", "params": {"channel": "book.BTC-7MAR25.none.20.100ms", "data": {"timestamp": 1741274739927, "change_id": 91311467913, "instrument_name": "BTC-7MAR25", "bids": [[90745.0, 10000.0], [90740.0, 120.0], [90727.5, 480.0], [90725.0, 3830.0], [90722.5, 7430.0], [90720.0, 4510.0], [90717.5, 15020.0], [90712.5, 6000.0], [90705.0, 40.0], [90702.5, 6000.0], [90697.5, 44510.0], [90690.0, 6000.0], [90685.0, 16090.0], [90680.0, 6000.0], [90667.5, 6000.0], [90657.5, 6000.0], [90647.5, 6000.0], [90645.0, 60710.0], [90637.5, 6000.0], [90632.5, 40.0]], "asks": [[90752.5, 10.0], [90757.5, 1810.0], [90760.0, 6000.0], [90762.5, 2230.0], [90765.0, 7430.0], [90777.5, 1920.0], [90780.0, 6000.0], [90785.0, 50000.0], [90787.5, 26400.0], [90790.0, 10000.0], [90792.5, 6000.0], [90805.0, 6000.0], [90810.0, 2000.0], [90812.5, 76540.0], [90815.0, 50820.0], [90817.5, 22000.0], [90827.5, 6000.0], [90837.5, 6000.0], [90850.0, 6040.0], [90882.5, 6000.0]]}}}
{"jsonrpc": "2.0", "method": "subscription", "params": {"channel": "book.BTC-14MAR25.none.20.100ms", "data": {"timestamp": 1741274739941, "change_id": 91311467820, "instrument_name": "BTC-14MAR25", "bids": [[90880.0, 10000.0], [90862.5, 2220.0], [90860.0, 7410.0], [90857.5, 120.0], [90852.5, 1270.0], [90850.0, 4220.0], [90837.5, 17920.0], [90832.5, 13650.0], [90817.5, 4200.0], [90812.5, 25140.0], [90807.5, 4200.0], [90787.5, 4200.0], [90780.0, 7650.0], [90777.5, 4220.0], [90767.5, 4200.0], [90760.0, 14950.0], [90757.5, 4200.0], [90747.5, 4200.0], [90717.5, 4200.0], [90715.0, 45430.0]], "asks": [[90885.0, 4200.0], [90887.5, 4980.0], [90890.0, 4160.0], [90892.5, 2600.0], [90895.0, 5420.0], [90897.5, 2600.0], [90900.0, 6800.0], [90902.5, 120.0], [90907.5, 3360.0], [90910.0, 11610.0], [90922.5, 54200.0], [90925.0, 10000.0], [90932.5, 4200.0], [90935.0, 15090.0], [90942.5, 4200.0], [90952.5, 25230.0], [90962.5, 4200.0], [90972.5, 6200.0], [90985.0, 4200.0], [90995.0, 20.0]]}}}
{"jsonrpc": "2.0", "method": "subscription", "params": {"channel": "book.BTC-7MAR25.none.20.100ms", "data": {"timestamp": 1741274740206, "change_id": 91311468888, "instrument_name": "BTC-7MAR25", "bids": [[90732.5, 10000.0], [90727.5, 600.0], [90725.0, 1600.0], [90705.0, 40.0], [90702.5, 6000.0], [90700.0, 15020.0], [90690.0, 6000.0], [90685.0, 16090.0], [90682.5, 44510.0], [90667.5, 6000.0], [90657.5, 6000.0], [90647.5, 6000.0], [90637.5, 6000.0], [90632.5, 40.0], [90627.5, 6000.0], [90625.0, 60710.0], [90617.5, 67780.0], [90590.0, 1800.0], [90587.5, 6000.0], [90567.5, 111000.0]], "asks": [[90740.0, 10.0], [90750.0, 15020.0], [90752.5, 6000.0], [90755.0, 44820.0], [90757.5, 16570.0], [90760.0, 50000.0], [90762.5, 2230.0], [90765.0, 7430.0], [90767.5, 120.0], [90770.0, 6000.0], [90777.5, 1800.0], [90780.0, 16000.0], [90787.5, 26400.0], [90805.0, 6000.0], [90810.0, 2000.0], [90812.5, 76540.0], [90815.0, 6000.0], [90817.5, 22000.0], [90827.5, 6000.0], [90837.5, 6000.0]]}}}
{"jsonrpc": "2.0", "method": "subscription", "params": {"channel": "book.BTC-14MAR25.none.20.100ms", "data": {"timestamp": 1741274740298, "change_id": 91311469185, "instrument_name": "BTC-14MAR25", "bids": [[90867.5, 10000.0], [90850.0, 20.0], [90845.0, 120.0], [90840.0, 5380.0], [90837.5, 17920.0], [90832.5, 13650.0], [90817.5, 4200.0], [90812.5, 25140.0], [90807.5, 4200.0], [90787.5, 4200.0], [90780.0, 7650.0], [90777.5, 4220.0], [90767.5, 4200.0], [90760.0, 14950.0], [90757.5, 4200.0], [90747.5, 4200.0], [90717.5, 4200.0], [90715.0, 45430.0], [90712.5, 22600.0], [90705.0, 20.0]], "asks": [[90877.5, 4200.0], [90880.0, 4200.0], [90887.5, 1940.0], [90890.0, 10620.0], [90892.5, 2720.0], [90895.0, 10010.0], [90897.5, 19640.0], [90900.0, 67280.0], [90902.5, 34940.0], [90910.0, 4200.0], [90915.0, 10000.0], [90922.5, 4200.0], [90932.5, 4200.0], [90935.0, 15090.0], [90942.5, 4200.0], [90952.5, 25230.0], [90962.5, 4200.0], [90972.5, 6200.0], [90985.0, 4200.0], [90995.0, 20.0]]}}}
{"jsonrpc": "2.0", "method": "subscription", "params": {"channel": "book.BTC-7MAR25.none.20.100ms", "data": {"timestamp": 1741274740454, "change_id": 91311469650, "instrument_name": "BTC-7MAR25", "bids": [[90727.5, 120.0], [90722.5, 3000.0], [90720.0, 10000.0], [90717.5, 2230.0], [90715.0, 7430.0], [90705.0, 40.0], [90700.0, 15020.0], [90690.0, 6000.0], [90685.0, 16090.0], [90682.5, 44510.0], [90667.5, 6000.0], [90657.5, 6000.0], [90647.5, 6000.0], [90637.5, 6000.0], [90632.5, 40.0], [90627.5, 6000.0], [90625.0, 60710.0], [90617.5, 67780.0], [90590.0, 1800.0], [90587.5, 6000.0]], "asks": [[90740.0, 10.0], [90750.0, 15020.0], [90752.5, 13430.0], [90755.0, 44820.0], [90757.5, 16570.0], [90760.0, 50000.0], [90767.5, 120.0], [90770.0, 16000.0], [90772.5, 22000.0], [90777.5, 1800.0], [90780.0, 6000.0], [90787.5, 26400.0], [90805.0, 6000.0], [90810.0, 2000.0], [90812.5, 76540.0], [90815.0, 6000.0], [90827.5, 6000.0], [90837.5, 6000.0], [90850.0, 6040.0], [90882.5, 6000.0]]}}}
{"jsonrpc": "2.0", "method": "subscription", "params": {"channel": "book.BTC-14MAR25.none.20.100ms", "data": {"timestamp": 1741274740542, "change_id": 91311469758, "instrument_name": "BTC-14MAR25", "bids": [[90855.0, 12230.0], [90852.5, 7410.0], [90850.0, 20.0], [90845.0, 120.0], [90840.0, 5380.0], [90837.5, 17920.0], [90832.5, 13650.0], [90817.5, 4200.0], [90812.5, 25140.0], [90807.5, 4200.0], [90787.5, 4200.0], [90777.5, 4220.0], [90767.5, 4200.0], [90765.0, 7650.0], [90757.5, 4200.0], [90747.5, 4200.0], [90742.5, 14950.0], [90717.5, 4200.0], [90715.0, 45430.0], [90712.5, 22600.0]], "asks": [[90877.5, 1260.0], [90880.0, 4200.0], [90885.0, 2040.0], [90887.5, 4200.0], [90890.0, 6420.0], [90892.5, 2720.0], [90895.0, 10010.0], [90897.5, 19640.0], [90900.0, 56800.0], [90907.5, 1260.0], [90910.0, 4200.0], [90915.0, 10000.0], [90922.5, 4200.0], [90932.5, 4200.0], [90935.0, 15090.0], [90942.5, 4200.0], [90952.5, 25230.0], [90962.5, 4200.0], [90972.5, 6200.0], [90985.0, 4200.0]]}}}
{"jsonrpc": "2.0", "method": "subscription", "params": {"channel": "book.BTC-7MAR25.none.20.100ms", "data": {"timestamp": 1741274740962, "change_id": 91311470557, "instrument_name": "BTC-7MAR25", "bids": [[90730.0, 6960.0], [90727.5, 1600.0], [90725.0, 6400.0], [90722.5, 6000.0], [90720.0, 10000.0], [90717.5, 2230.0], [90715.0, 7550.0], [90712.5, 1800.0], [90710.0, 6000.0], [90705.0, 40.0], [90702.5, 4510.0], [90700.0, 15020.0], [90690.0, 6000.0], [90685.0, 29440.0], [90682.5, 44510.0], [90667.5, 6000.0], [90657.5, 6000.0], [90650.0, 1800.0], [90647.5, 6000.0], [90637.5, 6000.0]], "asks": [[90740.0, 10.0], [90750.0, 15020.0], [90752.5, 13430.0], [90755.0, 44820.0], [90757.5, 16690.0], [90760.0, 50000.0], [90770.0, 16000.0], [90772.5, 22000.0], [90777.5, 1800.0], [90780.0, 6000.0], [90785.0, 7920.0], [90787.5, 26400.0], [90805.0, 6000.0], [90810.0, 2000.0], [90812.5, 76540.0], [90815.0, 6000.0], [90825.0, 1800.0], [90827.5, 6000.0], [90837.5, 6000.0], [90850.0, 6040.0]]}}}
{"jsonrpc": "2.0", "method": "subscription", "params": {"channel": "book.BTC-14MAR25.none.20.100ms", "data": {"timestamp": 1741274740896, "change_id": 91311470515, "instrument_name": "BTC-14MAR25", "bids": [[90857.5, 5600.0], [90855.0, 12230.0], [90852.5, 7410.0], [90850.0, 20.0], [90840.0, 5380.0], [90837.5, 17920.0], [90832.5, 13770.0], [90817.5, 4200.0], [90815.0, 7540.0], [90812.5, 25140.0], [90807.5, 4200.0], [90787.5, 4200.0], [90777.5, 4220.0], [90770.0, 3560.0], [90767.5, 4200.0], [90765.0, 7650.0], [90757.5, 4200.0], [90747.5, 4200.0], [90742.5, 14950.0], [90737.5, 4200.0]], "asks": [[90877.5, 1260.0], [90880.0, 4200.0], [90882.5, 120.0], [90885.0, 38290.0], [90887.5, 50000.0], [90890.0, 88210.0], [90892.5, 2600.0], [90895.0, 12830.0], [90897.5, 2600.0], [90900.0, 6800.0], [90902.5, 3000.0], [90905.0, 10000.0], [90907.5, 1260.0], [90910.0, 4200.0], [90922.5, 4200.0], [90932.5, 4200.0], [90935.0, 15090.0], [90940.0, 1260.0], [90942.5, 4200.0], [90952.5, 25230.0]]}}}
{"jsonrpc": "2.0", "method": "subscription", "params": {"channel": "book.BTC-14MAR25.none.20.100ms", "data": {"timestamp": 1741274741283, "change_id": 91311471579, "instrument_name": "BTC-14MAR25", "bids": [[90862.5, 3380.0], [90860.0, 7640.0], [90857.5, 2600.0], [90855.0, 15810.0], [90852.5, 7410.0], [90850.0, 4220.0], [90840.0, 5380.0], [90837.5, 17920.0], [90832.5, 13770.0], [90817.5, 4200.0], [90815.0, 7540.0], [90812.5, 25140.0], [90787.5, 4200.0], [90777.5, 4220.0], [90770.0, 3560.0], [90767.5, 4200.0], [90765.0, 7650.0], [90757.5, 4200.0], [90747.5, 4200.0], [90742.5, 14950.0]], "asks": [[90882.5, 120.0], [90885.0, 38290.0], [90887.5, 50000.0], [90890.0, 85610.0], [90895.0, 8670.0], [90900.0, 4200.0], [90902.5, 3000.0], [90905.0, 10000.0], [90922.5, 4200.0], [90932.5, 4200.0], [90935.0, 15090.0], [90940.0, 1260.0], [90942.5, 4200.0], [90952.5, 25230.0], [90962.5, 4200.0], [90970.0, 1860.0], [90972.5, 6200.0], [90985.0, 4200.0], [90995.0, 20.0], [91000.0, 37440.0]]}}}
{"jsonrpc": "2.0", "method": "subscription", "params": {"channel": "book.BTC-7MAR25.none.20.100ms", "data": {"timestamp": 1741274741223, "change_id": 91311471362, "instrument_name": "BTC-7MAR25", "bids": [[90735.0, 1610.0], [90732.5, 1800.0], [90730.0, 6960.0], [90727.5, 1600.0], [90725.0, 4600.0], [90720.0, 10000.0], [90717.5, 2230.0], [90715.0, 7550.0], [90712.5, 1800.0], [90710.0, 6000.0], [90705.0, 40.0], [90702.5, 4510.0], [90700.0, 15020.0], [90690.0, 6000.0], [90685.0, 29440.0], [90682.5, 44510.0], [90667.5, 6000.0], [90657.5, 6000.0], [90650.0, 1800.0], [90647.5, 6000.0]], "asks": [[90745.0, 10.0], [90750.0, 15020.0], [90752.5, 7430.0], [90755.0, 44820.0], [90757.5, 16690.0], [90760.0, 50000.0], [90767.5, 3000.0], [90770.0, 16600.0], [90772.5, 22000.0], [90777.5, 1800.0], [90780.0, 6000.0], [90785.0, 7920.0], [90787.5, 26400.0], [90805.0, 6000.0], [90810.0, 2000.0], [90812.5, 76540.0], [90815.0, 6000.0], [90825.0, 1800.0], [90827.5, 6000.0], [90837.5, 6000.0]]}}}
{"jsonrpc": "2.0", "method": "subscription", "params": {"channel": "book.BTC-14MAR25.none.20.100ms", "data": {"timestamp": 1741274741621, "change_id": 91311472153, "instrument_name": "BTC-14MAR25", "bids": [[90862.5, 2600.0], [90860.0, 2600.0], [90857.5, 6380.0], [90855.0, 14830.0], [90852.5, 7410.0], [90850.0, 20.0], [90842.5, 120.0], [90840.0, 5380.0], [90837.5, 17920.0], [90832.5, 13650.0], [90817.5, 4200.0], [90815.0, 7540.0], [90812.5, 25140.0], [90787.5, 4200.0], [90777.5, 4220.0], [90770.0, 3560.0], [90767.5, 4200.0], [90765.0, 7650.0], [90757.5, 4200.0], [90747.5, 4200.0]], "asks": [[90877.5, 1260.0], [90880.0, 4200.0], [90882.5, 120.0], [90885.0, 38290.0], [90887.5, 50000.0], [90890.0, 85610.0], [90895.0, 8670.0], [90900.0, 4200.0], [90902.5, 3000.0], [90905.0, 10000.0], [90922.5, 4200.0], [90932.5, 4200.0], [90935.0, 15090.0], [90940.0, 1260.0], [90942.5, 4200.0], [90952.5, 25230.0], [90962.5, 4200.0], [90970.0, 1860.0], [90972.5, 6200.0], [90985.0, 4200.0]]}}}
{"jsonrpc": "2.0", "method": "subscription", "params": {"channel": "book.BTC-7MAR25.none.20.100ms", "data": {"timestamp": 1741274741584, "change_id": 91311472035, "instrument_name": "BTC-7MAR25", "bids": [[90730.0, 520.0], [90727.5, 1600.0], [90725.0, 3120.0], [90720.0, 10000.0], [90717.5, 2230.0], [90715.0, 7430.0], [90705.0, 40.0], [90702.5, 10510.0], [90700.0, 15020.0], [90690.0, 6000.0], [90685.0, 29440.0], [90682.5, 44510.0], [90667.5, 6000.0], [90657.5, 6000.0], [90650.0, 1800.0], [90647.5, 6000.0], [90637.5, 6000.0], [90632.5, 40.0], [90627.5, 6000.0], [90625.0, 60710.0]], "asks": [[90745.0, 10.0], [90750.0, 15020.0], [90752.5, 7430.0], [90755.0, 44820.0], [90757.5, 16690.0], [90760.0, 50000.0], [90767.5, 3000.0], [90770.0, 16600.0], [90772.5, 22000.0], [90777.5, 1800.0], [90780.0, 6000.0], [90785.0, 7920.0], [90787.5, 26400.0], [90805.0, 6000.0], [90810.0, 2000.0], [90812.5, 76540.0], [90815.0, 6000.0], [90825.0, 1800.0], [90827.5, 6000.0], [90837.5, 6000.0]]}}}
{"jsonrpc": "2.0", "method": "subscription", "params": {"channel": "book.BTC-7MAR25.none.20.100ms", "data": {"timestamp": 1741274741895, "change_id": 91311472766, "instrument_name": "BTC-7MAR25", "bids": [[90730.0, 1600.0], [90727.5, 1600.0], [90725.0, 3120.0], [90720.0, 10000.0], [90717.5, 2230.0], [90715.0, 7430.0], [90705.0, 40.0], [90702.5, 10510.0], [90700.0, 15020.0], [90690.0, 6000.0], [90687.5, 4830.0], [90685.0, 29440.0], [90682.5, 44510.0], [90667.5, 6000.0], [90660.0, 1800.0], [90657.5, 6000.0], [90650.0, 1800.0], [90647.5, 6000.0], [90637.5, 6000.0], [90632.5, 40.0]], "asks": [[90745.0, 10.0], [90750.0, 15020.0], [90752.5, 7430.0], [90755.0, 44820.0], [90757.5, 16690.0], [90760.0, 50000.0], [90767.5, 3000.0], [90770.0, 33060.0], [90772.5, 22000.0], [90775.0, 57610.0], [90777.5, 1800.0], [90780.0, 6000.0], [90785.0, 7920.0], [90787.5, 26400.0], [90805.0, 6000.0], [90810.0, 26760.0], [90812.5, 76540.0], [90815.0, 6000.0], [90825.0, 1800.0], [90827.5, 6000.0]]}}}
{"jsonrpc": "2.0", "method": "subscription", "params": {"channel": "book.BTC-14MAR25.none.20.100ms", "data": {"timestamp": 1741274741954, "change_id": 91311472801, "instrument_name": "BTC-14MAR25", "bids": [[90862.5, 2600.0], [90860.0, 2600.0], [90857.5, 2600.0], [90855.0, 14830.0], [90852.5, 7410.0], [90850.0, 20.0], [90842.5, 120.0], [90840.0, 5380.0], [90837.5, 17920.0], [90835.0, 4100.0], [90832.5, 13650.0], [90817.5, 4200.0], [90815.0, 7540.0], [90812.5, 25140.0], [90790.0, 1260.0], [90787.5, 4200.0], [90777.5, 4220.0], [90770.0, 3560.0], [90767.5, 4200.0], [90765.0, 7650.0]], "asks": [[90877.5, 5460.0], [90880.0, 5500.0], [90882.5, 120.0], [90885.0, 38290.0], [90887.5, 50000.0], [90890.0, 85610.0], [90895.0, 8670.0], [90900.0, 4200.0], [90902.5, 3000.0], [90905.0, 10000.0], [90920.0, 1260.0], [90922.5, 4200.0], [90932.5, 4200.0], [90935.0, 15090.0], [90940.0, 1260.0], [90942.5, 4200.0], [90950.0, 7570.0], [90952.5, 25230.0], [90962.5, 4200.0], [90970.0, 1860.0]]}}}
{"jsonrpc": "2.0", "method": "subscription", "params": {"channel": "book.BTC-7MAR25.none.20.100ms", "data": {"timestamp": 1741274742234, "change_id": 91311474404, "instrument_name": "BTC-7MAR25", "bids": [[90720.0, 10000.0], [90712.5, 120.0], [90705.0, 40.0], [90692.5, 1800.0], [90690.0, 10510.0], [90687.5, 15020.0], [90682.5, 1800.0], [90680.0, 6000.0], [90672.5, 44510.0], [90667.5, 6000.0], [90660.0, 1800.0], [90657.5, 6000.0], [90650.0, 1800.0], [90647.5, 6000.0], [90640.0, 1800.0], [90637.5, 6000.0], [90632.5, 40.0], [90627.5, 6000.0], [90620.0, 1800.0], [90617.5, 6000.0]], "asks": [[90727.5, 10.0], [90752.5, 6000.0], [90757.5, 1080.0], [90760.0, 10000.0], [90765.0, 16370.0], [90767.5, 50000.0], [90770.0, 29060.0], [90772.5, 22000.0], [90775.0, 57610.0], [90780.0, 6000.0], [90782.5, 13450.0], [90785.0, 44820.0], [90787.5, 28400.0], [90790.0, 6000.0], [90805.0, 6000.0], [90812.5, 76540.0], [90815.0, 6000.0], [90827.5, 6000.0], [90837.5, 6000.0], [90847.5, 1810.0]]}}}
{"jsonrpc": "2.0", "method": "subscription", "params": {"channel": "book.BTC-14MAR25.none.20.100ms", "data": {"timestamp": 1741274742246, "change_id": 91311474358, "instrument_name": "BTC-14MAR25", "bids": [[90855.0, 10000.0], [90850.0, 20.0], [90845.0, 4860.0], [90842.5, 7410.0], [90840.0, 5380.0], [90837.5, 13720.0], [90835.0, 4100.0], [90832.5, 13650.0], [90820.0, 1260.0], [90817.5, 4200.0], [90790.0, 1260.0], [90787.5, 4200.0], [90780.0, 1270.0], [90777.5, 4220.0], [90770.0, 1260.0], [90767.5, 4200.0], [90765.0, 2300.0], [90762.5, 7650.0], [90760.0, 1260.0], [90757.5, 4200.0]], "asks": [[90870.0, 2520.0], [90872.5, 4200.0], [90875.0, 4200.0], [90880.0, 3360.0], [90882.5, 4320.0], [90885.0, 45450.0], [90887.5, 50000.0], [90890.0, 85610.0], [90895.0, 1260.0], [90900.0, 4200.0], [90902.5, 3000.0], [90905.0, 10000.0], [90920.0, 1260.0], [90922.5, 4200.0], [90930.0, 5790.0], [90932.5, 4200.0], [90935.0, 15090.0], [90940.0, 1260.0], [90942.5, 4200.0], [90947.5, 600.0]]}}}
{"jsonrpc": "2.0", "method": "subscription", "params": {"channel": "book.BTC-14MAR25.none.20.100ms", "data": {"timestamp": 1741274742596, "change_id": 91311475697, "instrument_name": "BTC-14MAR25", "bids": [[90850.0, 20.0], [90837.5, 13720.0], [90832.5, 13650.0], [90830.0, 120.0], [90817.5, 4200.0], [90802.5, 24560.0], [90787.5, 4200.0], [90777.5, 4220.0], [90767.5, 4200.0], [90760.0, 7650.0], [90757.5, 4200.0], [90747.5, 4200.0], [90737.5, 4200.0], [90720.0, 14950.0], [90717.5, 4200.0], [90712.5, 22600.0], [90705.0, 20.0], [90697.5, 4200.0], [90677.5, 4200.0], [90670.0, 105000.0]], "asks": [[90865.0, 8400.0], [90872.5, 120.0], [90875.0, 7410.0], [90882.5, 4200.0], [90895.0, 10000.0], [90900.0, 4200.0], [90922.5, 4200.0], [90932.5, 54200.0], [90935.0, 15090.0], [90942.5, 4200.0], [90950.0, 2000.0], [90952.5, 25230.0], [90962.5, 4200.0], [90972.5, 4200.0], [90985.0, 4200.0], [90995.0, 20.0], [91000.0, 30610.0], [91002.5, 22760.0], [91020.0, 4200.0], [91030.0, 4200.0]]}}}
{"jsonrpc": "2.0", "method": "subscription", "params": {"channel": "book.BTC-7MAR25.none.20.100ms", "data": {"timestamp": 1741274742613, "change_id": 91311475846, "instrument_name": "BTC-7MAR25", "bids": [[90712.5, 120.0], [90705.0, 40.0], [90695.0, 10000.0], [90680.0, 6000.0], [90670.0, 15020.0], [90667.5, 6000.0], [90657.5, 6000.0], [90647.5, 6000.0], [90637.5, 6000.0], [90632.5, 40.0], [90627.5, 6000.0], [90617.5, 6000.0], [90607.5, 6000.0], [90587.5, 6000.0], [90572.5, 61780.0], [90567.5, 111000.0], [90560.0, 40.0], [90557.5, 6000.0], [90527.5, 67700.0], [90522.5, 500.0]], "asks": [[90722.5, 10.0], [90727.5, 6000.0], [90730.0, 26410.0], [90737.5, 44820.0], [90742.5, 7430.0], [90747.5, 120.0], [90752.5, 6000.0], [90757.5, 50000.0], [90760.0, 10000.0], [90770.0, 6000.0], [90772.5, 22000.0], [90780.0, 6000.0], [90787.5, 2000.0], [90805.0, 6000.0], [90812.5, 76540.0], [90815.0, 6000.0], [90827.5, 6000.0], [90837.5, 6000.0], [90850.0, 6040.0], [90882.5, 6000.0]]}}}
{"jsonrpc": "2.0", "method": "subscription", "params": {"channel": "book.BTC-7MAR25.none.20.100ms", "data": {"timestamp": 1741274742795, "change_id": 91311477642, "instrument_name": "BTC-7MAR25", "bids": [[90705.0, 40.0], [90697.5, 3040.0], [90695.0, 10120.0], [90687.5, 2230.0], [90685.0, 7430.0], [90672.5, 9340.0], [90670.0, 32940.0], [90667.5, 6000.0], [90660.0, 1800.0], [90657.5, 6000.0], [90652.5, 13350.0], [90650.0, 46310.0], [90647.5, 6000.0], [90640.0, 1800.0], [90637.5, 6000.0], [90632.5, 40.0], [90630.0, 1800.0], [90627.5, 6000.0], [90620.0, 1800.0], [90617.5, 6000.0]], "asks": [[90717.5, 10.0], [90725.0, 11950.0], [90727.5, 13430.0], [90730.0, 26410.0], [90732.5, 15000.0], [90735.0, 63450.0], [90737.5, 44820.0], [90740.0, 1800.0], [90742.5, 6000.0], [90747.5, 3120.0], [90750.0, 16640.0], [90752.5, 22140.0], [90767.5, 1800.0], [90770.0, 12600.0], [90772.5, 22000.0], [90777.5, 1800.0], [90780.0, 6000.0], [90785.0, 600.0], [90787.5, 2000.0], [90802.5, 1800.0]]}}}
{"jsonrpc": "2.0", "method": "subscription", "params": {"channel": "book.BTC-14MAR25.none.20.100ms", "data": {"timestamp": 1741274742945, "change_id": 91311477973, "instrument_name": "BTC-14MAR25", "bids": [[90850.0, 20.0], [90837.5, 13720.0], [90835.0, 7100.0], [90832.5, 13650.0], [90830.0, 10000.0], [90825.0, 2220.0], [90822.5, 7410.0], [90820.0, 1300.0], [90817.5, 4200.0], [90815.0, 120.0], [90797.5, 11640.0], [90795.0, 24790.0], [90790.0, 1260.0], [90787.5, 4200.0], [90780.0, 1270.0], [90777.5, 4220.0], [90770.0, 1260.0], [90767.5, 4200.0], [90762.5, 2300.0], [90760.0, 8910.0]], "asks": [[90860.0, 1260.0], [90862.5, 4200.0], [90872.5, 4320.0], [90875.0, 7410.0], [90882.5, 4200.0], [90895.0, 10000.0], [90897.5, 50000.0], [90900.0, 28490.0], [90922.5, 4200.0], [90932.5, 4200.0], [90935.0, 15090.0], [90942.5, 4200.0], [90950.0, 2000.0], [90962.5, 4200.0], [90972.5, 4200.0], [90985.0, 4200.0], [90995.0, 20.0], [91000.0, 30610.0], [91002.5, 22760.0], [91020.0, 4200.0]]}}}
{"jsonrpc": "2.0", "method": "subscription", "params": {"channel": "book.BTC-7MAR25.none.20.100ms", "data": {"timestamp": 1741274743208, "change_id": 91311479007, "instrument_name": "BTC-7MAR25", "bids": [[90705.0, 40.0], [90697.5, 3040.0], [90695.0, 10120.0], [90687.5, 2230.0], [90685.0, 7430.0], [90670.0, 16820.0], [90667.5, 6000.0], [90660.0, 6520.0], [90657.5, 6000.0], [90655.0, 16490.0], [90652.5, 13350.0], [90650.0, 46310.0], [90647.5, 6000.0], [90640.0, 1800.0], [90637.5, 6000.0], [90632.5, 40.0], [90627.5, 6000.0], [90617.5, 6000.0], [90610.0, 1800.0], [90607.5, 6000.0]], "asks": [[90712.5, 10.0], [90725.0, 11950.0], [90727.5, 13430.0], [90730.0, 26410.0], [90732.5, 15000.0], [90735.0, 63450.0], [90737.5, 44940.0], [90740.0, 1800.0], [90742.5, 6000.0], [90747.5, 3000.0], [90750.0, 40310.0], [90752.5, 103810.0], [90767.5, 1800.0], [90770.0, 12600.0], [90772.5, 22000.0], [90780.0, 6000.0], [90787.5, 2000.0], [90802.5, 1800.0], [90805.0, 6000.0], [90812.5, 59750.0]]}}}
{"jsonrpc": "2.0", "method": "subscription", "params": {"channel": "book.BTC-14MAR25.none.20.100ms", "data": {"timestamp": 1741274743248, "change_id": 91311479243, "instrument_name": "BTC-14MAR25", "bids": [[90850.0, 20.0], [90840.0, 2600.0], [90837.5, 13720.0], [90832.5, 13650.0], [90830.0, 10000.0], [90825.0, 2220.0], [90822.5, 7410.0], [90815.0, 120.0], [90812.5, 1260.0], [90810.0, 4200.0], [90797.5, 11640.0], [90795.0, 24790.0], [90790.0, 1260.0], [90787.5, 4200.0], [90780.0, 1270.0], [90777.5, 4220.0], [90770.0, 1260.0], [90767.5, 4200.0], [90762.5, 2300.0], [90760.0, 8910.0]], "asks": [[90855.0, 1260.0], [90857.5, 4200.0], [90860.0, 38230.0], [90862.5, 50120.0], [90865.0, 89180.0], [90870.0, 1260.0], [90872.5, 4200.0], [90880.0, 4260.0], [90882.5, 4200.0], [90885.0, 10000.0], [90897.5, 8550.0], [90900.0, 28490.0], [90920.0, 1260.0], [90922.5, 4200.0], [90930.0, 5790.0], [90932.5, 4200.0], [90935.0, 15090.0], [90940.0, 1260.0], [90942.5, 4200.0], [90947.5, 600.0]]}}}
{"jsonrpc": "2.0", "method": "subscription", "params": {"channel": "book.BTC-14MAR25.none.20.100ms", "data": {"timestamp": 1741274743359, "change_id": 91311479624, "instrument_name": "BTC-14MAR25", "bids": [[90850.0, 20.0], [90840.0, 2600.0], [90837.5, 13720.0], [90832.5, 13650.0], [90830.0, 10000.0], [90825.0, 2220.0], [90822.5, 7410.0], [90815.0, 120.0], [90812.5, 1260.0], [90810.0, 4200.0], [90797.5, 11640.0], [90795.0, 24790.0], [90790.0, 1260.0], [90787.5, 4200.0], [90780.0, 1270.0], [90777.5, 4220.0], [90770.0, 1260.0], [90767.5, 4200.0], [90762.5, 2300.0], [90760.0, 8910.0]], "asks": [[90855.0, 4200.0], [90860.0, 38230.0], [90862.5, 50120.0], [90865.0, 89180.0], [90870.0, 1260.0], [90872.5, 4200.0], [90880.0, 4260.0], [90882.5, 4200.0], [90885.0, 10000.0], [90897.5, 8550.0], [90900.0, 28490.0], [90920.0, 1260.0], [90922.5, 4200.0], [90930.0, 5790.0], [90932.5, 4200.0], [90935.0, 15090.0], [90940.0, 1260.0], [90942.5, 4200.0], [90947.5, 600.0], [90950.0, 2000.0]]}}}
{"jsonrpc": "2.0", "method": "subscription", "params": {"channel": "book.BTC-7MAR25.none.20.100ms", "data": {"timestamp": 1741274743495, "change_id": 91311479926, "instrument_name": "BTC-7MAR25", "bids": [[90705.0, 40.0], [90702.5, 480.0], [90700.0, 1600.0], [90697.5, 3040.0], [90695.0, 10120.0], [90687.5, 2230.0], [90685.0, 7430.0], [90672.5, 4510.0], [90670.0, 16820.0], [90667.5, 6000.0], [90660.0, 6750.0], [90657.5, 6000.0], [90655.0, 16490.0], [90652.5, 13350.0], [90650.0, 46310.0], [90647.5, 6000.0], [90637.5, 6000.0], [90632.5, 40.0], [90630.0, 1800.0], [90627.5, 6000.0]], "asks": [[90712.5, 10.0], [90717.5, 1810.0], [90720.0, 6000.0], [90722.5, 1800.0], [90725.0, 17950.0], [90727.5, 13430.0], [90730.0, 26410.0], [90732.5, 15000.0], [90735.0, 65280.0], [90737.5, 44940.0], [90740.0, 6000.0], [90750.0, 33670.0], [90752.5, 103810.0], [90770.0, 12600.0], [90772.5, 22000.0], [90777.5, 1800.0], [90780.0, 6000.0], [90785.0, 600.0], [90787.5, 2000.0], [90805.0, 6000.0]]}}}
{"jsonrpc": "2.0", "method": "subscription", "params": {"channel": "book.BTC-7MAR25.none.20.100ms", "data": {"timestamp": 1741274743853, "change_id": 91311480903, "instrument_name": "BTC-7MAR25", "bids": [[90705.0, 40.0], [90697.5, 3040.0], [90695.0, 10120.0], [90687.5, 2230.0], [90685.0, 7430.0], [90672.5, 4510.0], [90670.0, 16820.0], [90667.5, 6000.0], [90660.0, 6750.0], [90657.5, 6000.0], [90655.0, 16490.0], [90652.5, 13350.0], [90650.0, 46310.0], [90647.5, 6000.0], [90640.0, 1800.0], [90637.5, 6000.0], [90632.5, 40.0], [90630.0, 1800.0], [90627.5, 6000.0], [90620.0, 1800.0]], "asks": [[90712.5, 10.0], [90722.5, 1800.0], [90725.0, 17950.0], [90727.5, 7430.0], [90730.0, 26410.0], [90732.5, 15000.0], [90735.0, 65280.0], [90737.5, 44940.0], [90740.0, 6000.0], [90747.5, 3000.0], [90750.0, 16640.0], [90752.5, 22140.0], [90767.5, 1800.0], [90770.0, 12600.0], [90772.5, 22000.0], [90777.5, 1800.0], [90780.0, 6000.0], [90785.0, 600.0], [90787.5, 2000.0], [90802.5, 1800.0]]}}}
{"jsonrpc": "2.0", "method": "subscription", "params": {"channel": "book.BTC-14MAR25.none.20.100ms", "data": {"timestamp": 1741274743879, "change_id": 91311480938, "instrument_name": "BTC-14MAR25", "bids": [[90850.0, 20.0], [90837.5, 13720.0], [90832.5, 13650.0], [90830.0, 10000.0], [90825.0, 2220.0], [90822.5, 7410.0], [90815.0, 120.0], [90812.5, 1260.0], [90810.0, 4200.0], [90797.5, 11640.0], [90795.0, 24790.0], [90790.0, 1260.0], [90787.5, 4200.0], [90780.0, 1270.0], [90777.5, 4220.0], [90770.0, 1260.0], [90767.5, 4200.0], [90762.5, 2300.0], [90760.0, 8910.0], [90757.5, 4200.0]], "asks": [[90855.0, 4200.0], [90860.0, 2260.0], [90862.5, 120.0], [90865.0, 7410.0], [90870.0, 1260.0], [90872.5, 4200.0], [90880.0, 18730.0], [90882.5, 54200.0], [90885.0, 10000.0], [90897.5, 8550.0], [90900.0, 28490.0], [90920.0, 1260.0], [90922.5, 4200.0], [90930.0, 5790.0], [90932.5, 4200.0], [90935.0, 15090.0], [90940.0, 1260.0], [90942.5, 4200.0], [90947.5, 600.0], [90950.0, 2000.0]]}}}
{"jsonrpc": "2.0", "method": "subscription", "params": {"channel": "book.BTC-7MAR25.none.20.100ms", "data": {"timestamp": 1741274744035, "change_id": 91311481806, "instrument_name": "BTC-7MAR25", "bids": [[90705.0, 40.0], [90695.0, 10120.0], [90677.5, 3750.0], [90675.0, 13430.0], [90662.5, 15020.0], [90660.0, 6520.0], [90657.5, 22490.0], [90652.5, 13350.0], [90650.0, 46310.0], [90647.5, 6000.0], [90637.5, 6000.0], [90632.5, 40.0], [90630.0, 1800.0], [90627.5, 6000.0], [90617.5, 6000.0], [90607.5, 6000.0], [90597.5, 6000.0], [90595.0, 60710.0], [90590.0, 1800.0], [90587.5, 6000.0]], "asks": [[90707.5, 10.0], [90715.0, 2230.0], [90717.5, 7430.0], [90720.0, 15250.0], [90722.5, 44820.0], [90727.5, 8040.0], [90730.0, 26410.0], [90732.5, 15000.0], [90735.0, 51840.0], [90740.0, 16000.0], [90750.0, 6640.0], [90752.5, 22140.0], [90770.0, 6000.0], [90772.5, 22000.0], [90777.5, 17700.0], [90780.0, 65750.0], [90787.5, 2000.0], [90802.5, 1800.0], [90805.0, 6000.0], [90810.0, 1800.0]]}}}
{"jsonrpc": "2.0", "method": "subscription", "params": {"channel": "book.BTC-14MAR25.none.20.100ms", "data": {"timestamp": 1741274744074, "change_id": 91311481913, "instrument_name": "BTC-14MAR25", "bids": [[90850.0, 20.0], [90840.0, 2600.0], [90837.5, 13720.0], [90832.5, 13650.0], [90830.0, 10000.0], [90815.0, 3600.0], [90812.5, 7410.0], [90810.0, 4200.0], [90800.0, 1260.0], [90797.5, 4200.0], [90790.0, 1260.0], [90787.5, 4200.0], [90782.5, 7440.0], [90780.0, 26060.0], [90777.5, 4220.0], [90770.0, 1260.0], [90767.5, 4200.0], [90762.5, 2300.0], [90760.0, 8910.0], [90757.5, 4200.0]], "asks": [[90852.5, 4320.0], [90855.0, 69730.0], [90857.5, 65770.0], [90860.0, 3200.0], [90862.5, 4200.0], [90865.0, 7410.0], [90870.0, 4100.0], [90872.5, 4200.0], [90875.0, 10000.0], [90880.0, 1260.0], [90882.5, 4200.0], [90897.5, 8550.0], [90900.0, 28490.0], [90920.0, 1260.0], [90922.5, 4200.0], [90925.0, 2000.0], [90930.0, 5790.0], [90932.5, 4200.0], [90935.0, 15090.0], [90940.0, 1260.0]]}}}
{"jsonrpc": "2.0", "method": "subscription", "params": {"channel": "book.BTC-7MAR25.none.20.100ms", "data": {"timestamp": 1741274744549, "change_id": 91311482883, "instrument_name": "BTC-7MAR25", "bids": [[90705.0, 40.0], [90695.0, 10120.0], [90677.5, 2230.0], [90675.0, 7430.0], [90665.0, 4510.0], [90662.5, 15020.0], [90660.0, 1800.0], [90657.5, 6000.0], [90650.0, 1800.0], [90647.5, 6000.0], [90645.0, 13350.0], [90642.5, 44510.0], [90640.0, 1800.0], [90637.5, 6000.0], [90632.5, 16810.0], [90627.5, 6000.0], [90617.5, 6000.0], [90610.0, 1800.0], [90607.5, 6000.0], [90600.0, 1800.0]], "asks": [[90707.5, 6010.0], [90715.0, 2230.0], [90717.5, 7430.0], [90720.0, 13450.0], [90722.5, 44820.0], [90725.0, 5260.0], [90727.5, 6120.0], [90730.0, 41410.0], [90732.5, 50000.0], [90735.0, 2730.0], [90740.0, 16000.0], [90750.0, 6640.0], [90752.5, 22140.0], [90760.0, 600.0], [90762.5, 2000.0], [90770.0, 12600.0], [90772.5, 22000.0], [90780.0, 65750.0], [90805.0, 6000.0], [90815.0, 6000.0]]}}}
{"jsonrpc": "2.0", "method": "subscription", "params": {"channel": "book.BTC-14MAR25.none.20.100ms", "data": {"timestamp": 1741274744574, "change_id": 91311483005, "instrument_name": "BTC-14MAR25", "bids": [[90850.0, 20.0], [90837.5, 13720.0], [90832.5, 13650.0], [90830.0, 10000.0], [90815.0, 2340.0], [90812.5, 7410.0], [90800.0, 1260.0], [90797.5, 4200.0], [90790.0, 1260.0], [90787.5, 4200.0], [90780.0, 1270.0], [90777.5, 4220.0], [90770.0, 1260.0], [90767.5, 4200.0], [90762.5, 7440.0], [90760.0, 26070.0], [90757.5, 4200.0], [90750.0, 1260.0], [90747.5, 4200.0], [90740.0, 1260.0]], "asks": [[90852.5, 15930.0], [90855.0, 69730.0], [90857.5, 65770.0], [90860.0, 940.0], [90862.5, 4200.0], [90870.0, 2840.0], [90872.5, 4200.0], [90875.0, 10000.0], [90880.0, 1260.0], [90882.5, 4200.0], [90897.5, 8550.0], [90900.0, 28490.0], [90917.5, 4530.0], [90920.0, 16350.0], [90922.5, 4200.0], [90925.0, 2000.0], [90930.0, 1260.0], [90932.5, 4200.0], [90940.0, 1260.0], [90942.5, 4200.0]]}}}
{"jsonrpc": "2.0", "method": "subscription", "params": {"channel": "book.BTC-7MAR25.none.20.100ms", "data": {"timestamp": 1741274744883, "change_id": 91311483971, "instrument_name": "BTC-7MAR25", "bids": [[90705.0, 40.0], [90695.0, 10120.0], [90677.5, 2230.0], [90675.0, 7430.0], [90665.0, 4510.0], [90662.5, 15020.0], [90660.0, 1800.0], [90657.5, 6000.0], [90650.0, 1800.0], [90647.5, 6000.0], [90645.0, 13350.0], [90642.5, 44510.0], [90640.0, 1800.0], [90637.5, 6000.0], [90635.0, 5040.0], [90632.5, 16810.0], [90630.0, 1800.0], [90627.5, 6000.0], [90620.0, 1800.0], [90617.5, 6000.0]], "asks": [[90707.5, 6010.0], [90715.0, 2230.0], [90717.5, 7430.0], [90720.0, 13450.0], [90722.5, 44820.0], [90725.0, 23620.0], [90727.5, 6120.0], [90730.0, 76410.0], [90735.0, 4460.0], [90740.0, 16000.0], [90750.0, 6640.0], [90752.5, 22140.0], [90760.0, 600.0], [90762.5, 2000.0], [90767.5, 1800.0], [90770.0, 12600.0], [90772.5, 22000.0], [90777.5, 19730.0], [90780.0, 65750.0], [90812.5, 1800.0]]}}}
{"jsonrpc": "2.0", "method": "subscription", "params": {"channel": "book.BTC-14MAR25.none.20.100ms", "data": {"timestamp": 1741274745201, "change_id": 91311484611, "instrument_name": "BTC-14MAR25", "bids": [[90850.0, 20.0], [90837.5, 13720.0], [90832.5, 13650.0], [90830.0, 10000.0], [90815.0, 2220.0], [90812.5, 7410.0], [90802.5, 120.0], [90800.0, 1260.0], [90797.5, 4200.0], [90790.0, 1260.0], [90787.5, 4200.0], [90780.0, 1270.0], [90777.5, 4220.0], [90770.0, 1260.0], [90767.5, 4200.0], [90762.5, 7440.0], [90760.0, 26070.0], [90757.5, 4200.0], [90750.0, 1260.0], [90747.5, 4200.0]], "asks": [[90852.5, 15930.0], [90860.0, 940.0], [90862.5, 4200.0], [90870.0, 2840.0], [90872.5, 4200.0], [90875.0, 10000.0], [90880.0, 1260.0], [90882.5, 4200.0], [90890.0, 50000.0], [90897.5, 8550.0], [90900.0, 28490.0], [90917.5, 4530.0], [90920.0, 16350.0], [90922.5, 4200.0], [90925.0, 2000.0], [90930.0, 1260.0], [90932.5, 4200.0], [90940.0, 1260.0], [90942.5, 4200.0], [90960.0, 1260.0]]}}}
{"jsonrpc": "2.0", "method": "subscription", "params": {"channel": "book.BTC-7MAR25.none.20.100ms", "data": {"timestamp": 1741274745040, "change_id": 91311484299, "instrument_name": "BTC-7MAR25", "bids": [[90705.0, 40.0], [90695.0, 10000.0], [90682.5, 120.0], [90677.5, 2230.0], [90675.0, 7430.0], [90665.0, 4510.0], [90662.5, 15020.0], [90660.0, 1800.0], [90657.5, 6000.0], [90650.0, 1800.0], [90647.5, 6000.0], [90645.0, 13350.0], [90642.5, 44510.0], [90640.0, 1800.0], [90637.5, 6000.0], [90635.0, 5040.0], [90632.5, 16810.0], [90630.0, 1800.0], [90627.5, 6000.0], [90620.0, 1800.0]], "asks": [[90707.5, 6010.0], [90715.0, 2230.0], [90717.5, 7430.0], [90720.0, 13450.0], [90722.5, 44820.0], [90725.0, 23620.0], [90727.5, 6120.0], [90730.0, 76410.0], [90735.0, 4460.0], [90740.0, 16000.0], [90750.0, 6640.0], [90752.5, 22140.0], [90760.0, 600.0], [90762.5, 2000.0], [90767.5, 1800.0], [90770.0, 12600.0], [90772.5, 22000.0], [90777.5, 19730.0], [90780.0, 65750.0], [90812.5, 1800.0]]}}}
{"jsonrpc": "2.0", "method": "subscription", "params": {"channel": "book.BTC-14MAR25.none.20.100ms", "data": {"timestamp": 1741274745346, "change_id": 91311485172, "instrument_name": "BTC-14MAR25", "bids": [[90850.0, 20.0], [90837.5, 13720.0], [90832.5, 13650.0], [90830.0, 10000.0], [90815.0, 2220.0], [90812.5, 7410.0], [90802.5, 120.0], [90800.0, 1260.0], [90797.5, 4200.0], [90790.0, 1260.0], [90787.5, 4200.0], [90780.0, 1270.0], [90777.5, 4220.0], [90770.0, 1260.0], [90767.5, 4200.0], [90762.5, 7440.0], [90760.0, 26070.0], [90757.5, 4200.0], [90750.0, 1260.0], [90747.5, 4200.0]], "asks": [[90852.5, 15930.0], [90860.0, 940.0], [90862.5, 4200.0], [90870.0, 2840.0], [90872.5, 4200.0], [90875.0, 10000.0], [90880.0, 1260.0], [90882.5, 4200.0], [90895.0, 50000.0], [90897.5, 8550.0], [90900.0, 28490.0], [90917.5, 4530.0], [90920.0, 16350.0], [90922.5, 4200.0], [90925.0, 2000.0], [90930.0, 1260.0], [90932.5, 4200.0], [90940.0, 1260.0], [90942.5, 4200.0], [90960.0, 1260.0]]}}}
{"jsonrpc": "2.0", "method": "subscription", "params": {"channel": "book.BTC-7MAR25.none.20.100ms", "data": {"timestamp": 1741274745419, "change_id": 91311485428, "instrument_name": "BTC-7MAR25", "bids": [[90705.0, 40.0], [90695.0, 10000.0], [90682.5, 120.0], [90677.5, 2230.0], [90675.0, 7430.0], [90665.0, 4510.0], [90662.5, 15020.0], [90660.0, 1800.0], [90657.5, 6000.0], [90650.0, 1800.0], [90647.5, 6000.0], [90645.0, 13350.0], [90642.5, 44510.0], [90640.0, 1800.0], [90637.5, 6000.0], [90635.0, 5040.0], [90632.5, 16810.0], [90630.0, 1800.0], [90627.5, 6000.0], [90620.0, 1800.0]], "asks": [[90707.5, 6010.0], [90715.0, 2230.0], [90717.5, 7430.0], [90720.0, 26760.0], [90722.5, 44820.0], [90725.0, 50000.0], [90727.5, 14040.0], [90730.0, 26410.0], [90735.0, 4460.0], [90740.0, 16000.0], [90750.0, 6640.0], [90752.5, 22140.0], [90760.0, 600.0], [90762.5, 2000.0], [90767.5, 1800.0], [90770.0, 12600.0], [90772.5, 22000.0], [90777.5, 19730.0], [90780.0, 65750.0], [90812.5, 1800.0]]}}}
{"jsonrpc": "2.0", "method": "subscription", "params": {"channel": "book.BTC-7MAR25.none.20.100ms", "data": {"timestamp": 1741274745860, "change_id": 91311487066, "instrument_name": "BTC-7MAR25", "bids": [[90685.0, 3040.0], [90682.5, 10120.0], [90667.5, 2230.0], [90665.0, 7430.0], [90657.5, 4510.0], [90655.0, 15020.0], [90650.0, 1800.0], [90647.5, 6000.0], [90640.0, 14930.0], [90637.5, 50510.0], [90635.0, 5040.0], [90632.5, 16810.0], [90630.0, 1800.0], [90627.5, 6000.0], [90620.0, 1800.0], [90617.5, 6000.0], [90610.0, 1800.0], [90607.5, 6000.0], [90600.0, 1800.0], [90597.5, 6000.0]], "asks": [[90690.0, 10.0], [90700.0, 3800.0], [90702.5, 6000.0], [90705.0, 7430.0], [90710.0, 13450.0], [90712.5, 44820.0], [90715.0, 2230.0], [90717.5, 6120.0], [90720.0, 13450.0], [90722.5, 50000.0], [90725.0, 12760.0], [90727.5, 16000.0], [90730.0, 35680.0], [90732.5, 30900.0], [90735.0, 1730.0], [90740.0, 6000.0], [90750.0, 6640.0], [90752.5, 22140.0], [90760.0, 600.0], [90762.5, 2000.0]]}}}
{"jsonrpc": "2.0", "method": "subscription", "params": {"channel": "book.BTC-14MAR25.none.20.100ms", "data": {"timestamp": 1741274745917, "change_id": 91311487067, "instrument_name": "BTC-14MAR25", "bids": [[90837.5, 13720.0], [90832.5, 13650.0], [90817.5, 10000.0], [90802.5, 2340.0], [90800.0, 8670.0], [90797.5, 4200.0], [90790.0, 1260.0], [90787.5, 4200.0], [90780.0, 1270.0], [90777.5, 4220.0], [90770.0, 1260.0], [90767.5, 4200.0], [90762.5, 7440.0], [90760.0, 26070.0], [90757.5, 4200.0], [90750.0, 1260.0], [90747.5, 4200.0], [90740.0, 1260.0], [90737.5, 4200.0], [90727.5, 6500.0]], "asks": [[90842.5, 4320.0], [90845.0, 1260.0], [90847.5, 4200.0], [90850.0, 3480.0], [90852.5, 11610.0], [90860.0, 4140.0], [90862.5, 4200.0], [90865.0, 10000.0], [90870.0, 1260.0], [90872.5, 4200.0], [90880.0, 1260.0], [90882.5, 4200.0], [90892.5, 15000.0], [90895.0, 65090.0], [90897.5, 8550.0], [90900.0, 28490.0], [90920.0, 1260.0], [90922.5, 4200.0], [90925.0, 2000.0], [90930.0, 1260.0]]}}}
{"jsonrpc": "2.0", "method": "subscription", "params": {"channel": "book.BTC-7MAR25.none.20.100ms", "data": {"timestamp": 1741274746235, "change_id": 91311487722, "instrument_name": "BTC-7MAR25", "bids": [[90687.5, 1610.0], [90685.0, 3040.0], [90682.5, 10120.0], [90667.5, 2230.0], [90665.0, 7430.0], [90657.5, 10510.0], [90655.0, 15020.0], [90650.0, 1800.0], [90647.5, 6000.0], [90640.0, 14930.0], [90637.5, 50510.0], [90635.0, 5040.0], [90632.5, 16810.0], [90630.0, 1800.0], [90627.5, 6000.0], [90620.0, 1800.0], [90617.5, 6000.0], [90610.0, 1800.0], [90607.5, 6000.0], [90600.0, 1800.0]], "asks": [[90700.0, 4030.0], [90702.5, 6000.0], [90705.0, 7430.0], [90710.0, 13450.0], [90712.5, 44820.0], [90715.0, 16560.0], [90717.5, 120.0], [90720.0, 50000.0], [90725.0, 12760.0], [90727.5, 10000.0], [90730.0, 41680.0], [90732.5, 30900.0], [90735.0, 1730.0], [90740.0, 6000.0], [90750.0, 6640.0], [90752.5, 22140.0], [90760.0, 600.0], [90762.5, 2000.0], [90767.5, 1800.0], [90770.0, 12600.0]]}}}
{"jsonrpc": "2.0", "method": "subscription", "params": {"channel": "book.BTC-14MAR25.none.20.100ms", "data": {"timestamp": 1741274746222, "change_id": 91311487698, "instrument_name": "BTC-14MAR25", "bids": [[90837.5, 13720.0], [90832.5, 13650.0], [90820.0, 2600.0], [90817.5, 10000.0], [90802.5, 2340.0], [90800.0, 8670.0], [90797.5, 4200.0], [90790.0, 1260.0], [90787.5, 4200.0], [90780.0, 1270.0], [90777.5, 4220.0], [90770.0, 1260.0], [90767.5, 4200.0], [90762.5, 7440.0], [90760.0, 26070.0], [90757.5, 4200.0], [90750.0, 1260.0], [90747.5, 4200.0], [90740.0, 1260.0], [90737.5, 4200.0]], "asks": [[90842.5, 4320.0], [90845.0, 1260.0], [90847.5, 4200.0], [90850.0, 3480.0], [90852.5, 11610.0], [90860.0, 4140.0], [90862.5, 4200.0], [90865.0, 10000.0], [90870.0, 1260.0], [90872.5, 4200.0], [90880.0, 1260.0], [90882.5, 4200.0], [90892.5, 15000.0], [90895.0, 65090.0], [90897.5, 8550.0], [90900.0, 28490.0], [90920.0, 1260.0], [90922.5, 4220.0], [90925.0, 2000.0], [90930.0, 1260.0]]}}}
{"jsonrpc": "2.0", "method": "subscription", "params": {"channel": "book.BTC-7MAR25.none.20.100ms", "data": {"timestamp": 1741274746546, "change_id": 91311488262, "instrument_name": "BTC-7MAR25", "bids": [[90682.5, 10120.0], [90667.5, 2230.0], [90665.0, 7430.0], [90657.5, 4510.0], [90655.0, 15020.0], [90650.0, 1800.0], [90647.5, 6000.0], [90640.0, 14930.0], [90637.5, 50510.0], [90635.0, 5040.0], [90632.5, 16810.0], [90630.0, 1800.0], [90627.5, 6000.0], [90620.0, 1800.0], [90617.5, 6000.0], [90610.0, 1800.0], [90607.5, 6000.0], [90600.0, 1800.0], [90597.5, 6000.0], [90590.0, 1800.0]], "asks": [[90695.0, 10.0], [90700.0, 2230.0], [90705.0, 7430.0], [90710.0, 13450.0], [90712.5, 44820.0], [90715.0, 16560.0], [90717.5, 120.0], [90720.0, 50000.0], [90725.0, 12760.0], [90727.5, 10000.0], [90730.0, 41680.0], [90732.5, 30900.0], [90735.0, 1730.0], [90740.0, 6000.0], [90750.0, 6640.0], [90752.5, 22140.0], [90760.0, 600.0], [90762.5, 2000.0], [90767.5, 1800.0], [90770.0, 12600.0]]}}}
{"jsonrpc": "2.0", "method": "subscription", "params": {"channel": "book.BTC-14MAR25.none.20.100ms", "data": {"timestamp": 1741274746301, "change_id": 91311487935, "instrument_name": "BTC-14MAR25", "bids": [[90837.5, 13720.0], [90832.5, 13650.0], [90820.0, 2600.0], [90817.5, 10000.0], [90802.5, 2340.0], [90800.0, 8670.0], [90797.5, 4200.0], [90790.0, 1260.0], [90787.5, 4200.0], [90780.0, 1270.0], [90777.5, 4220.0], [90770.0, 1260.0], [90767.5, 4200.0], [90762.5, 7440.0], [90760.0, 26070.0], [90757.5, 4200.0], [90750.0, 1260.0], [90747.5, 4200.0], [90740.0, 1260.0], [90737.5, 4200.0]], "asks": [[90842.5, 68890.0], [90845.0, 44370.0], [90847.5, 4200.0], [90850.0, 3480.0], [90852.5, 11610.0], [90860.0, 4140.0], [90862.5, 4200.0], [90865.0, 10000.0], [90870.0, 1260.0], [90872.5, 4200.0], [90880.0, 1260.0], [90882.5, 4200.0], [90892.5, 4530.0], [90895.0, 15090.0], [90897.5, 8550.0], [90900.0, 28490.0], [90920.0, 1260.0], [90922.5, 4220.0], [90925.0, 2000.0], [90930.0, 1260.0]]}}}
{"jsonrpc": "2.0", "method": "subscription", "params": {"channel": "book.BTC-14MAR25.none.20.100ms", "data": {"timestamp": 1741274746911, "change_id": 91311489089, "instrument_name": "BTC-14MAR25", "bids": [[90837.5, 13720.0], [90832.5, 13650.0], [90822.5, 780.0], [90820.0, 5600.0], [90817.5, 10000.0], [90807.5, 4200.0], [90802.5, 2340.0], [90800.0, 8670.0], [90797.5, 4200.0], [90790.0, 1260.0], [90787.5, 4200.0], [90780.0, 1270.0], [90777.5, 4220.0], [90770.0, 1260.0], [90767.5, 4200.0], [90762.5, 7440.0], [90760.0, 26070.0], [90757.5, 4200.0], [90750.0, 1260.0], [90747.5, 4200.0]], "asks": [[90842.5, 64690.0], [90845.0, 44370.0], [90847.5, 4200.0], [90850.0, 3480.0], [90852.5, 7410.0], [90860.0, 4140.0], [90862.5, 4200.0], [90865.0, 10000.0], [90870.0, 1260.0], [90872.5, 4200.0], [90880.0, 1260.0], [90882.5, 4200.0], [90892.5, 4530.0], [90895.0, 15090.0], [90897.5, 8550.0], [90900.0, 28490.0], [90920.0, 1260.0], [90922.5, 4220.0], [90925.0, 2000.0], [90930.0, 1260.0]]}}}
{"jsonrpc": "2.0", "method": "subscription", "params": {"channel": "book.BTC-7MAR25.none.20.100ms", "data": {"timestamp": 1741274746911, "change_id": 91311489087, "instrument_name": "BTC-7MAR25", "bids": [[90695.0, 1610.0], [90692.5, 480.0], [90690.0, 7600.0], [90687.5, 480.0], [90685.0, 4640.0], [90682.5, 10120.0], [90667.5, 2230.0], [90665.0, 7430.0], [90662.5, 1800.0], [90660.0, 6000.0], [90657.5, 4510.0], [90655.0, 15020.0], [90650.0, 1800.0], [90647.5, 6000.0], [90640.0, 14930.0], [90637.5, 50510.0], [90635.0, 5040.0], [90632.5, 16810.0], [90630.0, 1800.0], [90627.5, 6000.0]], "asks": [[90705.0, 7430.0], [90710.0, 13450.0], [90712.5, 44820.0], [90715.0, 16560.0], [90717.5, 120.0], [90720.0, 50000.0], [90725.0, 12760.0], [90727.5, 10000.0], [90730.0, 35680.0], [90732.5, 30900.0], [90735.0, 1730.0], [90740.0, 6000.0], [90750.0, 6640.0], [90752.5, 22140.0], [90760.0, 600.0], [90762.5, 2000.0], [90767.5, 1800.0], [90770.0, 12600.0], [90772.5, 22000.0], [90777.5, 19770.0]]}}}
{"jsonrpc": "2.0", "method": "subscription", "params": {"channel": "book.BTC-7MAR25.none.20.100ms", "data": {"timestamp": 1741274747210, "change_id": 91311490103, "instrument_name": "BTC-7MAR25", "bids": [[90682.5, 10120.0], [90670.0, 2230.0], [90667.5, 7430.0], [90657.5, 4510.0], [90655.0, 15020.0], [90650.0, 1800.0], [90647.5, 6000.0], [90640.0, 14930.0], [90637.5, 50510.0], [90635.0, 5040.0], [90632.5, 16810.0], [90630.0, 1800.0], [90627.5, 6000.0], [90620.0, 1800.0], [90617.5, 6000.0], [90610.0, 1800.0], [90607.5, 6000.0], [90600.0, 1800.0], [90597.5, 6000.0], [90590.0, 1800.0]], "asks": [[90695.0, 10.0], [90697.5, 1800.0], [90700.0, 6000.0], [90702.5, 1800.0], [90705.0, 6000.0], [90710.0, 13450.0], [90712.5, 44820.0], [90715.0, 23990.0], [90717.5, 120.0], [90720.0, 50000.0], [90725.0, 12760.0], [90727.5, 10000.0], [90730.0, 32410.0], [90735.0, 1730.0], [90740.0, 6000.0], [90750.0, 6640.0], [90752.5, 22140.0], [90760.0, 600.0], [90762.5, 2000.0], [90767.5, 1800.0]]}}}
{"jsonrpc": "2.0", "method": "subscription", "params": {"channel": "book.BTC-14MAR25.none.20.100ms", "data": {"timestamp": 1741274747201, "change_id": 91311490076, "instrument_name": "BTC-14MAR25", "bids": [[90837.5, 13720.0], [90832.5, 13650.0], [90820.0, 2600.0], [90817.5, 10000.0], [90812.5, 2220.0], [90810.0, 7410.0], [90802.5, 120.0], [90800.0, 1260.0], [90797.5, 4200.0], [90790.0, 1260.0], [90787.5, 4200.0], [90780.0, 1270.0], [90777.5, 4220.0], [90770.0, 1260.0], [90767.5, 4200.0], [90762.5, 7440.0], [90760.0, 26070.0], [90757.5, 4200.0], [90750.0, 1260.0], [90747.5, 4200.0]], "asks": [[90840.0, 4200.0], [90842.5, 4320.0], [90850.0, 3210.0], [90852.5, 11610.0], [90860.0, 18740.0], [90862.5, 54200.0], [90865.0, 10000.0], [90870.0, 1260.0], [90872.5, 4200.0], [90880.0, 1260.0], [90882.5, 4200.0], [90892.5, 4530.0], [90895.0, 15090.0], [90897.5, 8550.0], [90900.0, 28490.0], [90920.0, 1260.0], [90922.5, 4220.0], [90925.0, 2000.0], [90930.0, 1260.0], [90932.5, 4200.0]]}}}
{"jsonrpc": "2.0", "method": "subscription", "params": {"channel": "book.BTC-7MAR25.none.20.100ms", "data": {"timestamp": 1741274747571, "change_id": 91311491163, "instrument_name": "BTC-7MAR25", "bids": [[90672.5, 3000.0], [90670.0, 10000.0], [90667.5, 120.0], [90665.0, 6000.0], [90662.5, 20000.0], [90650.0, 4510.0], [90647.5, 15020.0], [90640.0, 1800.0], [90637.5, 6000.0], [90635.0, 13370.0], [90632.5, 44550.0], [90630.0, 1800.0], [90627.5, 6000.0], [90620.0, 1800.0], [90617.5, 6000.0], [90610.0, 1800.0], [90607.5, 6000.0], [90600.0, 1800.0], [90597.5, 6000.0], [90590.0, 1800.0]], "asks": [[90685.0, 10.0], [90690.0, 6000.0], [90697.5, 1800.0], [90700.0, 6000.0], [90702.5, 2230.0], [90705.0, 7430.0], [90710.0, 13450.0], [90712.5, 44820.0], [90715.0, 16560.0], [90717.5, 120.0], [90720.0, 56000.0], [90725.0, 12760.0], [90727.5, 10000.0], [90730.0, 32410.0], [90735.0, 1730.0], [90740.0, 6000.0], [90750.0, 6640.0], [90752.5, 22140.0], [90760.0, 600.0], [90762.5, 2000.0]]}}}
{"jsonrpc": "2.0", "method": "subscription", "params": {"channel": "book.BTC-14MAR25.none.20.100ms", "data": {"timestamp": 1741274747555, "change_id": 91311491109, "instrument_name": "BTC-14MAR25", "bids": [[90837.5, 13720.0], [90832.5, 13650.0], [90807.5, 3000.0], [90805.0, 10000.0], [90802.5, 4980.0], [90800.0, 8670.0], [90790.0, 1260.0], [90787.5, 4320.0], [90780.0, 1270.0], [90777.5, 4220.0], [90770.0, 1260.0], [90767.5, 4200.0], [90760.0, 1260.0], [90757.5, 4200.0], [90750.0, 1260.0], [90747.5, 4200.0], [90740.0, 1260.0], [90737.5, 4200.0], [90730.0, 3560.0], [90727.5, 4200.0]], "asks": [[90840.0, 8400.0], [90842.5, 11730.0], [90850.0, 16140.0], [90852.5, 4200.0], [90855.0, 74530.0], [90857.5, 81770.0], [90860.0, 4260.0], [90862.5, 4200.0], [90865.0, 10000.0], [90870.0, 1260.0], [90872.5, 4200.0], [90880.0, 1260.0], [90882.5, 4200.0], [90892.5, 4530.0], [90895.0, 15090.0], [90897.5, 8550.0], [90900.0, 28490.0], [90920.0, 9630.0], [90922.5, 30620.0], [90925.0, 2000.0]]}}}
{"jsonrpc": "2.0", "method": "subscription", "params": {"channel": "book.BTC-7MAR25.none.20.100ms", "data": {"timestamp": 1741274747800, "change_id": 91311491864, "instrument_name": "BTC-7MAR25", "bids": [[90672.5, 3000.0], [90670.0, 10000.0], [90667.5, 120.0], [90665.0, 6000.0], [90662.5, 27430.0], [90650.0, 4510.0], [90647.5, 15020.0], [90640.0, 1800.0], [90637.5, 6000.0], [90635.0, 13370.0], [90632.5, 44550.0], [90630.0, 1800.0], [90627.5, 6000.0], [90620.0, 1800.0], [90617.5, 6000.0], [90610.0, 1800.0], [90607.5, 6000.0], [90600.0, 1800.0], [90597.5, 6000.0], [90590.0, 1800.0]], "asks": [[90685.0, 10.0], [90690.0, 6000.0], [90697.5, 1800.0], [90700.0, 6000.0], [90702.5, 2230.0], [90705.0, 7430.0], [90710.0, 13450.0], [90712.5, 44820.0], [90715.0, 16560.0], [90717.5, 120.0], [90720.0, 56000.0], [90725.0, 12760.0], [90727.5, 10000.0], [90730.0, 32410.0], [90735.0, 1730.0], [90740.0, 6000.0], [90750.0, 6640.0], [90752.5, 22140.0], [90760.0, 600.0], [90762.5, 2000.0]]}}}
{"jsonrpc": "2.0", "method": "subscription", "params": {"channel": "book.BTC-14MAR25.none.20.100ms", "data": {"timestamp": 1741274747799, "change_id": 91311491863, "instrument_name": "BTC-14MAR25", "bids": [[90837.5, 13720.0], [90832.5, 13650.0], [90807.5, 3000.0], [90805.0, 10000.0], [90802.5, 4980.0], [90800.0, 8670.0], [90790.0, 1260.0], [90787.5, 4320.0], [90780.0, 1270.0], [90777.5, 4220.0], [90770.0, 1260.0], [90767.5, 4200.0], [90760.0, 1260.0], [90757.5, 4200.0], [90750.0, 1260.0], [90747.5, 4200.0], [90740.0, 1260.0], [90737.5, 4200.0], [90730.0, 3560.0], [90727.5, 4200.0]], "asks": [[90840.0, 8400.0], [90842.5, 11730.0], [90850.0, 16140.0], [90852.5, 4200.0], [90855.0, 74530.0], [90857.5, 81770.0], [90860.0, 4260.0], [90862.5, 4200.0], [90865.0, 10000.0], [90870.0, 1260.0], [90872.5, 4200.0], [90880.0, 1260.0], [90882.5, 4200.0], [90892.5, 4530.0], [90895.0, 15090.0], [90897.5, 8550.0], [90900.0, 28490.0], [90920.0, 9630.0], [90922.5, 30620.0], [90925.0, 2000.0]]}}}
{"jsonrpc": "2.0", "method": "subscription", "params": {"channel": "book.BTC-7MAR25.none.20.100ms", "data": {"timestamp": 1741274748191, "change_id": 91311492634, "instrument_name": "BTC-7MAR25", "bids": [[90672.5, 3000.0], [90670.0, 10000.0], [90667.5, 120.0], [90665.0, 6000.0], [90662.5, 27430.0], [90650.0, 4510.0], [90647.5, 15020.0], [90645.0, 5000.0], [90642.5, 16670.0], [90640.0, 1800.0], [90637.5, 6000.0], [90635.0, 13370.0], [90632.5, 44550.0], [90630.0, 1800.0], [90627.5, 6000.0], [90620.0, 1800.0], [90617.5, 6000.0], [90610.0, 1800.0], [90607.5, 6000.0], [90600.0, 1800.0]], "asks": [[90682.5, 10.0], [90687.5, 1710.0], [90690.0, 6000.0], [90692.5, 1800.0], [90695.0, 6000.0], [90702.5, 2230.0], [90705.0, 7430.0], [90707.5, 1800.0], [90710.0, 19450.0], [90712.5, 44820.0], [90715.0, 16560.0], [90717.5, 10120.0], [90720.0, 56000.0], [90725.0, 12760.0], [90730.0, 32410.0], [90735.0, 1730.0], [90740.0, 6000.0], [90750.0, 6640.0], [90752.5, 22140.0], [90760.0, 600.0]]}}}
{"jsonrpc": "2.0", "method": "subscription", "params": {"channel": "book.BTC-14MAR25.none.20.100ms", "data": {"timestamp": 1741274748215, "change_id": 91311492664, "instrument_name": "BTC-14MAR25", "bids": [[90837.5, 13720.0], [90832.5, 13650.0], [90805.0, 10000.0], [90802.5, 4980.0], [90800.0, 8670.0], [90790.0, 1260.0], [90787.5, 4320.0], [90780.0, 1270.0], [90777.5, 4220.0], [90770.0, 1260.0], [90767.5, 4200.0], [90765.0, 7310.0], [90762.5, 24360.0], [90760.0, 1260.0], [90757.5, 4200.0], [90750.0, 1260.0], [90747.5, 4200.0], [90740.0, 1260.0], [90737.5, 4200.0], [90730.0, 3560.0]], "asks": [[90840.0, 8400.0], [90842.5, 11730.0], [90850.0, 16140.0], [90852.5, 4200.0], [90855.0, 84530.0], [90857.5, 81770.0], [90860.0, 1260.0], [90862.5, 4200.0], [90870.0, 1260.0], [90872.5, 4200.0], [90880.0, 1260.0], [90882.5, 4200.0], [90892.5, 4530.0], [90895.0, 15090.0], [90897.5, 8550.0], [90900.0, 28490.0], [90920.0, 9630.0], [90922.5, 30620.0], [90925.0, 2000.0], [90930.0, 1260.0]]}}}
{"jsonrpc": "2.0", "method": "subscription", "params": {"channel": "book.BTC-14MAR25.none.20.100ms", "data": {"timestamp": 1741274748295, "change_id": 91311493892, "instrument_name": "BTC-14MAR25", "bids": [[90837.5, 7920.0], [90832.5, 13650.0], [90805.0, 10830.0], [90802.5, 2760.0], [90792.5, 2220.0], [90790.0, 7410.0], [90787.5, 120.0], [90780.0, 1270.0], [90777.5, 4220.0], [90770.0, 1260.0], [90767.5, 4200.0], [90762.5, 7320.0], [90760.0, 25650.0], [90757.5, 4200.0], [90750.0, 1260.0], [90747.5, 4200.0], [90740.0, 1260.0], [90737.5, 4200.0], [90730.0, 3560.0], [90727.5, 4200.0]], "asks": [[90840.0, 8400.0], [90842.5, 11730.0], [90850.0, 16140.0], [90852.5, 4200.0], [90855.0, 60000.0], [90860.0, 1260.0], [90862.5, 4200.0], [90870.0, 1260.0], [90872.5, 4200.0], [90880.0, 1260.0], [90882.5, 4200.0], [90892.5, 4530.0], [90895.0, 15090.0], [90897.5, 8550.0], [90900.0, 28490.0], [90920.0, 9630.0], [90922.5, 30620.0], [90925.0, 2000.0], [90930.0, 1260.0], [90932.5, 4200.0]]}}}
{"jsonrpc": "2.0", "method": "subscription", "params": {"channel": "book.BTC-7MAR25.none.20.100ms", "data": {"timestamp": 1741274748515, "change_id": 91311494123, "instrument_name": "BTC-7MAR25", "bids": [[90675.0, 1610.0], [90672.5, 3480.0], [90670.0, 10000.0], [90667.5, 120.0], [90665.0, 6000.0], [90662.5, 20000.0], [90655.0, 2230.0], [90652.5, 7430.0], [90642.5, 4510.0], [90640.0, 16820.0], [90637.5, 6000.0], [90635.0, 5010.0], [90632.5, 16690.0], [90630.0, 1800.0], [90627.5, 6000.0], [90622.5, 13350.0], [90620.0, 46310.0], [90617.5, 6000.0], [90610.0, 1800.0], [90607.5, 6000.0]], "asks": [[90690.0, 16970.0], [90692.5, 44820.0], [90695.0, 7430.0], [90707.5, 16700.0], [90710.0, 50000.0], [90715.0, 4560.0], [90717.5, 10000.0], [90720.0, 12600.0], [90722.5, 22000.0], [90725.0, 12760.0], [90730.0, 32410.0], [90735.0, 1730.0], [90740.0, 6000.0], [90745.0, 17930.0], [90747.5, 59750.0], [90750.0, 6640.0], [90752.5, 22140.0], [90760.0, 600.0], [90762.5, 2000.0], [90767.5, 1800.0]]}}}
{"jsonrpc": "2.0", "method": "subscription", "params": {"channel": "book.BTC-7MAR25.none.20.100ms", "data": {"timestamp": 1741274748888, "change_id": 91311495647, "instrument_name": "BTC-7MAR25", "bids": [[90677.5, 1600.0], [90675.0, 1600.0], [90672.5, 3480.0], [90670.0, 10000.0], [90667.5, 120.0], [90665.0, 6000.0], [90662.5, 20000.0], [90655.0, 2230.0], [90652.5, 7430.0], [90647.5, 6000.0], [90642.5, 4510.0], [90640.0, 16820.0], [90637.5, 6000.0], [90635.0, 5010.0], [90632.5, 16690.0], [90630.0, 1800.0], [90627.5, 6000.0], [90622.5, 13350.0], [90620.0, 46310.0], [90617.5, 6000.0]], "asks": [[90687.5, 10.0], [90690.0, 6760.0], [90692.5, 44820.0], [90695.0, 7430.0], [90707.5, 16700.0], [90710.0, 50000.0], [90715.0, 4560.0], [90717.5, 10000.0], [90720.0, 6000.0], [90725.0, 12760.0], [90730.0, 32410.0], [90735.0, 1730.0], [90740.0, 6000.0], [90745.0, 17930.0], [90747.5, 59750.0], [90750.0, 6640.0], [90752.5, 22140.0], [90760.0, 600.0], [90762.5, 2000.0], [90767.5, 1800.0]]}}}
{"jsonrpc": "2.0", "method": "subscription", "params": {"channel": "book.BTC-14MAR25.none.20.100ms", "data": {"timestamp": 1741274748801, "change_id": 91311495528, "instrument_name": "BTC-14MAR25", "bids": [[90837.5, 7920.0], [90832.5, 13650.0], [90807.5, 3000.0], [90805.0, 10830.0], [90802.5, 2760.0], [90792.5, 2220.0], [90790.0, 7410.0], [90787.5, 120.0], [90780.0, 1270.0], [90777.5, 4220.0], [90770.0, 1260.0], [90767.5, 4200.0], [90762.5, 7320.0], [90760.0, 25650.0], [90757.5, 4200.0], [90750.0, 1260.0], [90747.5, 4200.0], [90740.0, 1260.0], [90737.5, 4200.0], [90730.0, 3560.0]], "asks": [[90840.0, 8400.0], [90842.5, 11730.0], [90850.0, 16140.0], [90852.5, 4200.0], [90855.0, 60000.0], [90860.0, 1260.0], [90862.5, 4200.0], [90870.0, 1260.0], [90872.5, 4200.0], [90880.0, 1260.0], [90882.5, 4200.0], [90892.5, 4530.0], [90895.0, 15090.0], [90897.5, 8550.0], [90900.0, 28490.0], [90920.0, 9630.0], [90922.5, 30620.0], [90925.0, 2000.0], [90930.0, 1260.0], [90932.5, 4200.0]]}}}
{"jsonrpc": "2.0", "method": "subscription", "params": {"channel": "book.BTC-7MAR25.none.20.100ms", "data": {"timestamp": 1741274749219, "change_id": 91311496928, "instrument_name": "BTC-7MAR25", "bids": [[90672.5, 3480.0], [90670.0, 10000.0], [90667.5, 120.0], [90655.0, 2230.0], [90652.5, 7430.0], [90642.5, 4510.0], [90640.0, 16820.0], [90637.5, 6000.0], [90635.0, 5010.0], [90632.5, 16690.0], [90630.0, 1800.0], [90627.5, 6000.0], [90622.5, 13350.0], [90620.0, 46310.0], [90617.5, 6000.0], [90610.0, 1800.0], [90607.5, 6000.0], [90600.0, 1800.0], [90597.5, 6000.0], [90590.0, 1800.0]], "asks": [[90680.0, 10.0], [90685.0, 6000.0], [90690.0, 14830.0], [90692.5, 44820.0], [90695.0, 7430.0], [90702.5, 1800.0], [90705.0, 6000.0], [90707.5, 16700.0], [90710.0, 50000.0], [90715.0, 4560.0], [90717.5, 10000.0], [90720.0, 6000.0], [90725.0, 12760.0], [90730.0, 32410.0], [90735.0, 1730.0], [90740.0, 6000.0], [90745.0, 17930.0], [90747.5, 59750.0], [90750.0, 6640.0], [90752.5, 22140.0]]}}}
{"jsonrpc": "2.0", "method": "subscription", "params": {"channel": "book.BTC-14MAR25.none.20.100ms", "data": {"timestamp": 1741274749183, "change_id": 91311496770, "instrument_name": "BTC-14MAR25", "bids": [[90837.5, 7920.0], [90832.5, 13650.0], [90805.0, 10830.0], [90802.5, 2760.0], [90792.5, 2220.0], [90790.0, 7410.0], [90787.5, 120.0], [90780.0, 1270.0], [90777.5, 4220.0], [90770.0, 1260.0], [90767.5, 4200.0], [90762.5, 7320.0], [90760.0, 25650.0], [90757.5, 4200.0], [90750.0, 1260.0], [90747.5, 4200.0], [90740.0, 1260.0], [90737.5, 4200.0], [90730.0, 3560.0], [90727.5, 4200.0]], "asks": [[90840.0, 8400.0], [90842.5, 11730.0], [90850.0, 16140.0], [90852.5, 4200.0], [90855.0, 60000.0], [90860.0, 1260.0], [90862.5, 4200.0], [90870.0, 1260.0], [90872.5, 4200.0], [90880.0, 1260.0], [90882.5, 4200.0], [90892.5, 4530.0], [90895.0, 15090.0], [90897.5, 8550.0], [90900.0, 28490.0], [90920.0, 9630.0], [90922.5, 30620.0], [90925.0, 2000.0], [90930.0, 1260.0], [90932.5, 4200.0]]}}}
{"jsonrpc": "2.0", "method": "subscription", "params": {"channel": "book.BTC-7MAR25.none.20.100ms", "data": {"timestamp": 1741274749409, "change_id": 91311497729, "instrument_name": "BTC-7MAR25", "bids": [[90677.5, 10.0], [90672.5, 3480.0], [90670.0, 10000.0], [90667.5, 120.0], [90655.0, 2230.0], [90652.5, 7430.0], [90647.5, 6000.0], [90642.5, 4510.0], [90640.0, 16820.0], [90637.5, 6000.0], [90635.0, 5010.0], [90632.5, 16690.0], [90630.0, 1800.0], [90627.5, 6000.0], [90622.5, 13350.0], [90620.0, 46310.0], [90617.5, 6000.0], [90610.0, 1800.0], [90607.5, 6000.0], [90600.0, 1800.0]], "asks": [[90685.0, 10.0], [90690.0, 14830.0], [90692.5, 44820.0], [90695.0, 7430.0], [90707.5, 16700.0], [90710.0, 50000.0], [90715.0, 4560.0], [90717.5, 10000.0], [90720.0, 6000.0], [90725.0, 12760.0], [90730.0, 32410.0], [90735.0, 1730.0], [90740.0, 6000.0], [90745.0, 17930.0], [90747.5, 59750.0], [90750.0, 6640.0], [90752.5, 22140.0], [90760.0, 600.0], [90762.5, 2000.0], [90767.5, 1800.0]]}}}
{"jsonrpc": "2.0", "method": "subscription", "params": {"channel": "book.BTC-14MAR25.none.20.100ms", "data": {"timestamp": 1741274749530, "change_id": 91311498024, "instrument_name": "BTC-14MAR25", "bids": [[90837.5, 7820.0], [90832.5, 13650.0], [90807.5, 3000.0], [90805.0, 10830.0], [90802.5, 2760.0], [90792.5, 2220.0], [90790.0, 7410.0], [90787.5, 120.0], [90780.0, 1270.0], [90777.5, 4220.0], [90770.0, 1260.0], [90767.5, 4200.0], [90762.5, 7320.0], [90760.0, 25650.0], [90757.5, 4200.0], [90750.0, 1260.0], [90747.5, 4200.0], [90740.0, 1260.0], [90737.5, 4200.0], [90730.0, 3560.0]], "asks": [[90840.0, 8400.0], [90842.5, 11730.0], [90850.0, 16140.0], [90852.5, 4200.0], [90855.0, 60000.0], [90860.0, 1260.0], [90862.5, 4200.0], [90870.0, 1260.0], [90872.5, 4200.0], [90880.0, 1260.0], [90882.5, 4200.0], [90892.5, 4530.0], [90895.0, 15090.0], [90897.5, 8550.0], [90900.0, 28490.0], [90920.0, 9630.0], [90922.5, 30620.0], [90925.0, 2000.0], [90930.0, 1260.0], [90932.5, 4200.0]]}}}
{"jsonrpc": "2.0", "method": "subscription", "params": {"channel": "book.BTC-7MAR25.none.20.100ms", "data": {"timestamp": 1741274749872, "change_id": 91311499937, "instrument_name": "BTC-7MAR25", "bids": [[90655.0, 10120.0], [90640.0, 4280.0], [90632.5, 40.0], [90630.0, 16220.0], [90617.5, 6000.0], [90610.0, 1800.0], [90607.5, 6000.0], [90600.0, 1800.0], [90597.5, 6000.0], [90587.5, 6000.0], [90580.0, 1800.0], [90577.5, 6000.0], [90570.0, 1800.0], [90567.5, 6000.0], [90565.0, 18230.0], [90562.5, 60710.0], [90560.0, 1840.0], [90557.5, 6000.0], [90530.0, 61780.0], [90527.5, 6000.0]], "asks": [[90675.0, 10.0], [90682.5, 6000.0], [90685.0, 6000.0], [90690.0, 28820.0], [90692.5, 44820.0], [90695.0, 50000.0], [90697.5, 120.0], [90705.0, 1420.0], [90707.5, 16000.0], [90715.0, 2230.0], [90720.0, 6000.0], [90730.0, 32410.0], [90740.0, 6000.0], [90745.0, 17930.0], [90747.5, 59750.0], [90750.0, 6640.0], [90752.5, 22140.0], [90762.5, 2000.0], [90770.0, 6000.0], [90777.5, 40.0]]}}}
{"jsonrpc": "2.0", "method": "subscription", "params": {"channel": "book.BTC-14MAR25.none.20.100ms", "data": {"timestamp": 1741274749818, "change_id": 91311499589, "instrument_name": "BTC-14MAR25", "bids": [[90802.5, 2760.0], [90790.0, 3000.0], [90787.5, 10000.0], [90777.5, 20.0], [90775.0, 120.0], [90770.0, 1260.0], [90767.5, 4200.0], [90760.0, 1260.0], [90757.5, 4200.0], [90755.0, 7370.0], [90752.5, 24560.0], [90750.0, 1260.0], [90747.5, 4200.0], [90740.0, 1260.0], [90737.5, 4200.0], [90730.0, 1260.0], [90727.5, 4200.0], [90720.0, 1260.0], [90717.5, 4200.0], [90707.5, 6500.0]], "asks": [[90825.0, 4320.0], [90827.5, 1100.0], [90830.0, 8400.0], [90832.5, 18280.0], [90835.0, 56710.0], [90837.5, 15510.0], [90840.0, 59460.0], [90842.5, 17410.0], [90850.0, 990.0], [90852.5, 4200.0], [90860.0, 1260.0], [90862.5, 4200.0], [90865.0, 4530.0], [90867.5, 15090.0], [90872.5, 4200.0], [90880.0, 1260.0], [90882.5, 4200.0], [90897.5, 8550.0], [90900.0, 28490.0], [90920.0, 9630.0]]}}}
{"jsonrpc": "2.0", "method": "subscription", "params": {"channel": "book.BTC-7MAR25.none.20.100ms", "data": {"timestamp": 1741274750144, "change_id": 91311501283, "instrument_name": "BTC-7MAR25", "bids": [[90647.5, 480.0], [90645.0, 4600.0], [90642.5, 10000.0], [90640.0, 120.0], [90637.5, 2950.0], [90635.0, 9850.0], [90632.5, 6040.0], [90630.0, 21800.0], [90627.5, 6000.0], [90625.0, 4510.0], [90622.5, 15020.0], [90620.0, 17780.0], [90617.5, 6000.0], [90612.5, 13350.0], [90610.0, 46310.0], [90607.5, 6000.0], [90600.0, 1800.0], [90597.5, 6000.0], [90590.0, 1800.0], [90587.5, 6000.0]], "asks": [[90667.5, 26410.0], [90672.5, 6000.0], [90682.5, 6000.0], [90685.0, 7430.0], [90687.5, 120.0], [90692.5, 44820.0], [90695.0, 50000.0], [90697.5, 16000.0], [90702.5, 16550.0], [90707.5, 6000.0], [90720.0, 6000.0], [90730.0, 6000.0], [90735.0, 2000.0], [90740.0, 6000.0], [90745.0, 17930.0], [90747.5, 59750.0], [90752.5, 6000.0], [90770.0, 6000.0], [90777.5, 40.0], [90780.0, 6000.0]]}}}
{"jsonrpc": "2.0", "method": "subscription", "params": {"channel": "book.BTC-14MAR25.none.20.100ms", "data": {"timestamp": 1741274750191, "change_id": 91311501281, "instrument_name": "BTC-14MAR25", "bids": [[90802.5, 5360.0], [90790.0, 2600.0], [90787.5, 10000.0], [90777.5, 20.0], [90775.0, 7410.0], [90767.5, 4200.0], [90760.0, 120.0], [90757.5, 4200.0], [90747.5, 28210.0], [90727.5, 4200.0], [90717.5, 4200.0], [90707.5, 4200.0], [90705.0, 20.0], [90697.5, 11850.0], [90677.5, 4200.0], [90675.0, 14950.0], [90672.5, 22600.0], [90667.5, 4200.0], [90637.5, 4200.0], [90632.5, 20.0]], "asks": [[90815.0, 120.0], [90820.0, 8400.0], [90825.0, 4200.0], [90827.5, 7410.0], [90830.0, 4200.0], [90832.5, 10000.0], [90837.5, 50000.0], [90840.0, 28670.0], [90852.5, 4200.0], [90862.5, 4200.0], [90867.5, 15090.0], [90872.5, 4200.0], [90882.5, 4200.0], [90897.5, 2000.0], [90900.0, 4200.0], [90922.5, 30620.0], [90932.5, 4200.0], [90942.5, 4200.0], [90962.5, 4200.0], [90985.0, 4200.0]]}}}
{"jsonrpc": "2.0", "method": "subscription", "params": {"channel": "book.BTC-14MAR25.none.20.100ms", "data": {"timestamp": 1741274750542, "change_id": 91311502295, "instrument_name": "BTC-14MAR25", "bids": [[90802.5, 5360.0], [90790.0, 2600.0], [90787.5, 10000.0], [90777.5, 2240.0], [90775.0, 7410.0], [90770.0, 1260.0], [90767.5, 4200.0], [90760.0, 1380.0], [90757.5, 4200.0], [90750.0, 8460.0], [90747.5, 28210.0], [90730.0, 1260.0], [90727.5, 4200.0], [90720.0, 1260.0], [90717.5, 4200.0], [90710.0, 1270.0], [90707.5, 4200.0], [90705.0, 20.0], [90700.0, 1260.0], [90697.5, 4200.0]], "asks": [[90807.5, 4200.0], [90815.0, 120.0], [90817.5, 3240.0], [90820.0, 11610.0], [90825.0, 9360.0], [90827.5, 27000.0], [90830.0, 7200.0], [90832.5, 10000.0], [90835.0, 23600.0], [90837.5, 50000.0], [90840.0, 28670.0], [90860.0, 1260.0], [90862.5, 4200.0], [90865.0, 4530.0], [90867.5, 15090.0], [90872.5, 4200.0], [90882.5, 4200.0], [90897.5, 2000.0], [90900.0, 4200.0], [90922.5, 30620.0]]}}}
{"jsonrpc": "2.0", "method": "subscription", "params": {"channel": "book.BTC-7MAR25.none.20.100ms", "data": {"timestamp": 1741274750503, "change_id": 91311502181, "instrument_name": "BTC-7MAR25", "bids": [[90647.5, 2220.0], [90645.0, 7600.0], [90642.5, 10000.0], [90640.0, 120.0], [90637.5, 7430.0], [90632.5, 40.0], [90630.0, 20000.0], [90622.5, 15020.0], [90620.0, 15980.0], [90617.5, 6000.0], [90610.0, 44510.0], [90607.5, 6000.0], [90597.5, 6000.0], [90587.5, 6000.0], [90577.5, 6000.0], [90567.5, 6000.0], [90560.0, 40.0], [90557.5, 66710.0], [90547.5, 6000.0], [90530.0, 61780.0]], "asks": [[90667.5, 26410.0], [90682.5, 2230.0], [90685.0, 7430.0], [90687.5, 120.0], [90692.5, 44820.0], [90695.0, 50000.0], [90697.5, 16000.0], [90702.5, 16550.0], [90707.5, 6000.0], [90720.0, 6000.0], [90730.0, 6000.0], [90735.0, 2000.0], [90740.0, 6000.0], [90747.5, 59750.0], [90752.5, 6000.0], [90770.0, 6000.0], [90777.5, 40.0], [90780.0, 6000.0], [90815.0, 6000.0], [90827.5, 6000.0]]}}}
{"jsonrpc": "2.0", "method": "subscription", "params": {"channel": "book.BTC-7MAR25.none.20.100ms", "data": {"timestamp": 1741274750816, "change_id": 91311504168, "instrument_name": "BTC-7MAR25", "bids": [[90660.0, 10.0], [90655.0, 3880.0], [90652.5, 1600.0], [90650.0, 6000.0], [90647.5, 480.0], [90645.0, 1600.0], [90640.0, 2350.0], [90637.5, 7430.0], [90632.5, 6040.0], [90630.0, 21800.0], [90627.5, 6000.0], [90625.0, 19300.0], [90622.5, 15020.0], [90620.0, 15980.0], [90617.5, 6000.0], [90607.5, 6000.0], [90600.0, 44510.0], [90597.5, 6000.0], [90587.5, 6000.0], [90577.5, 6000.0]], "asks": [[90667.5, 26400.0], [90682.5, 2230.0], [90685.0, 7430.0], [90687.5, 15120.0], [90690.0, 63450.0], [90692.5, 44820.0], [90695.0, 4800.0], [90697.5, 16000.0], [90700.0, 4970.0], [90702.5, 16550.0], [90707.5, 6000.0], [90720.0, 6000.0], [90730.0, 6000.0], [90735.0, 2000.0], [90740.0, 6000.0], [90747.5, 59750.0], [90752.5, 6000.0], [90770.0, 6000.0], [90777.5, 40.0], [90780.0, 6000.0]]}}}
{"jsonrpc": "2.0", "method": "subscription", "params": {"channel": "book.BTC-14MAR25.none.20.100ms", "data": {"timestamp": 1741274750816, "change_id": 91311504340, "instrument_name": "BTC-14MAR25", "bids": [[90802.5, 5360.0], [90790.0, 2600.0], [90777.5, 2240.0], [90775.0, 7410.0], [90767.5, 4200.0], [90765.0, 3040.0], [90762.5, 10000.0], [90760.0, 120.0], [90757.5, 4200.0], [90750.0, 8460.0], [90747.5, 28210.0], [90730.0, 1260.0], [90727.5, 4200.0], [90717.5, 4200.0], [90710.0, 1270.0], [90707.5, 4200.0], [90705.0, 20.0], [90697.5, 4200.0], [90692.5, 7650.0], [90680.0, 1260.0]], "asks": [[90805.0, 120.0], [90820.0, 7410.0], [90830.0, 4200.0], [90832.5, 10000.0], [90837.5, 50000.0], [90840.0, 28670.0], [90862.5, 4200.0], [90865.0, 4530.0], [90867.5, 15090.0], [90872.5, 4200.0], [90880.0, 1260.0], [90882.5, 4200.0], [90897.5, 2000.0], [90900.0, 4200.0], [90922.5, 30620.0], [90932.5, 4200.0], [90935.0, 22760.0], [90942.5, 4200.0], [90962.5, 4200.0], [90985.0, 4200.0]]}}}
{"jsonrpc": "2.0", "method": "subscription", "params": {"channel": "book.BTC-14MAR25.none.20.100ms", "data": {"timestamp": 1741274751203, "change_id": 91311505905, "instrument_name": "BTC-14MAR25", "bids": [[90802.5, 2760.0], [90782.5, 780.0], [90780.0, 7830.0], [90777.5, 10020.0], [90775.0, 7410.0], [90770.0, 1260.0], [90767.5, 4200.0], [90760.0, 1380.0], [90757.5, 4200.0], [90750.0, 1260.0], [90747.5, 4200.0], [90732.5, 7450.0], [90730.0, 26080.0], [90727.5, 4200.0], [90720.0, 1260.0], [90717.5, 4200.0], [90710.0, 1270.0], [90707.5, 4200.0], [90705.0, 20.0], [90700.0, 1260.0]], "asks": [[90805.0, 120.0], [90817.5, 2220.0], [90820.0, 7410.0], [90830.0, 7200.0], [90832.5, 10000.0], [90840.0, 4200.0], [90855.0, 50000.0], [90857.5, 24200.0], [90860.0, 1260.0], [90862.5, 4200.0], [90872.5, 4200.0], [90882.5, 4200.0], [90897.5, 2000.0], [90900.0, 4200.0], [90922.5, 30620.0], [90932.5, 4200.0], [90942.5, 4200.0], [90962.5, 4200.0], [90985.0, 4200.0], [90995.0, 20.0]]}}}
{"jsonrpc": "2.0", "method": "subscription", "params": {"channel": "book.BTC-7MAR25.none.20.100ms", "data": {"timestamp": 1741274751205, "change_id": 91311505921, "instrument_name": "BTC-7MAR25", "bids": [[90660.0, 1600.0], [90657.5, 1600.0], [90645.0, 3000.0], [90642.5, 10000.0], [90640.0, 2350.0], [90637.5, 7430.0], [90632.5, 6040.0], [90630.0, 21800.0], [90627.5, 6000.0], [90622.5, 4990.0], [90620.0, 18420.0], [90617.5, 6000.0], [90607.5, 6000.0], [90597.5, 6000.0], [90590.0, 1800.0], [90587.5, 6000.0], [90577.5, 6000.0], [90570.0, 1800.0], [90567.5, 6000.0], [90560.0, 40.0]], "asks": [[90662.5, 10.0], [90667.5, 26400.0], [90682.5, 2230.0], [90685.0, 7430.0], [90687.5, 15120.0], [90690.0, 50000.0], [90697.5, 16000.0], [90705.0, 1800.0], [90707.5, 6000.0], [90717.5, 1800.0], [90720.0, 6000.0], [90727.5, 1800.0], [90730.0, 22260.0], [90732.5, 600.0], [90735.0, 2000.0], [90737.5, 1800.0], [90740.0, 6000.0], [90750.0, 1800.0], [90752.5, 6000.0], [90767.5, 1800.0]]}}}
{"jsonrpc": "2.0", "method": "subscription", "params": {"channel": "book.BTC-14MAR25.none.20.100ms", "data": {"timestamp": 1741274751518, "change_id": 91311507090, "instrument_name": "BTC-14MAR25", "bids": [[90802.5, 2760.0], [90780.0, 2600.0], [90777.5, 10020.0], [90775.0, 7410.0], [90767.5, 4200.0], [90760.0, 120.0], [90757.5, 4200.0], [90747.5, 4200.0], [90735.0, 25250.0], [90727.5, 4200.0], [90717.5, 4200.0], [90707.5, 4200.0], [90705.0, 20.0], [90697.5, 4200.0], [90677.5, 4200.0], [90667.5, 4200.0], [90637.5, 4200.0], [90632.5, 20.0], [90627.5, 4200.0], [90607.5, 4200.0]], "asks": [[90812.5, 4320.0], [90815.0, 32630.0], [90820.0, 7410.0], [90830.0, 54200.0], [90832.5, 10000.0], [90840.0, 4200.0], [90857.5, 24200.0], [90862.5, 4200.0], [90872.5, 4200.0], [90882.5, 4200.0], [90897.5, 2000.0], [90900.0, 4200.0], [90922.5, 30620.0], [90932.5, 4200.0], [90942.5, 4200.0], [90962.5, 4200.0], [90985.0, 4200.0], [90995.0, 20.0], [91000.0, 4200.0], [91030.0, 4200.0]]}}}
{"jsonrpc": "2.0", "method": "subscription", "params": {"channel": "book.BTC-7MAR25.none.20.100ms", "data": {"timestamp": 1741274751516, "change_id": 91311507087, "instrument_name": "BTC-7MAR25", "bids": [[90650.0, 10.0], [90645.0, 3040.0], [90642.5, 10000.0], [90640.0, 120.0], [90637.5, 7430.0], [90632.5, 6040.0], [90630.0, 20000.0], [90620.0, 1800.0], [90617.5, 6000.0], [90612.5, 16620.0], [90607.5, 6000.0], [90597.5, 6000.0], [90587.5, 6000.0], [90577.5, 6000.0], [90567.5, 6000.0], [90560.0, 40.0], [90557.5, 6000.0], [90547.5, 6000.0], [90527.5, 6000.0], [90497.5, 6000.0]], "asks": [[90660.0, 10.0], [90667.5, 26400.0], [90685.0, 7430.0], [90687.5, 120.0], [90697.5, 16000.0], [90705.0, 50000.0], [90707.5, 6000.0], [90720.0, 6000.0], [90730.0, 22260.0], [90735.0, 2000.0], [90740.0, 6000.0], [90752.5, 6000.0], [90770.0, 6000.0], [90777.5, 40.0], [90780.0, 6000.0], [90815.0, 6000.0], [90827.5, 6000.0], [90837.5, 6000.0], [90850.0, 6040.0], [90910.0, 6000.0]]}}}
{"jsonrpc": "2.0", "method": "subscription", "params": {"channel": "book.BTC-7MAR25.none.20.100ms", "data": {"timestamp": 1741274751823, "change_id": 91311508486, "instrument_name": "BTC-7MAR25", "bids": [[90650.0, 10.0], [90645.0, 3040.0], [90642.5, 10000.0], [90640.0, 2350.0], [90637.5, 7430.0], [90632.5, 6040.0], [90630.0, 20000.0], [90627.5, 5510.0], [90625.0, 18370.0], [90620.0, 1800.0], [90617.5, 6000.0], [90615.0, 4990.0], [90612.5, 16620.0], [90610.0, 1800.0], [90607.5, 6000.0], [90590.0, 1800.0], [90587.5, 6000.0], [90580.0, 1800.0], [90577.5, 6000.0], [90570.0, 1800.0]], "asks": [[90667.5, 26400.0], [90682.5, 2230.0], [90685.0, 7430.0], [90687.5, 120.0], [90695.0, 4800.0], [90697.5, 16000.0], [90702.5, 15000.0], [90705.0, 50000.0], [90717.5, 1800.0], [90720.0, 6000.0], [90727.5, 6680.0], [90730.0, 22260.0], [90735.0, 2000.0], [90737.5, 1800.0], [90740.0, 6000.0], [90752.5, 6000.0], [90770.0, 6000.0], [90777.5, 40.0], [90780.0, 6000.0], [90815.0, 6000.0]]}}}
{"jsonrpc": "2.0", "method": "subscription", "params": {"channel": "book.BTC-14MAR25.none.20.100ms", "data": {"timestamp": 1741274751729, "change_id": 91311508167, "instrument_name": "BTC-14MAR25", "bids": [[90802.5, 2760.0], [90782.5, 780.0], [90780.0, 7830.0], [90777.5, 10020.0], [90775.0, 7410.0], [90767.5, 4200.0], [90760.0, 120.0], [90757.5, 4200.0], [90747.5, 4200.0], [90735.0, 25250.0], [90727.5, 4200.0], [90717.5, 4200.0], [90707.5, 4200.0], [90705.0, 20.0], [90697.5, 4200.0], [90677.5, 4200.0], [90667.5, 4200.0], [90637.5, 4200.0], [90632.5, 20.0], [90627.5, 4200.0]], "asks": [[90812.5, 4320.0], [90815.0, 32630.0], [90820.0, 7410.0], [90830.0, 54200.0], [90832.5, 10000.0], [90840.0, 4200.0], [90857.5, 24200.0], [90862.5, 4200.0], [90872.5, 4200.0], [90882.5, 4200.0], [90897.5, 2000.0], [90900.0, 4200.0], [90922.5, 30620.0], [90932.5, 4200.0], [90942.5, 4200.0], [90962.5, 4200.0], [90985.0, 4200.0], [90995.0, 20.0], [91000.0, 4200.0], [91030.0, 4200.0]]}}}
{"jsonrpc": "2.0", "method": "subscription", "params": {"channel": "book.BTC-7MAR25.none.20.100ms", "data": {"timestamp": 1741274752169, "change_id": 91311510076, "instrument_name": "BTC-7MAR25", "bids": [[90650.0, 3420.0], [90647.5, 1600.0], [90645.0, 10000.0], [90640.0, 120.0], [90637.5, 2230.0], [90635.0, 7430.0], [90632.5, 6040.0], [90630.0, 20000.0], [90620.0, 1800.0], [90617.5, 6000.0], [90615.0, 4990.0], [90612.5, 16620.0], [90610.0, 1800.0], [90607.5, 6000.0], [90590.0, 1800.0], [90587.5, 6000.0], [90580.0, 1800.0], [90577.5, 6000.0], [90570.0, 1800.0], [90567.5, 6000.0]], "asks": [[90662.5, 10.0], [90667.5, 26400.0], [90672.5, 2230.0], [90675.0, 7430.0], [90677.5, 120.0], [90682.5, 15000.0], [90685.0, 53040.0], [90687.5, 10000.0], [90695.0, 1800.0], [90697.5, 6000.0], [90717.5, 1800.0], [90720.0, 6000.0], [90727.5, 6680.0], [90730.0, 22260.0], [90732.5, 600.0], [90735.0, 2000.0], [90737.5, 1800.0], [90740.0, 6000.0], [90750.0, 1800.0], [90752.5, 6000.0]]}}}
{"jsonrpc": "2.0", "method": "subscription", "params": {"channel": "book.BTC-14MAR25.none.20.100ms", "data": {"timestamp": 1741274752148, "change_id": 91311510114, "instrument_name": "BTC-14MAR25", "bids": [[90802.5, 5360.0], [90782.5, 3680.0], [90780.0, 12600.0], [90777.5, 20.0], [90775.0, 2220.0], [90772.5, 7410.0], [90770.0, 1260.0], [90767.5, 4200.0], [90760.0, 1380.0], [90757.5, 4200.0], [90750.0, 1260.0], [90747.5, 4200.0], [90737.5, 11780.0], [90735.0, 25250.0], [90730.0, 1260.0], [90727.5, 4200.0], [90720.0, 1260.0], [90717.5, 4200.0], [90710.0, 1270.0], [90707.5, 4200.0]], "asks": [[90807.5, 1300.0], [90812.5, 4320.0], [90817.5, 2220.0], [90820.0, 7410.0], [90827.5, 1260.0], [90830.0, 7200.0], [90832.5, 10000.0], [90835.0, 16260.0], [90837.5, 50000.0], [90840.0, 4200.0], [90855.0, 7260.0], [90857.5, 24200.0], [90860.0, 1260.0], [90862.5, 4200.0], [90870.0, 1260.0], [90872.5, 4200.0], [90880.0, 1260.0], [90882.5, 4200.0], [90895.0, 1860.0], [90897.5, 2000.0]]}}}
