{"jsonrpc": "2.0", "method": "subscription", "params": {"channel": "book.BTC-17OCT25.none.20.100ms", "data": {"timestamp": 1760318984115, "change_id": 121463491132, "instrument_name": "BTC-17OCT25", "bids": [[115760.0, 10000.0], [115750.0, 11740.0], [115747.5, 39340.0], [115745.0, 1040.0], [115742.5, 3500.0], [115737.5, 11740.0], [115735.0, 52520.0], [115732.5, 44160.0], [115725.0, 850.0], [115722.5, 2850.0], [115715.0, 1550.0], [115712.5, 2200.0], [115710.0, 2980.0], [115615.0, 5550.0], [115612.5, 15660.0], [115610.0, 2920.0], [115600.0, 880.0], [115597.5, 2950.0], [115595.0, 13270.0], [115592.5, 44450.0]], "asks": [[115765.0, 13130.0], [115767.5, 44000.0], [115775.0, 25170.0], [115777.5, 39340.0], [115780.0, 50930.0], [115782.5, 2950.0], [115785.0, 7490.0], [115787.5, 24550.0], [115790.0, 2990.0], [115792.5, 10000.0], [115795.0, 11740.0], [115797.5, 39340.0], [115800.0, 880.0], [115802.5, 2950.0], [115807.5, 1790.0], [115810.0, 6000.0], [115815.0, 890.0], [115817.5, 2980.0], [115842.5, 850.0], [115845.0, 3750.0]]}}}
{"jsonrpc": "2.0", "method": "subscription", "params": {"channel": "book.BTC-24OCT25.none.20.100ms", "data": {"timestamp": 1760318984127, "change_id": 121463491152, "instrument_name": "BTC-24OCT25", "bids": [[115887.5, 5500.0], [115885.0, 960.0], [115882.5, 3200.0], [115880.0, 13130.0], [115877.5, 40450.0], [115875.0, 660.0], [115870.0, 14330.0], [115867.5, 40450.0], [115865.0, 32930.0], [115862.5, 41430.0], [115860.0, 92680.0], [115840.0, 670.0], [115837.5, 2250.0], [115830.0, 12710.0], [115827.5, 50000.0], [115825.0, 2290.0], [115737.5, 16120.0], [115670.0, 650.0], [115667.5, 2190.0], [115620.0, 6110.0]], "asks": [[115890.0, 1800.0], [115892.5, 3720.0], [115895.0, 10000.0], [115900.0, 160.0], [115902.5, 14370.0], [115905.0, 53580.0], [115910.0, 50000.0], [115912.5, 12070.0], [115915.0, 41100.0], [115917.5, 2190.0], [115922.5, 15070.0], [115925.0, 40450.0], [115927.5, 690.0], [115930.0, 2300.0], [115947.5, 680.0], [115950.0, 4090.0], [115952.5, 6040.0], [116002.5, 670.0], [116005.0, 2250.0], [116007.5, 4760.0]]}}}
{"jsonrpc": "2.0", "method": "subscription", "params": {"channel": "book.BTC-24OCT25.none.20.100ms", "data": {"timestamp": 1760318984451, "change_id": 121463492704, "instrument_name": "BTC-24OCT25", "bids": [[115870.0, 2210.0], [115862.5, 31430.0], [115860.0, 92680.0], [115857.5, 42750.0], [115850.0, 40450.0], [115845.0, 10000.0], [115837.5, 2250.0], [115827.5, 50000.0], [115825.0, 2290.0], [115817.5, 160.0], [115737.5, 16120.0], [115667.5, 2190.0], [115600.0, 2260.0], [115590.0, 2340.0], [115587.5, 2200.0], [115575.0, 2230.0], [115562.5, 9390.0], [115560.0, 2290.0], [115552.5, 50000.0], [115547.5, 2300.0]], "asks": [[115887.5, 13200.0], [115890.0, 3200.0], [115900.0, 44160.0], [115902.5, 2300.0], [115905.0, 90450.0], [115915.0, 40450.0], [115917.5, 2190.0], [115922.5, 3000.0], [115925.0, 40450.0], [115930.0, 2300.0], [115950.0, 2290.0], [115952.5, 6040.0], [115962.5, 2300.0], [116005.0, 8370.0], [116010.0, 15960.0], [116017.5, 2260.0], [116067.5, 2190.0], [116080.0, 2300.0], [116087.5, 20.0], [116130.0, 2290.0]]}}}
{"jsonrpc": "2.0", "method": "subscription", "params": {"channel": "book.BTC-17OCT25.none.20.100ms", "data": {"timestamp": 1760318984383, "change_id": 121463492630, "instrument_name": "BTC-17OCT25", "bids": [[115750.0, 2420.0], [115745.0, 10000.0], [115737.5, 2920.0], [115735.0, 39340.0], [115725.0, 39340.0], [115722.5, 2850.0], [115717.5, 39340.0], [115712.5, 2200.0], [115710.0, 2980.0], [115697.5, 160.0], [115612.5, 15660.0], [115610.0, 2920.0], [115597.5, 2950.0], [115592.5, 44450.0], [115585.0, 2950.0], [115522.5, 2930.0], [115505.0, 2340.0], [115502.5, 2950.0], [115495.0, 9390.0], [115477.5, 2870.0]], "asks": [[115755.0, 2920.0], [115767.5, 46920.0], [115772.5, 160.0], [115775.0, 50000.0], [115777.5, 39340.0], [115782.5, 2950.0], [115785.0, 10000.0], [115787.5, 24550.0], [115797.5, 131970.0], [115802.5, 2950.0], [115810.0, 6000.0], [115817.5, 2980.0], [115845.0, 2850.0], [115847.5, 3000.0], [115862.5, 2960.0], [115875.0, 18950.0], [115910.0, 2950.0], [115912.5, 24770.0], [115985.0, 2930.0], [116025.0, 45510.0]]}}}
{"jsonrpc": "2.0", "method": "subscription", "params": {"channel": "book.BTC-17OCT25.none.20.100ms", "data": {"timestamp": 1760318984748, "change_id": 121463493721, "instrument_name": "BTC-17OCT25", "bids": [[115750.0, 2420.0], [115745.0, 10000.0], [115737.5, 2920.0], [115735.0, 39340.0], [115725.0, 39340.0], [115722.5, 46850.0], [115717.5, 39340.0], [115710.0, 3140.0], [115612.5, 15660.0], [115610.0, 2920.0], [115597.5, 2950.0], [115592.5, 44450.0], [115585.0, 2950.0], [115522.5, 2930.0], [115505.0, 2340.0], [115502.5, 2950.0], [115495.0, 9390.0], [115477.5, 2870.0], [115410.0, 37580.0], [115407.5, 50000.0]], "asks": [[115755.0, 44000.0], [115760.0, 160.0], [115767.5, 2920.0], [115777.5, 39340.0], [115782.5, 52950.0], [115785.0, 10000.0], [115787.5, 24550.0], [115797.5, 224600.0], [115802.5, 2950.0], [115810.0, 6000.0], [115817.5, 2980.0], [115845.0, 2850.0], [115847.5, 3000.0], [115862.5, 2960.0], [115875.0, 18950.0], [115910.0, 2950.0], [115912.5, 24770.0], [115985.0, 2930.0], [116025.0, 45510.0], [116030.0, 25260.0]]}}}
{"jsonrpc": "2.0", "method": "subscription", "params": {"channel": "book.BTC-24OCT25.none.20.100ms", "data": {"timestamp": 1760318984678, "change_id": 121463493598, "instrument_name": "BTC-24OCT25", "bids": [[115882.5, 2300.0], [115865.0, 22520.0], [115862.5, 31430.0], [115860.0, 56760.0], [115857.5, 42750.0], [115852.5, 12070.0], [115850.0, 40450.0], [115847.5, 2990.0], [115845.0, 10000.0], [115840.0, 670.0], [115837.5, 2250.0], [115830.0, 160.0], [115827.5, 680.0], [115825.0, 2290.0], [115737.5, 16120.0], [115667.5, 2190.0], [115600.0, 2260.0], [115590.0, 2340.0], [115587.5, 2200.0], [115575.0, 2230.0]], "asks": [[115887.5, 10160.0], [115892.5, 44000.0], [115902.5, 29300.0], [115905.0, 90450.0], [115912.5, 12070.0], [115915.0, 41100.0], [115917.5, 2190.0], [115922.5, 15070.0], [115925.0, 40450.0], [115927.5, 690.0], [115930.0, 2300.0], [115950.0, 2290.0], [115962.5, 2300.0], [116005.0, 8370.0], [116010.0, 15960.0], [116017.5, 2260.0], [116067.5, 2190.0], [116080.0, 2300.0], [116087.5, 20.0], [116130.0, 2290.0]]}}}
{"jsonrpc": "2.0", "method": "subscription", "params": {"channel": "book.BTC-24OCT25.none.20.100ms", "data": {"timestamp": 1760318985121, "change_id": 121463494544, "instrument_name": "BTC-24OCT25", "bids": [[115872.5, 2300.0], [115865.0, 9330.0], [115860.0, 44000.0], [115857.5, 42750.0], [115852.5, 10000.0], [115850.0, 40450.0], [115845.0, 12120.0], [115842.5, 40610.0], [115840.0, 670.0], [115837.5, 2250.0], [115827.5, 680.0], [115825.0, 2290.0], [115740.0, 4810.0], [115737.5, 16120.0], [115670.0, 650.0], [115667.5, 2190.0], [115602.5, 670.0], [115600.0, 2260.0], [115590.0, 2340.0], [115587.5, 2200.0]], "asks": [[115877.5, 2990.0], [115880.0, 10000.0], [115885.0, 12810.0], [115887.5, 40610.0], [115890.0, 15430.0], [115892.5, 44000.0], [115895.0, 9010.0], [115897.5, 30180.0], [115900.0, 27690.0], [115902.5, 52300.0], [115905.0, 40450.0], [115915.0, 650.0], [115917.5, 2190.0], [115922.5, 3000.0], [115927.5, 690.0], [115930.0, 2300.0], [115947.5, 680.0], [115950.0, 2290.0], [115960.0, 690.0], [115962.5, 2300.0]]}}}
{"jsonrpc": "2.0", "method": "subscription", "params": {"channel": "book.BTC-17OCT25.none.20.100ms", "data": {"timestamp": 1760318984852, "change_id": 121463494516, "instrument_name": "BTC-17OCT25", "bids": [[115752.5, 10000.0], [115742.5, 39340.0], [115737.5, 14660.0], [115735.0, 39340.0], [115730.0, 550.0], [115727.5, 11740.0], [115725.0, 39340.0], [115722.5, 47010.0], [115710.0, 2980.0], [115612.5, 15660.0], [115610.0, 2920.0], [115597.5, 2950.0], [115592.5, 44450.0], [115585.0, 2950.0], [115522.5, 2930.0], [115505.0, 2340.0], [115502.5, 2950.0], [115495.0, 9390.0], [115477.5, 2870.0], [115410.0, 37580.0]], "asks": [[115755.0, 44000.0], [115760.0, 160.0], [115762.5, 11740.0], [115765.0, 40210.0], [115767.5, 2920.0], [115775.0, 25170.0], [115777.5, 99340.0], [115780.0, 880.0], [115782.5, 2950.0], [115787.5, 24550.0], [115802.5, 2950.0], [115810.0, 6000.0], [115817.5, 2980.0], [115845.0, 2850.0], [115847.5, 3000.0], [115862.5, 2960.0], [115875.0, 18950.0], [115910.0, 2950.0], [115912.5, 24770.0], [115985.0, 2930.0]]}}}
{"jsonrpc": "2.0", "method": "subscription", "params": {"channel": "book.BTC-24OCT25.none.20.100ms", "data": {"timestamp": 1760318985445, "change_id": 121463495970, "instrument_name": "BTC-24OCT25", "bids": [[115870.0, 3200.0], [115867.5, 3200.0], [115862.5, 40450.0], [115857.5, 690.0], [115855.0, 17360.0], [115852.5, 10000.0], [115850.0, 40450.0], [115842.5, 40610.0], [115840.0, 670.0], [115837.5, 2250.0], [115827.5, 680.0], [115825.0, 2290.0], [115737.5, 16120.0], [115667.5, 2190.0], [115600.0, 2260.0], [115590.0, 2340.0], [115587.5, 2200.0], [115575.0, 2230.0], [115562.5, 9390.0], [115560.0, 2290.0]], "asks": [[115872.5, 10000.0], [115875.0, 160.0], [115882.5, 1900.0], [115887.5, 40450.0], [115890.0, 15430.0], [115895.0, 50000.0], [115897.5, 30180.0], [115902.5, 42750.0], [115917.5, 2190.0], [115922.5, 3000.0], [115927.5, 690.0], [115930.0, 2300.0], [115950.0, 2290.0], [115962.5, 2300.0], [116002.5, 2500.0], [116005.0, 8370.0], [116010.0, 15960.0], [116017.5, 2260.0], [116067.5, 2190.0], [116080.0, 2300.0]]}}}
{"jsonrpc": "2.0", "method": "subscription", "params": {"channel": "book.BTC-17OCT25.none.20.100ms", "data": {"timestamp": 1760318985188, "change_id": 121463495964, "instrument_name": "BTC-17OCT25", "bids": [[115752.5, 10000.0], [115730.0, 550.0], [115727.5, 11740.0], [115725.0, 53370.0], [115722.5, 47010.0], [115710.0, 2980.0], [115612.5, 15660.0], [115610.0, 2920.0], [115597.5, 2950.0], [115592.5, 44450.0], [115585.0, 2950.0], [115522.5, 2930.0], [115505.0, 2340.0], [115502.5, 2950.0], [115495.0, 9390.0], [115477.5, 2870.0], [115410.0, 37580.0], [115407.5, 50000.0], [115390.0, 2850.0], [115367.5, 500.0]], "asks": [[115755.0, 44000.0], [115760.0, 160.0], [115762.5, 11740.0], [115765.0, 55030.0], [115767.5, 52920.0], [115770.0, 10000.0], [115775.0, 11740.0], [115777.5, 39340.0], [115780.0, 880.0], [115782.5, 2950.0], [115787.5, 24550.0], [115802.5, 2950.0], [115810.0, 6000.0], [115817.5, 2980.0], [115845.0, 2850.0], [115847.5, 3000.0], [115862.5, 2960.0], [115875.0, 18950.0], [115910.0, 2950.0], [115985.0, 2930.0]]}}}
{"jsonrpc": "2.0", "method": "subscription", "params": {"channel": "book.BTC-17OCT25.none.20.100ms", "data": {"timestamp": 1760318985580, "change_id": 121463497351, "instrument_name": "BTC-17OCT25", "bids": [[115752.5, 10000.0], [115732.5, 39340.0], [115730.0, 550.0], [115727.5, 11740.0], [115725.0, 53370.0], [115722.5, 47010.0], [115710.0, 2980.0], [115612.5, 15660.0], [115610.0, 2920.0], [115597.5, 2950.0], [115592.5, 44450.0], [115585.0, 2950.0], [115522.5, 2930.0], [115505.0, 2340.0], [115502.5, 2950.0], [115495.0, 9390.0], [115477.5, 2870.0], [115452.5, 2920.0], [115410.0, 37580.0], [115407.5, 50000.0]], "asks": [[115755.0, 44000.0], [115760.0, 160.0], [115762.5, 20530.0], [115765.0, 93090.0], [115767.5, 2920.0], [115770.0, 10000.0], [115775.0, 11740.0], [115777.5, 39340.0], [115780.0, 6880.0], [115782.5, 2950.0], [115787.5, 117170.0], [115802.5, 2950.0], [115817.5, 2980.0], [115845.0, 2850.0], [115847.5, 3000.0], [115862.5, 2960.0], [115875.0, 18950.0], [115910.0, 2950.0], [115985.0, 2930.0], [116000.0, 24770.0]]}}}
{"jsonrpc": "2.0", "method": "subscription", "params": {"channel": "book.BTC-24OCT25.none.20.100ms", "data": {"timestamp": 1760318985630, "change_id": 121463497353, "instrument_name": "BTC-24OCT25", "bids": [[115870.0, 5500.0], [115867.5, 3200.0], [115862.5, 12070.0], [115860.0, 40450.0], [115855.0, 46300.0], [115852.5, 10000.0], [115850.0, 40450.0], [115842.5, 40610.0], [115837.5, 2250.0], [115835.0, 28980.0], [115825.0, 2290.0], [115737.5, 16120.0], [115667.5, 2190.0], [115600.0, 2260.0], [115590.0, 2340.0], [115587.5, 2200.0], [115575.0, 2230.0], [115562.5, 9390.0], [115560.0, 2290.0], [115552.5, 50000.0]], "asks": [[115872.5, 10000.0], [115875.0, 160.0], [115877.5, 44000.0], [115887.5, 40450.0], [115890.0, 2300.0], [115895.0, 50000.0], [115897.5, 30180.0], [115902.5, 42750.0], [115917.5, 2190.0], [115922.5, 3000.0], [115930.0, 2300.0], [115950.0, 2290.0], [115962.5, 2300.0], [116005.0, 2250.0], [116010.0, 15960.0], [116017.5, 2260.0], [116067.5, 2190.0], [116080.0, 2300.0], [116087.5, 20.0], [116100.0, 6120.0]]}}}
{"jsonrpc": "2.0", "method": "subscription", "params": {"channel": "book.BTC-17OCT25.none.20.100ms", "data": {"timestamp": 1760318986099, "change_id": 121463498050, "instrument_name": "BTC-17OCT25", "bids": [[115752.5, 10000.0], [115740.0, 2920.0], [115732.5, 39340.0], [115730.0, 550.0], [115727.5, 11740.0], [115725.0, 53370.0], [115722.5, 47010.0], [115710.0, 2980.0], [115612.5, 15660.0], [115610.0, 2920.0], [115597.5, 2950.0], [115592.5, 44450.0], [115585.0, 2950.0], [115522.5, 2930.0], [115505.0, 2340.0], [115502.5, 2950.0], [115495.0, 9390.0], [115477.5, 2870.0], [115452.5, 2920.0], [115410.0, 37580.0]], "asks": [[115755.0, 44000.0], [115760.0, 160.0], [115762.5, 20530.0], [115765.0, 93090.0], [115767.5, 2920.0], [115770.0, 10000.0], [115775.0, 11740.0], [115777.5, 39340.0], [115780.0, 34420.0], [115782.5, 2950.0], [115785.0, 92620.0], [115787.5, 117170.0], [115802.5, 2950.0], [115817.5, 2980.0], [115845.0, 2850.0], [115847.5, 3000.0], [115862.5, 2960.0], [115875.0, 18950.0], [115910.0, 2950.0], [115985.0, 2930.0]]}}}
{"jsonrpc": "2.0", "method": "subscription", "params": {"channel": "book.BTC-24OCT25.none.20.100ms", "data": {"timestamp": 1760318986069, "change_id": 121463498033, "instrument_name": "BTC-24OCT25", "bids": [[115870.0, 5500.0], [115867.5, 930.0], [115865.0, 3100.0], [115862.5, 12070.0], [115860.0, 40450.0], [115857.5, 13820.0], [115855.0, 61360.0], [115852.5, 10000.0], [115850.0, 40450.0], [115845.0, 12120.0], [115842.5, 40610.0], [115837.5, 54590.0], [115835.0, 28980.0], [115827.5, 680.0], [115825.0, 2290.0], [115740.0, 4810.0], [115737.5, 16120.0], [115670.0, 650.0], [115667.5, 2190.0], [115602.5, 670.0]], "asks": [[115872.5, 10000.0], [115875.0, 13290.0], [115877.5, 44000.0], [115885.0, 12760.0], [115887.5, 40450.0], [115890.0, 2300.0], [115892.5, 14930.0], [115895.0, 59010.0], [115897.5, 30180.0], [115900.0, 12760.0], [115902.5, 42750.0], [115915.0, 650.0], [115917.5, 2190.0], [115920.0, 900.0], [115922.5, 3000.0], [115927.5, 690.0], [115930.0, 2300.0], [115947.5, 680.0], [115950.0, 2290.0], [115960.0, 690.0]]}}}
{"jsonrpc": "2.0", "method": "subscription", "params": {"channel": "book.BTC-24OCT25.none.20.100ms", "data": {"timestamp": 1760318986426, "change_id": 121463498894, "instrument_name": "BTC-24OCT25", "bids": [[115870.0, 5500.0], [115867.5, 930.0], [115865.0, 3100.0], [115862.5, 12070.0], [115860.0, 40450.0], [115857.5, 13820.0], [115855.0, 61360.0], [115852.5, 10000.0], [115850.0, 40450.0], [115845.0, 12120.0], [115842.5, 40610.0], [115837.5, 54590.0], [115835.0, 28980.0], [115827.5, 680.0], [115825.0, 2290.0], [115740.0, 4810.0], [115737.5, 16120.0], [115670.0, 650.0], [115667.5, 2190.0], [115602.5, 670.0]], "asks": [[115872.5, 10000.0], [115875.0, 160.0], [115882.5, 14930.0], [115885.0, 73580.0], [115887.5, 40450.0], [115890.0, 44000.0], [115895.0, 9010.0], [115897.5, 30180.0], [115900.0, 12760.0], [115902.5, 42750.0], [115915.0, 650.0], [115917.5, 2190.0], [115920.0, 900.0], [115922.5, 3000.0], [115927.5, 690.0], [115930.0, 2300.0], [115947.5, 680.0], [115950.0, 2290.0], [115960.0, 690.0], [115962.5, 2300.0]]}}}
{"jsonrpc": "2.0", "method": "subscription", "params": {"channel": "book.BTC-17OCT25.none.20.100ms", "data": {"timestamp": 1760318986195, "change_id": 121463498685, "instrument_name": "BTC-17OCT25", "bids": [[115752.5, 10000.0], [115742.5, 39340.0], [115740.0, 2920.0], [115735.0, 11910.0], [115732.5, 39340.0], [115730.0, 550.0], [115727.5, 11740.0], [115725.0, 53370.0], [115722.5, 47010.0], [115712.5, 890.0], [115710.0, 2980.0], [115615.0, 5550.0], [115612.5, 15660.0], [115610.0, 2920.0], [115597.5, 2950.0], [115592.5, 44450.0], [115585.0, 2950.0], [115525.0, 870.0], [115522.5, 2930.0], [115505.0, 2340.0]], "asks": [[115755.0, 44000.0], [115760.0, 160.0], [115762.5, 20530.0], [115765.0, 93090.0], [115767.5, 2920.0], [115770.0, 10000.0], [115775.0, 11740.0], [115777.5, 39340.0], [115780.0, 28420.0], [115782.5, 2950.0], [115785.0, 127600.0], [115787.5, 117170.0], [115790.0, 6000.0], [115802.5, 2950.0], [115815.0, 890.0], [115817.5, 2980.0], [115845.0, 3750.0], [115847.5, 3000.0], [115862.5, 2960.0], [115875.0, 18950.0]]}}}
{"jsonrpc": "2.0", "method": "subscription", "params": {"channel": "book.BTC-24OCT25.none.20.100ms", "data": {"timestamp": 1760318986537, "change_id": 121463499170, "instrument_name": "BTC-24OCT25", "bids": [[115870.0, 5500.0], [115867.5, 930.0], [115865.0, 3100.0], [115862.5, 12070.0], [115860.0, 40450.0], [115857.5, 13820.0], [115855.0, 61360.0], [115852.5, 10000.0], [115850.0, 40450.0], [115845.0, 12120.0], [115842.5, 40610.0], [115837.5, 54590.0], [115835.0, 28980.0], [115827.5, 680.0], [115825.0, 2290.0], [115740.0, 4810.0], [115737.5, 16120.0], [115670.0, 650.0], [115667.5, 2190.0], [115602.5, 670.0]], "asks": [[115872.5, 10000.0], [115875.0, 160.0], [115882.5, 14930.0], [115885.0, 75880.0], [115887.5, 40450.0], [115890.0, 44000.0], [115895.0, 9010.0], [115897.5, 30180.0], [115900.0, 12760.0], [115902.5, 42750.0], [115915.0, 650.0], [115917.5, 2190.0], [115920.0, 900.0], [115922.5, 3000.0], [115927.5, 690.0], [115930.0, 2300.0], [115947.5, 680.0], [115950.0, 2290.0], [115960.0, 690.0], [115962.5, 2300.0]]}}}
{"jsonrpc": "2.0", "method": "subscription", "params": {"channel": "book.BTC-17OCT25.none.20.100ms", "data": {"timestamp": 1760318986682, "change_id": 121463499365, "instrument_name": "BTC-17OCT25", "bids": [[115752.5, 10000.0], [115742.5, 39340.0], [115740.0, 2920.0], [115735.0, 11910.0], [115732.5, 39340.0], [115730.0, 550.0], [115727.5, 11740.0], [115725.0, 53370.0], [115722.5, 47010.0], [115712.5, 890.0], [115710.0, 2980.0], [115615.0, 5550.0], [115612.5, 15660.0], [115597.5, 2950.0], [115592.5, 44450.0], [115585.0, 2950.0], [115525.0, 870.0], [115522.5, 2930.0], [115505.0, 2340.0], [115502.5, 2950.0]], "asks": [[115755.0, 44000.0], [115760.0, 160.0], [115762.5, 20530.0], [115765.0, 93090.0], [115767.5, 2920.0], [115770.0, 10000.0], [115775.0, 11740.0], [115777.5, 39340.0], [115780.0, 28420.0], [115782.5, 2950.0], [115785.0, 127600.0], [115787.5, 117170.0], [115790.0, 6000.0], [115802.5, 2950.0], [115815.0, 890.0], [115817.5, 2980.0], [115845.0, 3750.0], [115847.5, 3000.0], [115862.5, 2960.0], [115875.0, 18950.0]]}}}
{"jsonrpc": "2.0", "method": "subscription", "params": {"channel": "book.BTC-24OCT25.none.20.100ms", "data": {"timestamp": 1760318986791, "change_id": 121463499469, "instrument_name": "BTC-24OCT25", "bids": [[115870.0, 5500.0], [115867.5, 930.0], [115865.0, 3100.0], [115862.5, 12070.0], [115860.0, 40450.0], [115857.5, 13820.0], [115855.0, 61360.0], [115852.5, 10000.0], [115850.0, 40450.0], [115845.0, 12120.0], [115842.5, 40610.0], [115837.5, 54590.0], [115835.0, 28980.0], [115827.5, 680.0], [115825.0, 2290.0], [115740.0, 4810.0], [115737.5, 16120.0], [115670.0, 650.0], [115667.5, 2190.0], [115602.5, 670.0]], "asks": [[115872.5, 10000.0], [115875.0, 160.0], [115882.5, 14930.0], [115885.0, 73580.0], [115887.5, 40450.0], [115890.0, 44000.0], [115895.0, 9010.0], [115897.5, 30180.0], [115900.0, 12760.0], [115902.5, 42750.0], [115915.0, 650.0], [115917.5, 2190.0], [115920.0, 900.0], [115922.5, 3000.0], [115927.5, 690.0], [115930.0, 2300.0], [115947.5, 680.0], [115950.0, 2290.0], [115960.0, 690.0], [115962.5, 2300.0]]}}}
{"jsonrpc": "2.0", "method": "subscription", "params": {"channel": "book.BTC-17OCT25.none.20.100ms", "data": {"timestamp": 1760318987178, "change_id": 121463499979, "instrument_name": "BTC-17OCT25", "bids": [[115752.5, 10000.0], [115742.5, 39340.0], [115735.0, 11910.0], [115732.5, 39340.0], [115730.0, 550.0], [115727.5, 11740.0], [115725.0, 53370.0], [115722.5, 47010.0], [115712.5, 890.0], [115710.0, 2980.0], [115615.0, 5550.0], [115612.5, 15660.0], [115597.5, 2950.0], [115592.5, 44450.0], [115585.0, 2950.0], [115525.0, 870.0], [115522.5, 2930.0], [115505.0, 2340.0], [115502.5, 2950.0], [115495.0, 9390.0]], "asks": [[115755.0, 44000.0], [115760.0, 160.0], [115762.5, 20530.0], [115765.0, 93090.0], [115767.5, 2920.0], [115770.0, 10000.0], [115775.0, 11740.0], [115777.5, 39340.0], [115780.0, 28420.0], [115782.5, 2950.0], [115785.0, 127600.0], [115787.5, 117170.0], [115790.0, 6000.0], [115802.5, 2950.0], [115815.0, 890.0], [115817.5, 2980.0], [115845.0, 3750.0], [115847.5, 3000.0], [115862.5, 2960.0], [115875.0, 18950.0]]}}}
{"jsonrpc": "2.0", "method": "subscription", "params": {"channel": "book.BTC-24OCT25.none.20.100ms", "data": {"timestamp": 1760318987263, "change_id": 121463500362, "instrument_name": "BTC-24OCT25", "bids": [[115870.0, 5500.0], [115867.5, 930.0], [115865.0, 3100.0], [115862.5, 12070.0], [115860.0, 40450.0], [115857.5, 13820.0], [115855.0, 61360.0], [115852.5, 10000.0], [115850.0, 40450.0], [115845.0, 12120.0], [115842.5, 40610.0], [115840.0, 13710.0], [115837.5, 45940.0], [115827.5, 680.0], [115825.0, 2290.0], [115740.0, 4810.0], [115737.5, 16120.0], [115670.0, 650.0], [115667.5, 2190.0], [115602.5, 670.0]], "asks": [[115872.5, 10000.0], [115875.0, 160.0], [115882.5, 14930.0], [115885.0, 75880.0], [115887.5, 40450.0], [115890.0, 44000.0], [115895.0, 9010.0], [115897.5, 30180.0], [115900.0, 12760.0], [115902.5, 42750.0], [115915.0, 650.0], [115917.5, 2190.0], [115920.0, 900.0], [115922.5, 3000.0], [115927.5, 690.0], [115930.0, 2300.0], [115947.5, 680.0], [115950.0, 2290.0], [115960.0, 690.0], [115962.5, 2300.0]]}}}
{"jsonrpc": "2.0", "method": "subscription", "params": {"channel": "book.BTC-17OCT25.none.20.100ms", "data": {"timestamp": 1760318987747, "change_id": 121463501110, "instrument_name": "BTC-17OCT25", "bids": [[115752.5, 10000.0], [115742.5, 39340.0], [115740.0, 2920.0], [115735.0, 11910.0], [115732.5, 39340.0], [115730.0, 550.0], [115727.5, 11740.0], [115725.0, 53370.0], [115722.5, 47010.0], [115712.5, 890.0], [115710.0, 2980.0], [115615.0, 5550.0], [115612.5, 15660.0], [115597.5, 2950.0], [115595.0, 13270.0], [115592.5, 44450.0], [115585.0, 2950.0], [115525.0, 870.0], [115522.5, 2930.0], [115505.0, 2340.0]], "asks": [[115755.0, 44000.0], [115760.0, 160.0], [115762.5, 20530.0], [115765.0, 90210.0], [115767.5, 2920.0], [115775.0, 11740.0], [115777.5, 39340.0], [115780.0, 28420.0], [115782.5, 2950.0], [115785.0, 127600.0], [115787.5, 127170.0], [115790.0, 6000.0], [115800.0, 880.0], [115802.5, 2950.0], [115815.0, 890.0], [115817.5, 2980.0], [115842.5, 850.0], [115845.0, 3750.0], [115847.5, 3000.0], [115862.5, 2960.0]]}}}
{"jsonrpc": "2.0", "method": "subscription", "params": {"channel": "book.BTC-24OCT25.none.20.100ms", "data": {"timestamp": 1760318987754, "change_id": 121463501139, "instrument_name": "BTC-24OCT25", "bids": [[115882.5, 5500.0], [115872.5, 12910.0], [115870.0, 43650.0], [115867.5, 16240.0], [115865.0, 44000.0], [115862.5, 12070.0], [115860.0, 40450.0], [115857.5, 690.0], [115855.0, 17360.0], [115852.5, 10000.0], [115850.0, 40450.0], [115842.5, 160.0], [115840.0, 18510.0], [115837.5, 86660.0], [115827.5, 680.0], [115825.0, 2290.0], [115737.5, 16120.0], [115670.0, 650.0], [115667.5, 2190.0], [115602.5, 670.0]], "asks": [[115885.0, 62760.0], [115887.5, 23180.0], [115890.0, 44160.0], [115895.0, 9010.0], [115897.5, 30180.0], [115900.0, 12760.0], [115902.5, 42750.0], [115912.5, 12070.0], [115915.0, 41100.0], [115917.5, 2190.0], [115920.0, 900.0], [115922.5, 3000.0], [115927.5, 690.0], [115930.0, 2300.0], [115947.5, 680.0], [115950.0, 2290.0], [115960.0, 690.0], [115962.5, 2300.0], [116002.5, 670.0], [116005.0, 2250.0]]}}}
{"jsonrpc": "2.0", "method": "subscription", "params": {"channel": "book.BTC-17OCT25.none.20.100ms", "data": {"timestamp": 1760318988037, "change_id": 121463501857, "instrument_name": "BTC-17OCT25", "bids": [[115752.5, 12920.0], [115745.0, 12610.0], [115742.5, 39340.0], [115740.0, 2920.0], [115735.0, 23520.0], [115732.5, 39340.0], [115730.0, 44550.0], [115727.5, 11740.0], [115725.0, 40240.0], [115722.5, 3010.0], [115712.5, 890.0], [115710.0, 2980.0], [115615.0, 5550.0], [115612.5, 15660.0], [115597.5, 2950.0], [115595.0, 13270.0], [115592.5, 44450.0], [115585.0, 2950.0], [115525.0, 870.0], [115522.5, 2930.0]], "asks": [[115755.0, 44000.0], [115765.0, 90210.0], [115767.5, 2920.0], [115775.0, 11900.0], [115777.5, 39340.0], [115780.0, 28420.0], [115782.5, 2950.0], [115785.0, 127600.0], [115787.5, 117170.0], [115790.0, 6000.0], [115800.0, 880.0], [115802.5, 2950.0], [115815.0, 890.0], [115817.5, 2980.0], [115842.5, 850.0], [115845.0, 3750.0], [115847.5, 3000.0], [115862.5, 2960.0], [115875.0, 18950.0], [115985.0, 2930.0]]}}}
{"jsonrpc": "2.0", "method": "subscription", "params": {"channel": "book.BTC-24OCT25.none.20.100ms", "data": {"timestamp": 1760318988096, "change_id": 121463501881, "instrument_name": "BTC-24OCT25", "bids": [[115887.5, 2300.0], [115885.0, 4450.0], [115882.5, 2300.0], [115880.0, 1900.0], [115877.5, 960.0], [115875.0, 3200.0], [115872.5, 12910.0], [115870.0, 40450.0], [115867.5, 16240.0], [115865.0, 44000.0], [115862.5, 12070.0], [115860.0, 50450.0], [115857.5, 690.0], [115855.0, 17360.0], [115850.0, 40450.0], [115842.5, 160.0], [115840.0, 18510.0], [115837.5, 86660.0], [115827.5, 680.0], [115825.0, 2290.0]], "asks": [[115890.0, 44160.0], [115892.5, 50000.0], [115895.0, 9010.0], [115897.5, 30180.0], [115900.0, 12670.0], [115902.5, 2300.0], [115912.5, 12070.0], [115915.0, 41100.0], [115917.5, 2190.0], [115920.0, 900.0], [115922.5, 3000.0], [115927.5, 690.0], [115930.0, 2300.0], [115947.5, 680.0], [115950.0, 2290.0], [115960.0, 690.0], [115962.5, 2300.0], [116002.5, 670.0], [116005.0, 2250.0], [116007.5, 4760.0]]}}}
{"jsonrpc": "2.0", "method": "subscription", "params": {"channel": "book.BTC-24OCT25.none.20.100ms", "data": {"timestamp": 1760318988194, "change_id": 121463502217, "instrument_name": "BTC-24OCT25", "bids": [[115887.5, 2300.0], [115885.0, 3200.0], [115880.0, 1900.0], [115877.5, 40450.0], [115870.0, 40450.0], [115867.5, 2300.0], [115865.0, 44000.0], [115860.0, 50450.0], [115855.0, 2460.0], [115837.5, 2250.0], [115825.0, 2290.0], [115737.5, 16120.0], [115667.5, 2190.0], [115600.0, 2260.0], [115590.0, 2340.0], [115587.5, 2200.0], [115575.0, 2230.0], [115562.5, 9390.0], [115560.0, 2290.0], [115552.5, 50000.0]], "asks": [[115890.0, 44160.0], [115895.0, 50000.0], [115897.5, 40180.0], [115902.5, 2300.0], [115915.0, 40450.0], [115917.5, 2190.0], [115920.0, 40450.0], [115930.0, 2300.0], [115932.5, 3000.0], [115950.0, 2290.0], [115962.5, 2300.0], [116005.0, 2250.0], [116010.0, 15960.0], [116017.5, 2260.0], [116067.5, 2190.0], [116080.0, 2300.0], [116087.5, 20.0], [116100.0, 6120.0], [116130.0, 2290.0], [116140.0, 20.0]]}}}
{"jsonrpc": "2.0", "method": "subscription", "params": {"channel": "book.BTC-17OCT25.none.20.100ms", "data": {"timestamp": 1760318988169, "change_id": 121463502615, "instrument_name": "BTC-17OCT25", "bids": [[115752.5, 10000.0], [115745.0, 12610.0], [115742.5, 39340.0], [115740.0, 2920.0], [115735.0, 23680.0], [115732.5, 39340.0], [115730.0, 44550.0], [115727.5, 11740.0], [115725.0, 40240.0], [115722.5, 2850.0], [115712.5, 890.0], [115710.0, 2980.0], [115615.0, 5550.0], [115612.5, 15660.0], [115597.5, 2950.0], [115595.0, 13270.0], [115592.5, 44450.0], [115585.0, 2950.0], [115525.0, 870.0], [115522.5, 2930.0]], "asks": [[115755.0, 44000.0], [115760.0, 26670.0], [115762.5, 50000.0], [115765.0, 40210.0], [115767.5, 2920.0], [115775.0, 11900.0], [115777.5, 39340.0], [115780.0, 28420.0], [115782.5, 2950.0], [115785.0, 127600.0], [115787.5, 117170.0], [115790.0, 6000.0], [115797.5, 10000.0], [115802.5, 2950.0], [115817.5, 2980.0], [115842.5, 850.0], [115845.0, 3750.0], [115847.5, 3000.0], [115862.5, 2960.0], [115875.0, 18950.0]]}}}
{"jsonrpc": "2.0", "method": "subscription", "params": {"channel": "book.BTC-17OCT25.none.20.100ms", "data": {"timestamp": 1760318988728, "change_id": 121463503110, "instrument_name": "BTC-17OCT25", "bids": [[115752.5, 12920.0], [115745.0, 12610.0], [115742.5, 39340.0], [115740.0, 2920.0], [115735.0, 23680.0], [115732.5, 39340.0], [115730.0, 44550.0], [115727.5, 11740.0], [115725.0, 40240.0], [115722.5, 2850.0], [115712.5, 890.0], [115710.0, 2980.0], [115615.0, 5550.0], [115612.5, 15660.0], [115600.0, 880.0], [115597.5, 2950.0], [115595.0, 13270.0], [115592.5, 44450.0], [115585.0, 2950.0], [115525.0, 870.0]], "asks": [[115755.0, 44000.0], [115760.0, 26670.0], [115762.5, 50000.0], [115765.0, 40210.0], [115767.5, 2920.0], [115775.0, 11900.0], [115777.5, 39340.0], [115780.0, 880.0], [115782.5, 2950.0], [115785.0, 34980.0], [115787.5, 117170.0], [115790.0, 16000.0], [115802.5, 2950.0], [115817.5, 2980.0], [115842.5, 850.0], [115845.0, 3750.0], [115847.5, 3000.0], [115862.5, 2960.0], [115875.0, 18950.0], [115985.0, 2930.0]]}}}
{"jsonrpc": "2.0", "method": "subscription", "params": {"channel": "book.BTC-24OCT25.none.20.100ms", "data": {"timestamp": 1760318988586, "change_id": 121463503034, "instrument_name": "BTC-24OCT25", "bids": [[115887.5, 2300.0], [115885.0, 3200.0], [115880.0, 1900.0], [115877.5, 40450.0], [115870.0, 40450.0], [115867.5, 2300.0], [115865.0, 44000.0], [115860.0, 50450.0], [115855.0, 2460.0], [115837.5, 2250.0], [115825.0, 2290.0], [115737.5, 16120.0], [115667.5, 2190.0], [115600.0, 2260.0], [115590.0, 2340.0], [115587.5, 2200.0], [115575.0, 2230.0], [115562.5, 9390.0], [115560.0, 2290.0], [115552.5, 50000.0]], "asks": [[115890.0, 44160.0], [115895.0, 50000.0], [115897.5, 40180.0], [115902.5, 2300.0], [115915.0, 40450.0], [115917.5, 2190.0], [115920.0, 40450.0], [115930.0, 2300.0], [115932.5, 3000.0], [115950.0, 2290.0], [115962.5, 2300.0], [116005.0, 2250.0], [116010.0, 15960.0], [116017.5, 2260.0], [116067.5, 2190.0], [116080.0, 2300.0], [116087.5, 20.0], [116100.0, 6120.0], [116130.0, 2290.0], [116140.0, 20.0]]}}}
{"jsonrpc": "2.0", "method": "subscription", "params": {"channel": "book.BTC-24OCT25.none.20.100ms", "data": {"timestamp": 1760318988928, "change_id": 121463503448, "instrument_name": "BTC-24OCT25", "bids": [[115887.5, 5500.0], [115882.5, 880.0], [115880.0, 15270.0], [115877.5, 40450.0], [115872.5, 12070.0], [115870.0, 40450.0], [115867.5, 15430.0], [115865.0, 44000.0], [115862.5, 15060.0], [115860.0, 50450.0], [115857.5, 730.0], [115855.0, 2460.0], [115837.5, 2250.0], [115827.5, 680.0], [115825.0, 2290.0], [115737.5, 16120.0], [115600.0, 2260.0], [115590.0, 2340.0], [115587.5, 2200.0], [115575.0, 2230.0]], "asks": [[115890.0, 54160.0], [115892.5, 26920.0], [115895.0, 50000.0], [115897.5, 30180.0], [115900.0, 690.0], [115902.5, 2300.0], [115912.5, 12070.0], [115915.0, 40450.0], [115917.5, 14260.0], [115920.0, 40450.0], [115930.0, 2300.0], [115932.5, 3000.0], [115962.5, 2300.0], [116005.0, 2250.0], [116010.0, 15960.0], [116017.5, 2260.0], [116067.5, 2190.0], [116080.0, 2300.0], [116087.5, 20.0], [116100.0, 6120.0]]}}}
{"jsonrpc": "2.0", "method": "subscription", "params": {"channel": "book.BTC-24OCT25.none.20.100ms", "data": {"timestamp": 1760318989168, "change_id": 121463503889, "instrument_name": "BTC-24OCT25", "bids": [[115887.5, 5500.0], [115882.5, 880.0], [115880.0, 15270.0], [115877.5, 40450.0], [115875.0, 25210.0], [115872.5, 44000.0], [115870.0, 44030.0], [115867.5, 12300.0], [115862.5, 15060.0], [115860.0, 40450.0], [115857.5, 730.0], [115855.0, 2460.0], [115837.5, 2250.0], [115827.5, 680.0], [115825.0, 2290.0], [115737.5, 16120.0], [115600.0, 2260.0], [115590.0, 2340.0], [115587.5, 2200.0], [115575.0, 2230.0]], "asks": [[115890.0, 10000.0], [115892.5, 26920.0], [115895.0, 94000.0], [115897.5, 30180.0], [115900.0, 690.0], [115902.5, 2300.0], [115905.0, 160.0], [115912.5, 12070.0], [115915.0, 40450.0], [115917.5, 14260.0], [115920.0, 40450.0], [115930.0, 2300.0], [115932.5, 3000.0], [115962.5, 2300.0], [116005.0, 2250.0], [116010.0, 15960.0], [116017.5, 2260.0], [116067.5, 2190.0], [116080.0, 2300.0], [116087.5, 20.0]]}}}
{"jsonrpc": "2.0", "method": "subscription", "params": {"channel": "book.BTC-17OCT25.none.20.100ms", "data": {"timestamp": 1760318989216, "change_id": 121463504326, "instrument_name": "BTC-17OCT25", "bids": [[115760.0, 10000.0], [115755.0, 2920.0], [115752.5, 11740.0], [115750.0, 39340.0], [115745.0, 12610.0], [115742.5, 39340.0], [115740.0, 16100.0], [115737.5, 44550.0], [115735.0, 12070.0], [115732.5, 39340.0], [115725.0, 900.0], [115722.5, 2850.0], [115712.5, 890.0], [115710.0, 2980.0], [115615.0, 5550.0], [115612.5, 15660.0], [115600.0, 880.0], [115597.5, 2950.0], [115595.0, 13270.0], [115592.5, 44450.0]], "asks": [[115762.5, 94000.0], [115765.0, 12500.0], [115767.5, 2920.0], [115770.0, 39340.0], [115775.0, 160.0], [115780.0, 880.0], [115782.5, 2950.0], [115785.0, 34980.0], [115787.5, 117170.0], [115790.0, 16000.0], [115792.5, 39340.0], [115817.5, 2980.0], [115842.5, 850.0], [115845.0, 3750.0], [115847.5, 3000.0], [115862.5, 2960.0], [115872.5, 5660.0], [115875.0, 18950.0], [115985.0, 2930.0], [116000.0, 24770.0]]}}}
{"jsonrpc": "2.0", "method": "subscription", "params": {"channel": "book.BTC-24OCT25.none.20.100ms", "data": {"timestamp": 1760318989642, "change_id": 121463504744, "instrument_name": "BTC-24OCT25", "bids": [[115887.5, 5500.0], [115882.5, 880.0], [115880.0, 15270.0], [115877.5, 40450.0], [115875.0, 25210.0], [115872.5, 44000.0], [115870.0, 44030.0], [115867.5, 12300.0], [115862.5, 15060.0], [115860.0, 40450.0], [115857.5, 730.0], [115855.0, 2460.0], [115837.5, 2250.0], [115827.5, 680.0], [115825.0, 2290.0], [115737.5, 16120.0], [115600.0, 2260.0], [115590.0, 2340.0], [115587.5, 2200.0], [115575.0, 2230.0]], "asks": [[115890.0, 10000.0], [115892.5, 26920.0], [115895.0, 94000.0], [115897.5, 30180.0], [115905.0, 160.0], [115912.5, 12070.0], [115915.0, 40450.0], [115917.5, 14260.0], [115920.0, 40450.0], [115930.0, 2300.0], [115932.5, 3000.0], [115962.5, 2300.0], [116005.0, 2250.0], [116010.0, 15960.0], [116017.5, 2260.0], [116067.5, 2190.0], [116080.0, 2300.0], [116087.5, 20.0], [116100.0, 6120.0], [116130.0, 2290.0]]}}}
{"jsonrpc": "2.0", "method": "subscription", "params": {"channel": "book.BTC-24OCT25.none.20.100ms", "data": {"timestamp": 1760318989956, "change_id": 121463505271, "instrument_name": "BTC-24OCT25", "bids": [[115887.5, 5500.0], [115885.0, 1910.0], [115882.5, 3200.0], [115880.0, 15270.0], [115877.5, 40450.0], [115875.0, 25210.0], [115872.5, 44000.0], [115870.0, 44030.0], [115867.5, 12300.0], [115862.5, 15060.0], [115860.0, 40450.0], [115857.5, 730.0], [115855.0, 2460.0], [115840.0, 670.0], [115837.5, 2250.0], [115827.5, 680.0], [115825.0, 2290.0], [115740.0, 4810.0], [115737.5, 16120.0], [115602.5, 670.0]], "asks": [[115890.0, 10000.0], [115892.5, 26920.0], [115895.0, 94000.0], [115897.5, 30180.0], [115905.0, 160.0], [115912.5, 12070.0], [115915.0, 40450.0], [115917.5, 14260.0], [115920.0, 40450.0], [115930.0, 3200.0], [115932.5, 3000.0], [115960.0, 690.0], [115962.5, 2300.0], [116005.0, 2250.0], [116007.5, 4760.0], [116010.0, 15960.0], [116017.5, 2260.0], [116065.0, 650.0], [116067.5, 2190.0], [116080.0, 2300.0]]}}}
{"jsonrpc": "2.0", "method": "subscription", "params": {"channel": "book.BTC-17OCT25.none.20.100ms", "data": {"timestamp": 1760318989764, "change_id": 121463504815, "instrument_name": "BTC-17OCT25", "bids": [[115760.0, 10000.0], [115755.0, 2920.0], [115752.5, 11740.0], [115750.0, 39340.0], [115745.0, 12610.0], [115742.5, 39340.0], [115740.0, 16100.0], [115737.5, 44550.0], [115735.0, 12070.0], [115732.5, 39340.0], [115725.0, 900.0], [115722.5, 2850.0], [115712.5, 890.0], [115710.0, 2980.0], [115615.0, 5550.0], [115612.5, 15660.0], [115600.0, 880.0], [115597.5, 2950.0], [115595.0, 13270.0], [115592.5, 44450.0]], "asks": [[115762.5, 94000.0], [115765.0, 12500.0], [115770.0, 39340.0], [115775.0, 160.0], [115780.0, 880.0], [115782.5, 2950.0], [115785.0, 34980.0], [115787.5, 117170.0], [115790.0, 27740.0], [115792.5, 39340.0], [115817.5, 2980.0], [115842.5, 850.0], [115845.0, 3750.0], [115847.5, 3000.0], [115860.0, 880.0], [115862.5, 2960.0], [115872.5, 5660.0], [115875.0, 18950.0], [115985.0, 2930.0], [116000.0, 24770.0]]}}}
{"jsonrpc": "2.0", "method": "subscription", "params": {"channel": "book.BTC-17OCT25.none.20.100ms", "data": {"timestamp": 1760318990164, "change_id": 121463505874, "instrument_name": "BTC-17OCT25", "bids": [[115760.0, 10000.0], [115752.5, 11740.0], [115750.0, 39340.0], [115745.0, 12610.0], [115742.5, 39340.0], [115740.0, 16100.0], [115737.5, 44550.0], [115735.0, 12070.0], [115732.5, 39340.0], [115725.0, 900.0], [115722.5, 2850.0], [115712.5, 890.0], [115710.0, 2980.0], [115615.0, 5550.0], [115612.5, 15660.0], [115600.0, 880.0], [115597.5, 2950.0], [115595.0, 13270.0], [115592.5, 44450.0], [115585.0, 2950.0]], "asks": [[115762.5, 94000.0], [115765.0, 12500.0], [115770.0, 39340.0], [115775.0, 160.0], [115780.0, 880.0], [115782.5, 2950.0], [115785.0, 12100.0], [115787.5, 24550.0], [115790.0, 27740.0], [115792.5, 39340.0], [115817.5, 2980.0], [115842.5, 850.0], [115845.0, 3750.0], [115847.5, 3000.0], [115860.0, 880.0], [115862.5, 2960.0], [115872.5, 5660.0], [115875.0, 18950.0], [115985.0, 2930.0], [116000.0, 24770.0]]}}}
{"jsonrpc": "2.0", "method": "subscription", "params": {"channel": "book.BTC-24OCT25.none.20.100ms", "data": {"timestamp": 1760318990168, "change_id": 121463505478, "instrument_name": "BTC-24OCT25", "bids": [[115887.5, 5500.0], [115885.0, 1910.0], [115882.5, 3200.0], [115880.0, 15270.0], [115877.5, 40450.0], [115875.0, 25210.0], [115872.5, 44000.0], [115870.0, 44030.0], [115867.5, 12300.0], [115862.5, 15060.0], [115860.0, 40450.0], [115857.5, 730.0], [115855.0, 2460.0], [115840.0, 670.0], [115837.5, 2250.0], [115827.5, 680.0], [115825.0, 2290.0], [115740.0, 4810.0], [115737.5, 16120.0], [115602.5, 670.0]], "asks": [[115890.0, 10000.0], [115892.5, 26920.0], [115895.0, 94000.0], [115897.5, 30180.0], [115900.0, 730.0], [115902.5, 2300.0], [115905.0, 160.0], [115912.5, 12070.0], [115915.0, 40450.0], [115917.5, 14260.0], [115920.0, 40450.0], [115930.0, 3200.0], [115932.5, 3000.0], [115960.0, 690.0], [115962.5, 2300.0], [116005.0, 2250.0], [116007.5, 4760.0], [116010.0, 15960.0], [116017.5, 2260.0], [116065.0, 650.0]]}}}
{"jsonrpc": "2.0", "method": "subscription", "params": {"channel": "book.BTC-24OCT25.none.20.100ms", "data": {"timestamp": 1760318990579, "change_id": 121463506214, "instrument_name": "BTC-24OCT25", "bids": [[115887.5, 5500.0], [115885.0, 1910.0], [115882.5, 3200.0], [115880.0, 15270.0], [115877.5, 40450.0], [115875.0, 25210.0], [115872.5, 44000.0], [115870.0, 44030.0], [115867.5, 12300.0], [115862.5, 15060.0], [115860.0, 40450.0], [115857.5, 730.0], [115855.0, 2460.0], [115840.0, 670.0], [115837.5, 2250.0], [115827.5, 680.0], [115825.0, 2290.0], [115740.0, 4810.0], [115737.5, 16120.0], [115602.5, 670.0]], "asks": [[115890.0, 10000.0], [115892.5, 26920.0], [115895.0, 94000.0], [115897.5, 30180.0], [115905.0, 160.0], [115912.5, 12070.0], [115915.0, 40450.0], [115917.5, 14260.0], [115920.0, 40450.0], [115930.0, 3200.0], [115932.5, 3000.0], [115960.0, 690.0], [115962.5, 2300.0], [116005.0, 2250.0], [116007.5, 4760.0], [116010.0, 15960.0], [116017.5, 2260.0], [116065.0, 650.0], [116067.5, 2190.0], [116080.0, 2300.0]]}}}
{"jsonrpc": "2.0", "method": "subscription", "params": {"channel": "book.BTC-24OCT25.none.20.100ms", "data": {"timestamp": 1760318990905, "change_id": 121463506593, "instrument_name": "BTC-24OCT25", "bids": [[115887.5, 5500.0], [115885.0, 1910.0], [115882.5, 3200.0], [115880.0, 15270.0], [115877.5, 40450.0], [115875.0, 25210.0], [115872.5, 44000.0], [115870.0, 44030.0], [115867.5, 12300.0], [115862.5, 15060.0], [115860.0, 40450.0], [115857.5, 730.0], [115855.0, 2460.0], [115840.0, 670.0], [115837.5, 2250.0], [115827.5, 680.0], [115825.0, 2290.0], [115740.0, 4810.0], [115737.5, 16120.0], [115602.5, 670.0]], "asks": [[115890.0, 10000.0], [115892.5, 26920.0], [115895.0, 94000.0], [115897.5, 30180.0], [115900.0, 700.0], [115902.5, 2200.0], [115905.0, 160.0], [115912.5, 12070.0], [115915.0, 40450.0], [115917.5, 14260.0], [115920.0, 40450.0], [115930.0, 3200.0], [115932.5, 3000.0], [115960.0, 690.0], [115962.5, 2300.0], [116005.0, 2250.0], [116007.5, 4760.0], [116010.0, 15960.0], [116017.5, 2260.0], [116065.0, 650.0]]}}}
{"jsonrpc": "2.0", "method": "subscription", "params": {"channel": "book.BTC-17OCT25.none.20.100ms", "data": {"timestamp": 1760318991238, "change_id": 121463507193, "instrument_name": "BTC-17OCT25", "bids": [[115760.0, 10000.0], [115752.5, 11740.0], [115750.0, 39340.0], [115745.0, 12610.0], [115742.5, 39340.0], [115740.0, 16100.0], [115737.5, 44550.0], [115735.0, 12070.0], [115732.5, 39340.0], [115725.0, 900.0], [115722.5, 2850.0], [115712.5, 890.0], [115710.0, 2980.0], [115615.0, 5550.0], [115612.5, 15660.0], [115600.0, 880.0], [115597.5, 2950.0], [115595.0, 13270.0], [115592.5, 44450.0], [115585.0, 2950.0]], "asks": [[115762.5, 44000.0], [115765.0, 62500.0], [115770.0, 39340.0], [115775.0, 160.0], [115780.0, 880.0], [115782.5, 2950.0], [115785.0, 12100.0], [115787.5, 24550.0], [115790.0, 27740.0], [115792.5, 39340.0], [115815.0, 890.0], [115817.5, 2980.0], [115842.5, 850.0], [115845.0, 3750.0], [115847.5, 3000.0], [115860.0, 880.0], [115862.5, 2960.0], [115872.5, 5660.0], [115875.0, 18950.0], [115985.0, 2930.0]]}}}
{"jsonrpc": "2.0", "method": "subscription", "params": {"channel": "book.BTC-24OCT25.none.20.100ms", "data": {"timestamp": 1760318991252, "change_id": 121463507304, "instrument_name": "BTC-24OCT25", "bids": [[115887.5, 5500.0], [115885.0, 1910.0], [115882.5, 3200.0], [115880.0, 15270.0], [115877.5, 40450.0], [115875.0, 25210.0], [115872.5, 44000.0], [115870.0, 44030.0], [115867.5, 12300.0], [115862.5, 15060.0], [115860.0, 40450.0], [115857.5, 730.0], [115855.0, 2460.0], [115840.0, 670.0], [115837.5, 2250.0], [115827.5, 680.0], [115825.0, 2290.0], [115740.0, 4810.0], [115737.5, 16120.0], [115602.5, 670.0]], "asks": [[115890.0, 10000.0], [115892.5, 26920.0], [115895.0, 94000.0], [115897.5, 30180.0], [115905.0, 160.0], [115912.5, 12070.0], [115915.0, 40450.0], [115917.5, 14260.0], [115920.0, 40450.0], [115927.5, 690.0], [115930.0, 3200.0], [115932.5, 3000.0], [115960.0, 690.0], [115962.5, 2300.0], [116002.5, 670.0], [116005.0, 2250.0], [116007.5, 4760.0], [116010.0, 15960.0], [116017.5, 2260.0], [116065.0, 650.0]]}}}
{"jsonrpc": "2.0", "method": "subscription", "params": {"channel": "book.BTC-17OCT25.none.20.100ms", "data": {"timestamp": 1760318991715, "change_id": 121463507908, "instrument_name": "BTC-17OCT25", "bids": [[115760.0, 10000.0], [115752.5, 11740.0], [115750.0, 39340.0], [115745.0, 12610.0], [115742.5, 39340.0], [115740.0, 16100.0], [115737.5, 44550.0], [115735.0, 12070.0], [115732.5, 39340.0], [115725.0, 900.0], [115722.5, 2850.0], [115712.5, 890.0], [115710.0, 2980.0], [115615.0, 5550.0], [115612.5, 15660.0], [115600.0, 880.0], [115597.5, 2950.0], [115595.0, 13270.0], [115592.5, 44450.0], [115585.0, 2950.0]], "asks": [[115762.5, 44000.0], [115765.0, 62500.0], [115770.0, 39340.0], [115775.0, 160.0], [115780.0, 880.0], [115782.5, 2950.0], [115785.0, 12100.0], [115787.5, 24550.0], [115790.0, 17740.0], [115792.5, 39340.0], [115795.0, 2900.0], [115802.5, 10000.0], [115815.0, 890.0], [115817.5, 2980.0], [115842.5, 850.0], [115845.0, 3750.0], [115847.5, 3000.0], [115860.0, 880.0], [115862.5, 2960.0], [115872.5, 5660.0]]}}}
{"jsonrpc": "2.0", "method": "subscription", "params": {"channel": "book.BTC-24OCT25.none.20.100ms", "data": {"timestamp": 1760318991727, "change_id": 121463507930, "instrument_name": "BTC-24OCT25", "bids": [[115892.5, 5400.0], [115890.0, 4160.0], [115887.5, 3200.0], [115885.0, 1910.0], [115882.5, 3200.0], [115880.0, 17470.0], [115877.5, 40450.0], [115875.0, 25210.0], [115872.5, 44000.0], [115870.0, 44030.0], [115867.5, 12300.0], [115862.5, 15060.0], [115860.0, 40450.0], [115857.5, 730.0], [115855.0, 2460.0], [115840.0, 670.0], [115837.5, 2250.0], [115827.5, 680.0], [115825.0, 2290.0], [115740.0, 4810.0]], "asks": [[115895.0, 44000.0], [115902.5, 22120.0], [115905.0, 40610.0], [115907.5, 14930.0], [115910.0, 50000.0], [115912.5, 12070.0], [115915.0, 41100.0], [115917.5, 2190.0], [115922.5, 12070.0], [115925.0, 40450.0], [115927.5, 690.0], [115930.0, 3200.0], [115932.5, 3000.0], [115960.0, 690.0], [115962.5, 2300.0], [116002.5, 670.0], [116005.0, 2250.0], [116007.5, 10880.0], [116010.0, 15960.0], [116015.0, 670.0]]}}}
{"jsonrpc": "2.0", "method": "subscription", "params": {"channel": "book.BTC-24OCT25.none.20.100ms", "data": {"timestamp": 1760318992044, "change_id": 121463508871, "instrument_name": "BTC-24OCT25", "bids": [[115900.0, 5400.0], [115897.5, 3200.0], [115895.0, 960.0], [115892.5, 3200.0], [115890.0, 960.0], [115887.5, 3200.0], [115885.0, 2440.0], [115882.5, 3200.0], [115880.0, 17470.0], [115877.5, 40450.0], [115875.0, 12070.0], [115870.0, 44030.0], [115867.5, 12460.0], [115862.5, 12070.0], [115860.0, 40450.0], [115857.5, 730.0], [115855.0, 2300.0], [115840.0, 670.0], [115837.5, 2250.0], [115827.5, 680.0]], "asks": [[115902.5, 60000.0], [115905.0, 160.0], [115912.5, 12070.0], [115915.0, 41100.0], [115917.5, 2190.0], [115922.5, 12070.0], [115925.0, 40450.0], [115927.5, 690.0], [115930.0, 3200.0], [115932.5, 3000.0], [115960.0, 690.0], [115962.5, 2300.0], [116002.5, 670.0], [116005.0, 2250.0], [116007.5, 10880.0], [116010.0, 15960.0], [116015.0, 6170.0], [116017.5, 2260.0], [116020.0, 18690.0], [116065.0, 650.0]]}}}
{"jsonrpc": "2.0", "method": "subscription", "params": {"channel": "book.BTC-17OCT25.none.20.100ms", "data": {"timestamp": 1760318992056, "change_id": 121463509045, "instrument_name": "BTC-17OCT25", "bids": [[115777.5, 2420.0], [115772.5, 10000.0], [115762.5, 42240.0], [115752.5, 11740.0], [115750.0, 39890.0], [115747.5, 160.0], [115740.0, 2920.0], [115737.5, 550.0], [115735.0, 11910.0], [115732.5, 39340.0], [115725.0, 1390.0], [115722.5, 2850.0], [115720.0, 2200.0], [115712.5, 890.0], [115710.0, 2980.0], [115615.0, 5550.0], [115612.5, 15660.0], [115610.0, 2900.0], [115600.0, 880.0], [115597.5, 2950.0]], "asks": [[115780.0, 2900.0], [115782.5, 38970.0], [115785.0, 100000.0], [115790.0, 7030.0], [115795.0, 2900.0], [115800.0, 14350.0], [115802.5, 10000.0], [115805.0, 39340.0], [115815.0, 890.0], [115817.5, 2980.0], [115842.5, 850.0], [115845.0, 3750.0], [115847.5, 3000.0], [115860.0, 880.0], [115862.5, 2960.0], [115872.5, 5660.0], [115875.0, 18950.0], [115900.0, 27670.0], [115980.0, 25260.0], [116010.0, 2920.0]]}}}
{"jsonrpc": "2.0", "method": "subscription", "params": {"channel": "book.BTC-17OCT25.none.20.100ms", "data": {"timestamp": 1760318992392, "change_id": 121463511265, "instrument_name": "BTC-17OCT25", "bids": [[115780.0, 7600.0], [115777.5, 12420.0], [115767.5, 4700.0], [115765.0, 12610.0], [115762.5, 42240.0], [115760.0, 11740.0], [115757.5, 39340.0], [115755.0, 550.0], [115752.5, 23540.0], [115750.0, 83340.0], [115747.5, 160.0], [115740.0, 2920.0], [115725.0, 1390.0], [115722.5, 2850.0], [115720.0, 2200.0], [115712.5, 890.0], [115710.0, 2980.0], [115615.0, 5550.0], [115612.5, 15660.0], [115610.0, 2900.0]], "asks": [[115782.5, 44000.0], [115785.0, 100000.0], [115787.5, 13580.0], [115790.0, 46370.0], [115795.0, 2900.0], [115800.0, 14350.0], [115805.0, 39340.0], [115807.5, 11740.0], [115810.0, 42330.0], [115812.5, 10000.0], [115815.0, 890.0], [115817.5, 2980.0], [115842.5, 850.0], [115845.0, 3750.0], [115847.5, 3000.0], [115860.0, 880.0], [115862.5, 2960.0], [115872.5, 5660.0], [115875.0, 18950.0], [115900.0, 27670.0]]}}}
{"jsonrpc": "2.0", "method": "subscription", "params": {"channel": "book.BTC-24OCT25.none.20.100ms", "data": {"timestamp": 1760318992392, "change_id": 121463511264, "instrument_name": "BTC-24OCT25", "bids": [[115902.5, 5400.0], [115900.0, 3200.0], [115897.5, 3200.0], [115890.0, 40450.0], [115885.0, 44000.0], [115880.0, 2200.0], [115877.5, 40450.0], [115875.0, 10000.0], [115870.0, 40450.0], [115867.5, 2460.0], [115855.0, 2300.0], [115837.5, 2250.0], [115835.0, 50000.0], [115825.0, 2290.0], [115737.5, 18320.0], [115600.0, 2260.0], [115590.0, 2340.0], [115587.5, 2200.0], [115575.0, 2230.0], [115562.5, 9390.0]], "asks": [[115905.0, 160.0], [115912.5, 60000.0], [115915.0, 84450.0], [115925.0, 40450.0], [115930.0, 2300.0], [115932.5, 3000.0], [115962.5, 2300.0], [116005.0, 2250.0], [116007.5, 6120.0], [116010.0, 15960.0], [116017.5, 2260.0], [116067.5, 2190.0], [116080.0, 2300.0], [116082.5, 18690.0], [116087.5, 20.0], [116130.0, 2290.0], [116140.0, 20.0], [116150.0, 40180.0], [116180.0, 2190.0], [116185.0, 9390.0]]}}}
{"jsonrpc": "2.0", "method": "subscription", "params": {"channel": "book.BTC-17OCT25.none.20.100ms", "data": {"timestamp": 1760318992716, "change_id": 121463513849, "instrument_name": "BTC-17OCT25", "bids": [[115797.5, 2900.0], [115787.5, 17600.0], [115785.0, 4700.0], [115782.5, 4700.0], [115780.0, 4700.0], [115777.5, 44000.0], [115775.0, 2900.0], [115772.5, 160.0], [115762.5, 42240.0], [115757.5, 39340.0], [115750.0, 39340.0], [115740.0, 2920.0], [115722.5, 2850.0], [115720.0, 2200.0], [115710.0, 2980.0], [115612.5, 15660.0], [115610.0, 2900.0], [115607.5, 25410.0], [115597.5, 2950.0], [115592.5, 44450.0]], "asks": [[115817.5, 2980.0], [115830.0, 2900.0], [115832.5, 6000.0], [115845.0, 2850.0], [115850.0, 160.0], [115862.5, 2960.0], [115865.0, 3000.0], [115875.0, 2850.0], [115877.5, 50000.0], [115900.0, 2900.0], [115940.0, 15730.0], [115962.5, 2900.0], [115965.0, 24770.0], [116010.0, 2920.0], [116025.0, 45510.0], [116035.0, 2900.0], [116065.0, 25260.0], [116070.0, 2850.0], [116115.0, 500.0], [116130.0, 11730.0]]}}}
{"jsonrpc": "2.0", "method": "subscription", "params": {"channel": "book.BTC-24OCT25.none.20.100ms", "data": {"timestamp": 1760318992717, "change_id": 121463513845, "instrument_name": "BTC-24OCT25", "bids": [[115912.5, 2200.0], [115910.0, 44000.0], [115900.0, 660.0], [115897.5, 2200.0], [115892.5, 160.0], [115890.0, 40450.0], [115882.5, 660.0], [115880.0, 17260.0], [115877.5, 40450.0], [115875.0, 10000.0], [115872.5, 12070.0], [115870.0, 41140.0], [115867.5, 2300.0], [115857.5, 690.0], [115855.0, 2300.0], [115837.5, 17180.0], [115835.0, 50000.0], [115827.5, 680.0], [115825.0, 2290.0], [115740.0, 5470.0]], "asks": [[115915.0, 40450.0], [115925.0, 40450.0], [115950.0, 13130.0], [115952.5, 44000.0], [115960.0, 690.0], [115962.5, 2300.0], [115970.0, 160.0], [115972.5, 660.0], [115975.0, 3100.0], [115977.5, 3000.0], [115985.0, 660.0], [115987.5, 2200.0], [116002.5, 15600.0], [116005.0, 52250.0], [116007.5, 4760.0], [116010.0, 15960.0], [116015.0, 670.0], [116017.5, 2260.0], [116065.0, 650.0], [116067.5, 2190.0]]}}}
{"jsonrpc": "2.0", "method": "subscription", "params": {"channel": "book.BTC-17OCT25.none.20.100ms", "data": {"timestamp": 1760318992982, "change_id": 121463515536, "instrument_name": "BTC-17OCT25", "bids": [[115810.0, 10000.0], [115787.5, 7600.0], [115785.0, 4860.0], [115777.5, 870.0], [115775.0, 2900.0], [115762.5, 42240.0], [115757.5, 39340.0], [115752.5, 11740.0], [115750.0, 39340.0], [115742.5, 870.0], [115740.0, 2920.0], [115725.0, 1510.0], [115722.5, 2850.0], [115720.0, 2200.0], [115710.0, 2980.0], [115612.5, 15660.0], [115610.0, 28310.0], [115597.5, 2950.0], [115592.5, 44450.0], [115585.0, 2950.0]], "asks": [[115812.5, 2900.0], [115830.0, 2900.0], [115832.5, 6000.0], [115837.5, 160.0], [115845.0, 2850.0], [115847.5, 10000.0], [115862.5, 2960.0], [115865.0, 3000.0], [115875.0, 2850.0], [115877.5, 50000.0], [115900.0, 2900.0], [115940.0, 15730.0], [115962.5, 2900.0], [115965.0, 24770.0], [116010.0, 2920.0], [116025.0, 45510.0], [116035.0, 2900.0], [116065.0, 25260.0], [116070.0, 2850.0], [116115.0, 500.0]]}}}
{"jsonrpc": "2.0", "method": "subscription", "params": {"channel": "book.BTC-24OCT25.none.20.100ms", "data": {"timestamp": 1760318992996, "change_id": 121463515504, "instrument_name": "BTC-24OCT25", "bids": [[115920.0, 2200.0], [115910.0, 44000.0], [115905.0, 160.0], [115900.0, 660.0], [115897.5, 2200.0], [115890.0, 40450.0], [115885.0, 92700.0], [115880.0, 17260.0], [115877.5, 40450.0], [115875.0, 10000.0], [115872.5, 12070.0], [115870.0, 41140.0], [115867.5, 2300.0], [115857.5, 690.0], [115855.0, 2300.0], [115837.5, 17180.0], [115835.0, 50000.0], [115827.5, 680.0], [115825.0, 2290.0], [115737.5, 18320.0]], "asks": [[115940.0, 3100.0], [115952.5, 44000.0], [115957.5, 160.0], [115960.0, 50690.0], [115962.5, 2300.0], [115975.0, 2200.0], [115977.5, 3000.0], [115985.0, 660.0], [115987.5, 2200.0], [116005.0, 2250.0], [116010.0, 15960.0], [116015.0, 670.0], [116017.5, 2260.0], [116065.0, 650.0], [116067.5, 2190.0], [116075.0, 2510.0], [116077.5, 6120.0], [116080.0, 2300.0], [116087.5, 20.0], [116127.5, 680.0]]}}}
{"jsonrpc": "2.0", "method": "subscription", "params": {"channel": "book.BTC-17OCT25.none.20.100ms", "data": {"timestamp": 1760318993244, "change_id": 121463516790, "instrument_name": "BTC-17OCT25", "bids": [[115810.0, 10000.0], [115802.5, 11740.0], [115800.0, 39340.0], [115792.5, 10580.0], [115790.0, 56360.0], [115787.5, 52150.0], [115785.0, 4860.0], [115782.5, 11740.0], [115780.0, 39340.0], [115777.5, 870.0], [115775.0, 2900.0], [115765.0, 870.0], [115762.5, 2900.0], [115742.5, 870.0], [115740.0, 2920.0], [115725.0, 1510.0], [115722.5, 2850.0], [115720.0, 2200.0], [115712.5, 890.0], [115710.0, 2980.0]], "asks": [[115812.5, 2900.0], [115815.0, 28060.0], [115817.5, 44000.0], [115820.0, 61740.0], [115822.5, 39340.0], [115827.5, 870.0], [115830.0, 16430.0], [115832.5, 45340.0], [115837.5, 3150.0], [115840.0, 30270.0], [115842.5, 39340.0], [115845.0, 28570.0], [115862.5, 2960.0], [115870.0, 3000.0], [115875.0, 2850.0], [115900.0, 2900.0], [115940.0, 15730.0], [115962.5, 2900.0], [115965.0, 24770.0], [116010.0, 2920.0]]}}}
{"jsonrpc": "2.0", "method": "subscription", "params": {"channel": "book.BTC-24OCT25.none.20.100ms", "data": {"timestamp": 1760318993357, "change_id": 121463516777, "instrument_name": "BTC-24OCT25", "bids": [[115935.0, 3200.0], [115927.5, 960.0], [115925.0, 29070.0], [115922.5, 84450.0], [115920.0, 2200.0], [115917.5, 2990.0], [115915.0, 10000.0], [115912.5, 12070.0], [115910.0, 40450.0], [115905.0, 160.0], [115902.5, 9010.0], [115900.0, 30180.0], [115897.5, 2200.0], [115885.0, 92700.0], [115880.0, 2200.0], [115867.5, 2300.0], [115855.0, 2300.0], [115837.5, 2250.0], [115835.0, 50000.0], [115825.0, 2290.0]], "asks": [[115940.0, 3100.0], [115942.5, 2990.0], [115945.0, 37000.0], [115947.5, 50000.0], [115950.0, 53580.0], [115952.5, 44000.0], [115957.5, 12230.0], [115960.0, 41140.0], [115962.5, 2300.0], [115970.0, 40450.0], [115975.0, 2200.0], [115977.5, 3000.0], [115987.5, 2200.0], [116005.0, 2250.0], [116010.0, 15960.0], [116017.5, 2260.0], [116067.5, 2190.0], [116077.5, 6120.0], [116080.0, 2300.0], [116087.5, 20.0]]}}}
{"jsonrpc": "2.0", "method": "subscription", "params": {"channel": "book.BTC-24OCT25.none.20.100ms", "data": {"timestamp": 1760318993616, "change_id": 121463517323, "instrument_name": "BTC-24OCT25", "bids": [[115937.5, 2200.0], [115935.0, 3200.0], [115927.5, 960.0], [115925.0, 29070.0], [115922.5, 84450.0], [115920.0, 2200.0], [115917.5, 40450.0], [115915.0, 10000.0], [115910.0, 40450.0], [115905.0, 160.0], [115900.0, 660.0], [115897.5, 2200.0], [115895.0, 92710.0], [115887.5, 22280.0], [115885.0, 92700.0], [115880.0, 2200.0], [115870.0, 690.0], [115867.5, 2300.0], [115855.0, 2300.0], [115837.5, 2250.0]], "asks": [[115940.0, 3100.0], [115942.5, 29980.0], [115945.0, 10000.0], [115947.5, 50000.0], [115950.0, 40450.0], [115952.5, 44000.0], [115957.5, 160.0], [115960.0, 40450.0], [115962.5, 2300.0], [115967.5, 12070.0], [115970.0, 40450.0], [115972.5, 660.0], [115975.0, 3100.0], [115977.5, 3000.0], [115985.0, 660.0], [115987.5, 2200.0], [116005.0, 2250.0], [116010.0, 15960.0], [116017.5, 2260.0], [116067.5, 2190.0]]}}}
{"jsonrpc": "2.0", "method": "subscription", "params": {"channel": "book.BTC-17OCT25.none.20.100ms", "data": {"timestamp": 1760318993579, "change_id": 121463517311, "instrument_name": "BTC-17OCT25", "bids": [[115810.0, 10000.0], [115802.5, 11740.0], [115800.0, 39340.0], [115792.5, 10580.0], [115790.0, 56360.0], [115787.5, 52150.0], [115785.0, 4860.0], [115782.5, 11740.0], [115780.0, 39340.0], [115777.5, 870.0], [115775.0, 2900.0], [115765.0, 870.0], [115762.5, 2900.0], [115742.5, 870.0], [115740.0, 2920.0], [115725.0, 1510.0], [115722.5, 2850.0], [115720.0, 2200.0], [115712.5, 890.0], [115710.0, 2980.0]], "asks": [[115812.5, 2900.0], [115815.0, 28060.0], [115817.5, 94000.0], [115820.0, 11740.0], [115822.5, 39340.0], [115827.5, 870.0], [115830.0, 16430.0], [115832.5, 45340.0], [115837.5, 3150.0], [115840.0, 30270.0], [115842.5, 39340.0], [115845.0, 28570.0], [115860.0, 880.0], [115862.5, 2960.0], [115867.5, 900.0], [115870.0, 3000.0], [115872.5, 850.0], [115875.0, 2850.0], [115897.5, 870.0], [115900.0, 2900.0]]}}}
{"jsonrpc": "2.0", "method": "subscription", "params": {"channel": "book.BTC-24OCT25.none.20.100ms", "data": {"timestamp": 1760318993985, "change_id": 121463517908, "instrument_name": "BTC-24OCT25", "bids": [[115932.5, 2200.0], [115927.5, 960.0], [115925.0, 16990.0], [115922.5, 44000.0], [115920.0, 17260.0], [115917.5, 40450.0], [115915.0, 10000.0], [115912.5, 12070.0], [115910.0, 40450.0], [115905.0, 12230.0], [115902.5, 40450.0], [115900.0, 19220.0], [115897.5, 2200.0], [115895.0, 92710.0], [115885.0, 92700.0], [115867.5, 2300.0], [115855.0, 2300.0], [115837.5, 2250.0], [115835.0, 50000.0], [115825.0, 2290.0]], "asks": [[115937.5, 13230.0], [115945.0, 27000.0], [115947.5, 50000.0], [115950.0, 55780.0], [115952.5, 44000.0], [115957.5, 12230.0], [115960.0, 41140.0], [115962.5, 2300.0], [115967.5, 12070.0], [115970.0, 40450.0], [115972.5, 660.0], [115975.0, 3100.0], [115977.5, 3000.0], [115985.0, 660.0], [115987.5, 2200.0], [116002.5, 670.0], [116005.0, 2250.0], [116007.5, 4760.0], [116010.0, 15960.0], [116015.0, 670.0]]}}}
{"jsonrpc": "2.0", "method": "subscription", "params": {"channel": "book.BTC-24OCT25.none.20.100ms", "data": {"timestamp": 1760318994297, "change_id": 121463518620, "instrument_name": "BTC-24OCT25", "bids": [[115932.5, 2200.0], [115927.5, 960.0], [115925.0, 16990.0], [115922.5, 44000.0], [115920.0, 17260.0], [115917.5, 40450.0], [115915.0, 10000.0], [115912.5, 12070.0], [115910.0, 40450.0], [115905.0, 12230.0], [115902.5, 40450.0], [115900.0, 19220.0], [115897.5, 2200.0], [115895.0, 92710.0], [115885.0, 92700.0], [115867.5, 2300.0], [115855.0, 2300.0], [115837.5, 2250.0], [115835.0, 50000.0], [115825.0, 2290.0]], "asks": [[115937.5, 10930.0], [115945.0, 27000.0], [115947.5, 50000.0], [115950.0, 55780.0], [115952.5, 44000.0], [115957.5, 12230.0], [115960.0, 41140.0], [115962.5, 2300.0], [115967.5, 12070.0], [115970.0, 40450.0], [115972.5, 660.0], [115975.0, 3100.0], [115977.5, 3000.0], [115985.0, 660.0], [115987.5, 2200.0], [116002.5, 670.0], [116005.0, 2250.0], [116007.5, 4760.0], [116010.0, 15960.0], [116015.0, 670.0]]}}}
{"jsonrpc": "2.0", "method": "subscription", "params": {"channel": "book.BTC-17OCT25.none.20.100ms", "data": {"timestamp": 1760318994298, "change_id": 121463518666, "instrument_name": "BTC-17OCT25", "bids": [[115810.0, 10000.0], [115802.5, 11740.0], [115800.0, 39340.0], [115792.5, 10580.0], [115790.0, 56360.0], [115787.5, 52150.0], [115785.0, 4860.0], [115782.5, 11740.0], [115780.0, 39340.0], [115777.5, 870.0], [115775.0, 2900.0], [115765.0, 870.0], [115762.5, 2900.0], [115742.5, 870.0], [115740.0, 2920.0], [115725.0, 1510.0], [115722.5, 2850.0], [115720.0, 2200.0], [115712.5, 890.0], [115710.0, 2980.0]], "asks": [[115815.0, 28060.0], [115817.5, 94000.0], [115820.0, 11740.0], [115822.5, 39340.0], [115827.5, 870.0], [115830.0, 16430.0], [115832.5, 45340.0], [115837.5, 3150.0], [115840.0, 30270.0], [115842.5, 39340.0], [115845.0, 28570.0], [115860.0, 880.0], [115862.5, 2960.0], [115867.5, 900.0], [115870.0, 3000.0], [115872.5, 850.0], [115875.0, 2850.0], [115897.5, 870.0], [115900.0, 2900.0], [115937.5, 7600.0]]}}}
{"jsonrpc": "2.0", "method": "subscription", "params": {"channel": "book.BTC-17OCT25.none.20.100ms", "data": {"timestamp": 1760318994675, "change_id": 121463519090, "instrument_name": "BTC-17OCT25", "bids": [[115810.0, 10000.0], [115805.0, 4400.0], [115802.5, 11740.0], [115800.0, 39340.0], [115792.5, 10580.0], [115790.0, 56360.0], [115787.5, 47450.0], [115785.0, 160.0], [115782.5, 11740.0], [115780.0, 39340.0], [115777.5, 870.0], [115775.0, 2900.0], [115765.0, 870.0], [115762.5, 2900.0], [115742.5, 870.0], [115740.0, 2920.0], [115725.0, 1510.0], [115722.5, 2850.0], [115720.0, 2200.0], [115712.5, 890.0]], "asks": [[115815.0, 28060.0], [115817.5, 94000.0], [115820.0, 11740.0], [115822.5, 39340.0], [115827.5, 870.0], [115830.0, 16430.0], [115832.5, 45340.0], [115837.5, 3150.0], [115840.0, 30270.0], [115842.5, 39340.0], [115845.0, 28570.0], [115860.0, 880.0], [115862.5, 2960.0], [115867.5, 900.0], [115870.0, 3000.0], [115872.5, 850.0], [115875.0, 2850.0], [115897.5, 870.0], [115900.0, 2900.0], [115937.5, 7600.0]]}}}
{"jsonrpc": "2.0", "method": "subscription", "params": {"channel": "book.BTC-24OCT25.none.20.100ms", "data": {"timestamp": 1760318994708, "change_id": 121463519157, "instrument_name": "BTC-24OCT25", "bids": [[115935.0, 2200.0], [115932.5, 5400.0], [115927.5, 960.0], [115925.0, 16990.0], [115922.5, 54000.0], [115920.0, 17260.0], [115917.5, 40450.0], [115912.5, 12070.0], [115910.0, 40450.0], [115905.0, 12230.0], [115902.5, 40450.0], [115900.0, 19220.0], [115897.5, 2200.0], [115895.0, 92710.0], [115885.0, 92700.0], [115867.5, 2300.0], [115855.0, 2300.0], [115837.5, 2250.0], [115835.0, 50000.0], [115825.0, 2290.0]], "asks": [[115937.5, 10930.0], [115945.0, 27000.0], [115947.5, 50000.0], [115950.0, 55780.0], [115952.5, 44000.0], [115957.5, 12230.0], [115960.0, 41140.0], [115962.5, 2300.0], [115967.5, 12070.0], [115970.0, 40450.0], [115972.5, 660.0], [115975.0, 3100.0], [115977.5, 3000.0], [115985.0, 660.0], [115987.5, 2200.0], [116002.5, 670.0], [116005.0, 2250.0], [116007.5, 4760.0], [116010.0, 15960.0], [116015.0, 670.0]]}}}
{"jsonrpc": "2.0", "method": "subscription", "params": {"channel": "book.BTC-17OCT25.none.20.100ms", "data": {"timestamp": 1760318994839, "change_id": 121463519464, "instrument_name": "BTC-17OCT25", "bids": [[115810.0, 10000.0], [115802.5, 11740.0], [115800.0, 39340.0], [115792.5, 10580.0], [115790.0, 56360.0], [115787.5, 47450.0], [115785.0, 160.0], [115782.5, 11740.0], [115780.0, 39340.0], [115777.5, 870.0], [115775.0, 2900.0], [115765.0, 870.0], [115762.5, 2900.0], [115742.5, 870.0], [115740.0, 2920.0], [115725.0, 1510.0], [115722.5, 2850.0], [115720.0, 2200.0], [115712.5, 890.0], [115710.0, 2980.0]], "asks": [[115815.0, 28060.0], [115817.5, 94000.0], [115820.0, 11740.0], [115822.5, 39340.0], [115827.5, 870.0], [115830.0, 16430.0], [115832.5, 45340.0], [115837.5, 3150.0], [115840.0, 30270.0], [115842.5, 39340.0], [115845.0, 28570.0], [115860.0, 880.0], [115862.5, 2960.0], [115867.5, 900.0], [115870.0, 3000.0], [115872.5, 850.0], [115875.0, 2850.0], [115897.5, 870.0], [115900.0, 2900.0], [115937.5, 7600.0]]}}}
{"jsonrpc": "2.0", "method": "subscription", "params": {"channel": "book.BTC-24OCT25.none.20.100ms", "data": {"timestamp": 1760318994974, "change_id": 121463519746, "instrument_name": "BTC-24OCT25", "bids": [[115935.0, 5400.0], [115927.5, 12910.0], [115925.0, 57440.0], [115922.5, 54000.0], [115920.0, 17260.0], [115917.5, 40450.0], [115905.0, 12230.0], [115902.5, 40450.0], [115900.0, 19220.0], [115897.5, 2200.0], [115895.0, 92710.0], [115885.0, 92700.0], [115867.5, 2300.0], [115855.0, 2300.0], [115837.5, 2250.0], [115835.0, 50000.0], [115825.0, 2290.0], [115737.5, 18320.0], [115660.0, 6110.0], [115600.0, 2260.0]], "asks": [[115937.5, 10930.0], [115945.0, 27000.0], [115947.5, 50000.0], [115950.0, 55780.0], [115952.5, 44000.0], [115957.5, 12230.0], [115960.0, 41140.0], [115962.5, 2300.0], [115967.5, 12070.0], [115970.0, 40450.0], [115972.5, 660.0], [115975.0, 2200.0], [115985.0, 1470.0], [115987.5, 2200.0], [115990.0, 3000.0], [116002.5, 670.0], [116005.0, 2250.0], [116007.5, 4760.0], [116010.0, 15960.0], [116015.0, 670.0]]}}}
{"jsonrpc": "2.0", "method": "subscription", "params": {"channel": "book.BTC-17OCT25.none.20.100ms", "data": {"timestamp": 1760318995352, "change_id": 121463521010, "instrument_name": "BTC-17OCT25", "bids": [[115810.0, 10000.0], [115802.5, 11740.0], [115800.0, 39340.0], [115792.5, 10580.0], [115790.0, 56360.0], [115787.5, 47450.0], [115785.0, 160.0], [115782.5, 11740.0], [115780.0, 39340.0], [115777.5, 870.0], [115775.0, 2900.0], [115765.0, 870.0], [115762.5, 2900.0], [115742.5, 870.0], [115740.0, 2920.0], [115725.0, 1510.0], [115722.5, 2850.0], [115720.0, 2200.0], [115712.5, 890.0], [115710.0, 2980.0]], "asks": [[115815.0, 13130.0], [115817.5, 44000.0], [115820.0, 11740.0], [115822.5, 39340.0], [115827.5, 870.0], [115830.0, 16430.0], [115832.5, 45340.0], [115837.5, 3150.0], [115840.0, 30270.0], [115842.5, 39340.0], [115845.0, 28570.0], [115860.0, 880.0], [115862.5, 2960.0], [115867.5, 900.0], [115870.0, 3000.0], [115872.5, 850.0], [115875.0, 2850.0], [115897.5, 870.0], [115900.0, 17830.0], [115902.5, 50000.0]]}}}
{"jsonrpc": "2.0", "method": "subscription", "params": {"channel": "book.BTC-24OCT25.none.20.100ms", "data": {"timestamp": 1760318995364, "change_id": 121463521045, "instrument_name": "BTC-24OCT25", "bids": [[115935.0, 5400.0], [115927.5, 12910.0], [115925.0, 54240.0], [115922.5, 44000.0], [115920.0, 17260.0], [115917.5, 40450.0], [115915.0, 2990.0], [115912.5, 10000.0], [115905.0, 12230.0], [115902.5, 40450.0], [115900.0, 19220.0], [115897.5, 2200.0], [115895.0, 92710.0], [115885.0, 92700.0], [115867.5, 2300.0], [115855.0, 2300.0], [115837.5, 2250.0], [115835.0, 50000.0], [115825.0, 2290.0], [115737.5, 18320.0]], "asks": [[115937.5, 10930.0], [115945.0, 12730.0], [115950.0, 53580.0], [115952.5, 44000.0], [115957.5, 12230.0], [115960.0, 41140.0], [115962.5, 2300.0], [115967.5, 12070.0], [115970.0, 40450.0], [115972.5, 660.0], [115975.0, 2200.0], [115985.0, 1470.0], [115987.5, 2200.0], [115990.0, 3000.0], [116002.5, 670.0], [116005.0, 2250.0], [116015.0, 670.0], [116017.5, 2260.0], [116027.5, 14930.0], [116030.0, 50000.0]]}}}
{"jsonrpc": "2.0", "method": "subscription", "params": {"channel": "book.BTC-24OCT25.none.20.100ms", "data": {"timestamp": 1760318995697, "change_id": 121463521917, "instrument_name": "BTC-24OCT25", "bids": [[115935.0, 5400.0], [115932.5, 960.0], [115930.0, 3200.0], [115927.5, 12910.0], [115925.0, 54240.0], [115922.5, 44000.0], [115920.0, 17260.0], [115917.5, 40450.0], [115915.0, 2990.0], [115912.5, 10000.0], [115905.0, 12230.0], [115902.5, 40450.0], [115900.0, 19220.0], [115897.5, 2200.0], [115895.0, 92710.0], [115885.0, 92700.0], [115867.5, 2300.0], [115855.0, 2300.0], [115837.5, 2250.0], [115835.0, 50000.0]], "asks": [[115937.5, 10930.0], [115945.0, 26030.0], [115947.5, 50000.0], [115950.0, 55780.0], [115952.5, 44000.0], [115957.5, 12230.0], [115960.0, 41140.0], [115962.5, 2300.0], [115967.5, 12070.0], [115970.0, 40450.0], [115972.5, 660.0], [115975.0, 2200.0], [115985.0, 1470.0], [115987.5, 2200.0], [115990.0, 3000.0], [116002.5, 670.0], [116005.0, 2250.0], [116015.0, 670.0], [116017.5, 2260.0], [116065.0, 650.0]]}}}
{"jsonrpc": "2.0", "method": "subscription", "params": {"channel": "book.BTC-17OCT25.none.20.100ms", "data": {"timestamp": 1760318995632, "change_id": 121463521889, "instrument_name": "BTC-17OCT25", "bids": [[115810.0, 10000.0], [115802.5, 4600.0], [115800.0, 39340.0], [115792.5, 10580.0], [115790.0, 56360.0], [115787.5, 47450.0], [115785.0, 160.0], [115782.5, 11740.0], [115780.0, 39340.0], [115777.5, 870.0], [115775.0, 2900.0], [115765.0, 870.0], [115762.5, 2900.0], [115742.5, 870.0], [115740.0, 2920.0], [115725.0, 1510.0], [115722.5, 2850.0], [115720.0, 2200.0], [115712.5, 890.0], [115710.0, 2980.0]], "asks": [[115815.0, 63130.0], [115817.5, 44000.0], [115820.0, 11740.0], [115822.5, 39340.0], [115827.5, 870.0], [115830.0, 16430.0], [115832.5, 45340.0], [115837.5, 3150.0], [115840.0, 30270.0], [115842.5, 39340.0], [115845.0, 28570.0], [115860.0, 880.0], [115862.5, 2960.0], [115867.5, 900.0], [115870.0, 3000.0], [115872.5, 850.0], [115875.0, 2850.0], [115897.5, 870.0], [115900.0, 2900.0], [115910.0, 870.0]]}}}
{"jsonrpc": "2.0", "method": "subscription", "params": {"channel": "book.BTC-24OCT25.none.20.100ms", "data": {"timestamp": 1760318995983, "change_id": 121463522332, "instrument_name": "BTC-24OCT25", "bids": [[115935.0, 5400.0], [115932.5, 960.0], [115930.0, 3200.0], [115927.5, 12910.0], [115925.0, 54240.0], [115922.5, 44000.0], [115920.0, 27260.0], [115917.5, 40450.0], [115905.0, 12230.0], [115902.5, 40450.0], [115900.0, 19220.0], [115897.5, 2200.0], [115895.0, 92710.0], [115885.0, 92700.0], [115867.5, 2300.0], [115855.0, 2300.0], [115837.5, 2250.0], [115835.0, 50000.0], [115825.0, 2290.0], [115737.5, 18320.0]], "asks": [[115937.5, 10930.0], [115945.0, 26030.0], [115947.5, 50000.0], [115950.0, 55780.0], [115952.5, 44000.0], [115957.5, 12230.0], [115960.0, 41140.0], [115962.5, 2300.0], [115967.5, 12070.0], [115970.0, 40450.0], [115972.5, 660.0], [115975.0, 2200.0], [115985.0, 1470.0], [115987.5, 2200.0], [115990.0, 3000.0], [116002.5, 670.0], [116005.0, 2250.0], [116015.0, 670.0], [116017.5, 2260.0], [116065.0, 650.0]]}}}
{"jsonrpc": "2.0", "method": "subscription", "params": {"channel": "book.BTC-17OCT25.none.20.100ms", "data": {"timestamp": 1760318995746, "change_id": 121463521959, "instrument_name": "BTC-17OCT25", "bids": [[115810.0, 10000.0], [115802.5, 4600.0], [115800.0, 39340.0], [115792.5, 10580.0], [115790.0, 56360.0], [115787.5, 47450.0], [115785.0, 160.0], [115782.5, 11740.0], [115780.0, 39340.0], [115777.5, 870.0], [115775.0, 2900.0], [115765.0, 870.0], [115762.5, 2900.0], [115742.5, 870.0], [115740.0, 2920.0], [115725.0, 1510.0], [115722.5, 2850.0], [115720.0, 2200.0], [115712.5, 890.0], [115710.0, 2980.0]], "asks": [[115812.5, 2900.0], [115815.0, 63130.0], [115817.5, 44000.0], [115820.0, 11740.0], [115822.5, 39340.0], [115827.5, 870.0], [115830.0, 16430.0], [115832.5, 45340.0], [115837.5, 3150.0], [115840.0, 30270.0], [115842.5, 39340.0], [115845.0, 28570.0], [115860.0, 880.0], [115862.5, 2960.0], [115867.5, 900.0], [115870.0, 3000.0], [115872.5, 850.0], [115875.0, 2850.0], [115897.5, 870.0], [115900.0, 2900.0]]}}}
{"jsonrpc": "2.0", "method": "subscription", "params": {"channel": "book.BTC-17OCT25.none.20.100ms", "data": {"timestamp": 1760318996116, "change_id": 121463522449, "instrument_name": "BTC-17OCT25", "bids": [[115810.0, 10000.0], [115802.5, 11740.0], [115800.0, 39340.0], [115792.5, 10580.0], [115790.0, 56360.0], [115787.5, 47450.0], [115785.0, 160.0], [115782.5, 11740.0], [115780.0, 39340.0], [115777.5, 870.0], [115775.0, 2900.0], [115765.0, 870.0], [115762.5, 2900.0], [115742.5, 870.0], [115740.0, 2920.0], [115725.0, 1510.0], [115722.5, 2850.0], [115720.0, 2200.0], [115712.5, 890.0], [115710.0, 2980.0]], "asks": [[115812.5, 2900.0], [115815.0, 63130.0], [115817.5, 44000.0], [115820.0, 11740.0], [115822.5, 39340.0], [115827.5, 870.0], [115830.0, 16430.0], [115832.5, 45340.0], [115837.5, 3150.0], [115840.0, 30270.0], [115842.5, 39340.0], [115845.0, 28570.0], [115860.0, 880.0], [115862.5, 2960.0], [115867.5, 900.0], [115870.0, 3000.0], [115872.5, 850.0], [115875.0, 2850.0], [115897.5, 870.0], [115900.0, 2900.0]]}}}
{"jsonrpc": "2.0", "method": "subscription", "params": {"channel": "book.BTC-24OCT25.none.20.100ms", "data": {"timestamp": 1760318996675, "change_id": 121463523352, "instrument_name": "BTC-24OCT25", "bids": [[115935.0, 5400.0], [115932.5, 960.0], [115930.0, 3200.0], [115927.5, 12910.0], [115925.0, 54240.0], [115922.5, 44000.0], [115920.0, 27260.0], [115917.5, 40450.0], [115905.0, 12230.0], [115902.5, 40450.0], [115900.0, 19220.0], [115897.5, 2200.0], [115895.0, 92710.0], [115885.0, 92700.0], [115855.0, 2300.0], [115837.5, 2250.0], [115835.0, 50000.0], [115825.0, 2290.0], [115737.5, 18320.0], [115660.0, 6110.0]], "asks": [[115937.5, 10930.0], [115945.0, 25370.0], [115947.5, 50000.0], [115950.0, 53580.0], [115952.5, 44000.0], [115957.5, 12230.0], [115960.0, 41140.0], [115962.5, 2300.0], [115967.5, 12070.0], [115970.0, 40450.0], [115972.5, 660.0], [115975.0, 2200.0], [115985.0, 1470.0], [115987.5, 2200.0], [115990.0, 3000.0], [116002.5, 670.0], [116005.0, 2250.0], [116015.0, 670.0], [116017.5, 2260.0], [116065.0, 650.0]]}}}
{"jsonrpc": "2.0", "method": "subscription", "params": {"channel": "book.BTC-17OCT25.none.20.100ms", "data": {"timestamp": 1760318996678, "change_id": 121463523358, "instrument_name": "BTC-17OCT25", "bids": [[115810.0, 10000.0], [115805.0, 2900.0], [115802.5, 11740.0], [115800.0, 39340.0], [115792.5, 10580.0], [115790.0, 56360.0], [115787.5, 47450.0], [115785.0, 160.0], [115782.5, 11740.0], [115780.0, 39340.0], [115777.5, 870.0], [115775.0, 2900.0], [115765.0, 870.0], [115762.5, 2900.0], [115742.5, 870.0], [115740.0, 2920.0], [115725.0, 1510.0], [115722.5, 2850.0], [115720.0, 2200.0], [115712.5, 890.0]], "asks": [[115815.0, 63130.0], [115817.5, 44000.0], [115820.0, 11740.0], [115822.5, 39340.0], [115827.5, 870.0], [115830.0, 16430.0], [115832.5, 45340.0], [115837.5, 3150.0], [115840.0, 30270.0], [115842.5, 39340.0], [115845.0, 28570.0], [115860.0, 880.0], [115862.5, 5960.0], [115872.5, 850.0], [115875.0, 2850.0], [115897.5, 870.0], [115900.0, 2900.0], [115910.0, 870.0], [115912.5, 2900.0], [115937.5, 7600.0]]}}}
{"jsonrpc": "2.0", "method": "subscription", "params": {"channel": "book.BTC-24OCT25.none.20.100ms", "data": {"timestamp": 1760318996889, "change_id": 121463523810, "instrument_name": "BTC-24OCT25", "bids": [[115935.0, 5400.0], [115932.5, 960.0], [115930.0, 3200.0], [115927.5, 12910.0], [115925.0, 54240.0], [115922.5, 44000.0], [115920.0, 27260.0], [115917.5, 40450.0], [115905.0, 12230.0], [115902.5, 40450.0], [115900.0, 19220.0], [115897.5, 2200.0], [115895.0, 92710.0], [115885.0, 92700.0], [115855.0, 2300.0], [115837.5, 2250.0], [115835.0, 50000.0], [115825.0, 2290.0], [115737.5, 18320.0], [115660.0, 6110.0]], "asks": [[115937.5, 10930.0], [115945.0, 25370.0], [115947.5, 50000.0], [115950.0, 55780.0], [115952.5, 44000.0], [115957.5, 12230.0], [115960.0, 41140.0], [115962.5, 2300.0], [115967.5, 12070.0], [115970.0, 40450.0], [115972.5, 660.0], [115975.0, 2200.0], [115985.0, 1470.0], [115987.5, 2200.0], [115990.0, 3000.0], [116002.5, 670.0], [116005.0, 2250.0], [116015.0, 670.0], [116017.5, 2260.0], [116065.0, 650.0]]}}}
{"jsonrpc": "2.0", "method": "subscription", "params": {"channel": "book.BTC-17OCT25.none.20.100ms", "data": {"timestamp": 1760318996977, "change_id": 121463523893, "instrument_name": "BTC-17OCT25", "bids": [[115810.0, 10000.0], [115802.5, 11740.0], [115800.0, 39340.0], [115792.5, 10580.0], [115790.0, 56360.0], [115787.5, 47450.0], [115785.0, 160.0], [115782.5, 11740.0], [115780.0, 39340.0], [115777.5, 870.0], [115775.0, 2900.0], [115765.0, 870.0], [115762.5, 2900.0], [115742.5, 870.0], [115740.0, 2920.0], [115725.0, 1510.0], [115722.5, 2850.0], [115720.0, 2200.0], [115712.5, 890.0], [115710.0, 2980.0]], "asks": [[115812.5, 2900.0], [115815.0, 63130.0], [115817.5, 44000.0], [115820.0, 11740.0], [115822.5, 39340.0], [115827.5, 870.0], [115830.0, 16430.0], [115832.5, 45340.0], [115837.5, 3150.0], [115840.0, 30270.0], [115842.5, 39340.0], [115845.0, 28570.0], [115860.0, 880.0], [115862.5, 5960.0], [115872.5, 850.0], [115875.0, 2850.0], [115897.5, 870.0], [115900.0, 2900.0], [115910.0, 870.0], [115912.5, 2900.0]]}}}
{"jsonrpc": "2.0", "method": "subscription", "params": {"channel": "book.BTC-17OCT25.none.20.100ms", "data": {"timestamp": 1760318997276, "change_id": 121463524337, "instrument_name": "BTC-17OCT25", "bids": [[115810.0, 10000.0], [115802.5, 11740.0], [115800.0, 39340.0], [115792.5, 10580.0], [115790.0, 56360.0], [115787.5, 47450.0], [115785.0, 160.0], [115782.5, 11740.0], [115780.0, 39340.0], [115777.5, 870.0], [115775.0, 2900.0], [115765.0, 870.0], [115762.5, 2900.0], [115742.5, 870.0], [115740.0, 2920.0], [115725.0, 1510.0], [115722.5, 2850.0], [115720.0, 2200.0], [115712.5, 890.0], [115710.0, 2980.0]], "asks": [[115812.5, 2900.0], [115815.0, 63130.0], [115817.5, 44000.0], [115820.0, 11740.0], [115822.5, 39340.0], [115827.5, 870.0], [115830.0, 16430.0], [115832.5, 45340.0], [115837.5, 3150.0], [115840.0, 30270.0], [115842.5, 39340.0], [115845.0, 28570.0], [115860.0, 1670.0], [115862.5, 5960.0], [115872.5, 850.0], [115875.0, 2850.0], [115897.5, 870.0], [115900.0, 2900.0], [115910.0, 870.0], [115912.5, 2900.0]]}}}
{"jsonrpc": "2.0", "method": "subscription", "params": {"channel": "book.BTC-17OCT25.none.20.100ms", "data": {"timestamp": 1760318997577, "change_id": 121463524838, "instrument_name": "BTC-17OCT25", "bids": [[115810.0, 10000.0], [115802.5, 11740.0], [115800.0, 39340.0], [115792.5, 10580.0], [115790.0, 56360.0], [115787.5, 47450.0], [115785.0, 160.0], [115782.5, 11740.0], [115780.0, 39340.0], [115777.5, 870.0], [115775.0, 2900.0], [115765.0, 870.0], [115762.5, 2900.0], [115742.5, 870.0], [115740.0, 2920.0], [115725.0, 1510.0], [115722.5, 2850.0], [115720.0, 2200.0], [115712.5, 890.0], [115710.0, 2980.0]], "asks": [[115812.5, 2900.0], [115815.0, 63130.0], [115817.5, 44000.0], [115820.0, 11740.0], [115822.5, 39340.0], [115827.5, 870.0], [115830.0, 16430.0], [115832.5, 45340.0], [115837.5, 3150.0], [115840.0, 30270.0], [115842.5, 39340.0], [115845.0, 28570.0], [115857.5, 3000.0], [115860.0, 880.0], [115862.5, 2960.0], [115872.5, 850.0], [115875.0, 2850.0], [115897.5, 870.0], [115900.0, 2900.0], [115910.0, 870.0]]}}}
{"jsonrpc": "2.0", "method": "subscription", "params": {"channel": "book.BTC-24OCT25.none.20.100ms", "data": {"timestamp": 1760318997592, "change_id": 121463524845, "instrument_name": "BTC-24OCT25", "bids": [[115935.0, 5400.0], [115932.5, 960.0], [115930.0, 3200.0], [115927.5, 12910.0], [115925.0, 54240.0], [115922.5, 44000.0], [115920.0, 27260.0], [115917.5, 40450.0], [115905.0, 12230.0], [115902.5, 40450.0], [115900.0, 19220.0], [115897.5, 2200.0], [115895.0, 92710.0], [115885.0, 92700.0], [115855.0, 2300.0], [115837.5, 2250.0], [115835.0, 50000.0], [115825.0, 2290.0], [115737.5, 18320.0], [115680.0, 6110.0]], "asks": [[115937.5, 10930.0], [115945.0, 26030.0], [115947.5, 50000.0], [115950.0, 55780.0], [115952.5, 44000.0], [115957.5, 12230.0], [115960.0, 41140.0], [115962.5, 2300.0], [115967.5, 12070.0], [115970.0, 40450.0], [115972.5, 660.0], [115975.0, 2200.0], [115985.0, 1470.0], [115987.5, 2200.0], [115990.0, 3000.0], [116002.5, 670.0], [116005.0, 2250.0], [116015.0, 670.0], [116017.5, 2260.0], [116065.0, 650.0]]}}}
{"jsonrpc": "2.0", "method": "subscription", "params": {"channel": "book.BTC-17OCT25.none.20.100ms", "data": {"timestamp": 1760318997989, "change_id": 121463525439, "instrument_name": "BTC-17OCT25", "bids": [[115810.0, 10000.0], [115802.5, 11740.0], [115800.0, 39340.0], [115792.5, 10580.0], [115790.0, 56360.0], [115787.5, 47450.0], [115785.0, 160.0], [115782.5, 11740.0], [115780.0, 39340.0], [115777.5, 870.0], [115775.0, 2900.0], [115765.0, 870.0], [115762.5, 2900.0], [115742.5, 870.0], [115740.0, 2920.0], [115725.0, 1510.0], [115722.5, 2850.0], [115720.0, 2200.0], [115712.5, 890.0], [115710.0, 2980.0]], "asks": [[115812.5, 2900.0], [115815.0, 63130.0], [115817.5, 44000.0], [115820.0, 11740.0], [115822.5, 39340.0], [115827.5, 870.0], [115830.0, 16430.0], [115832.5, 45340.0], [115837.5, 3150.0], [115840.0, 30270.0], [115842.5, 39340.0], [115845.0, 28570.0], [115857.5, 3000.0], [115860.0, 880.0], [115862.5, 2960.0], [115872.5, 850.0], [115875.0, 2850.0], [115897.5, 870.0], [115900.0, 2900.0], [115910.0, 870.0]]}}}
{"jsonrpc": "2.0", "method": "subscription", "params": {"channel": "book.BTC-24OCT25.none.20.100ms", "data": {"timestamp": 1760318998348, "change_id": 121463526020, "instrument_name": "BTC-24OCT25", "bids": [[115935.0, 5400.0], [115932.5, 960.0], [115930.0, 3200.0], [115927.5, 12910.0], [115925.0, 54240.0], [115922.5, 44000.0], [115920.0, 27260.0], [115917.5, 40450.0], [115905.0, 12230.0], [115902.5, 40450.0], [115900.0, 19220.0], [115897.5, 2200.0], [115895.0, 92710.0], [115885.0, 92700.0], [115855.0, 2300.0], [115837.5, 2250.0], [115835.0, 50000.0], [115825.0, 2290.0], [115737.5, 18320.0], [115680.0, 6110.0]], "asks": [[115937.5, 10930.0], [115945.0, 26030.0], [115947.5, 50000.0], [115950.0, 55780.0], [115952.5, 44000.0], [115957.5, 12230.0], [115960.0, 41140.0], [115962.5, 2300.0], [115967.5, 12070.0], [115970.0, 40450.0], [115972.5, 660.0], [115975.0, 2200.0], [115985.0, 1470.0], [115987.5, 2200.0], [115990.0, 3000.0], [116002.5, 670.0], [116005.0, 2250.0], [116015.0, 670.0], [116017.5, 2260.0], [116065.0, 650.0]]}}}
{"jsonrpc": "2.0", "method": "subscription", "params": {"channel": "book.BTC-17OCT25.none.20.100ms", "data": {"timestamp": 1760318998442, "change_id": 121463526046, "instrument_name": "BTC-17OCT25", "bids": [[115810.0, 10000.0], [115802.5, 11740.0], [115800.0, 39340.0], [115792.5, 10580.0], [115790.0, 56360.0], [115787.5, 47450.0], [115785.0, 160.0], [115782.5, 11740.0], [115780.0, 39340.0], [115777.5, 870.0], [115775.0, 2900.0], [115765.0, 870.0], [115762.5, 2900.0], [115742.5, 870.0], [115740.0, 2920.0], [115725.0, 1510.0], [115722.5, 2850.0], [115720.0, 2200.0], [115712.5, 890.0], [115710.0, 2980.0]], "asks": [[115812.5, 2900.0], [115815.0, 63130.0], [115817.5, 44000.0], [115820.0, 11740.0], [115822.5, 39340.0], [115827.5, 870.0], [115830.0, 16430.0], [115832.5, 55340.0], [115837.5, 160.0], [115840.0, 20270.0], [115842.5, 39340.0], [115845.0, 28570.0], [115855.0, 900.0], [115857.5, 3000.0], [115860.0, 880.0], [115862.5, 2960.0], [115872.5, 850.0], [115875.0, 2850.0], [115897.5, 870.0], [115900.0, 2900.0]]}}}
{"jsonrpc": "2.0", "method": "subscription", "params": {"channel": "book.BTC-24OCT25.none.20.100ms", "data": {"timestamp": 1760318998959, "change_id": 121463526980, "instrument_name": "BTC-24OCT25", "bids": [[115935.0, 5400.0], [115932.5, 960.0], [115930.0, 3200.0], [115927.5, 12910.0], [115925.0, 54240.0], [115922.5, 44000.0], [115920.0, 27260.0], [115917.5, 40450.0], [115905.0, 12230.0], [115902.5, 40450.0], [115900.0, 19220.0], [115897.5, 2200.0], [115895.0, 92710.0], [115885.0, 92700.0], [115855.0, 2300.0], [115837.5, 2250.0], [115835.0, 50000.0], [115825.0, 2290.0], [115737.5, 18320.0], [115680.0, 6110.0]], "asks": [[115937.5, 10930.0], [115945.0, 12730.0], [115950.0, 55780.0], [115952.5, 44000.0], [115957.5, 12230.0], [115960.0, 41140.0], [115962.5, 2300.0], [115967.5, 12070.0], [115970.0, 40450.0], [115972.5, 660.0], [115975.0, 2200.0], [115985.0, 1470.0], [115987.5, 2200.0], [115990.0, 3000.0], [116002.5, 670.0], [116005.0, 2250.0], [116015.0, 670.0], [116017.5, 2260.0], [116027.5, 14930.0], [116030.0, 50000.0]]}}}
{"jsonrpc": "2.0", "method": "subscription", "params": {"channel": "book.BTC-17OCT25.none.20.100ms", "data": {"timestamp": 1760318998958, "change_id": 121463526941, "instrument_name": "BTC-17OCT25", "bids": [[115810.0, 10000.0], [115802.5, 11740.0], [115800.0, 39340.0], [115792.5, 10580.0], [115790.0, 56360.0], [115787.5, 47450.0], [115785.0, 160.0], [115782.5, 11740.0], [115780.0, 39340.0], [115777.5, 870.0], [115775.0, 2900.0], [115765.0, 870.0], [115762.5, 2900.0], [115742.5, 870.0], [115740.0, 2920.0], [115725.0, 1510.0], [115722.5, 2850.0], [115720.0, 2200.0], [115712.5, 890.0], [115710.0, 2980.0]], "asks": [[115812.5, 2900.0], [115815.0, 13130.0], [115817.5, 44000.0], [115820.0, 11740.0], [115822.5, 39340.0], [115827.5, 870.0], [115830.0, 16430.0], [115832.5, 55340.0], [115837.5, 160.0], [115840.0, 20270.0], [115842.5, 39340.0], [115845.0, 28570.0], [115855.0, 900.0], [115857.5, 3000.0], [115860.0, 880.0], [115862.5, 2960.0], [115872.5, 850.0], [115875.0, 2850.0], [115897.5, 870.0], [115900.0, 2900.0]]}}}
{"jsonrpc": "2.0", "method": "subscription", "params": {"channel": "book.BTC-24OCT25.none.20.100ms", "data": {"timestamp": 1760318999332, "change_id": 121463527757, "instrument_name": "BTC-24OCT25", "bids": [[115930.0, 5400.0], [115927.5, 3200.0], [115925.0, 13790.0], [115922.5, 44000.0], [115920.0, 15060.0], [115917.5, 40450.0], [115915.0, 2200.0], [115910.0, 3030.0], [115907.5, 10000.0], [115905.0, 12230.0], [115902.5, 40450.0], [115900.0, 19220.0], [115897.5, 2200.0], [115895.0, 92710.0], [115887.5, 13040.0], [115885.0, 92700.0], [115837.5, 2250.0], [115835.0, 50000.0], [115825.0, 2290.0], [115737.5, 18320.0]], "asks": [[115932.5, 3840.0], [115935.0, 2990.0], [115937.5, 10000.0], [115945.0, 12730.0], [115950.0, 55780.0], [115952.5, 44000.0], [115957.5, 12230.0], [115960.0, 41140.0], [115962.5, 2300.0], [115967.5, 12070.0], [115970.0, 40450.0], [115972.5, 660.0], [115975.0, 2200.0], [115985.0, 1470.0], [115987.5, 2200.0], [115990.0, 3000.0], [116002.5, 670.0], [116005.0, 2250.0], [116015.0, 670.0], [116017.5, 2260.0]]}}}
{"jsonrpc": "2.0", "method": "subscription", "params": {"channel": "book.BTC-17OCT25.none.20.100ms", "data": {"timestamp": 1760318999322, "change_id": 121463527723, "instrument_name": "BTC-17OCT25", "bids": [[115810.0, 10000.0], [115792.5, 10580.0], [115790.0, 56360.0], [115787.5, 47450.0], [115785.0, 160.0], [115782.5, 11740.0], [115780.0, 39340.0], [115777.5, 870.0], [115775.0, 2900.0], [115765.0, 870.0], [115762.5, 2900.0], [115742.5, 870.0], [115740.0, 2920.0], [115725.0, 1510.0], [115722.5, 2850.0], [115720.0, 2200.0], [115712.5, 890.0], [115710.0, 2980.0], [115637.5, 7580.0], [115635.0, 28310.0]], "asks": [[115812.5, 2900.0], [115815.0, 13130.0], [115817.5, 44000.0], [115820.0, 11740.0], [115822.5, 39340.0], [115827.5, 870.0], [115830.0, 16430.0], [115832.5, 55340.0], [115837.5, 160.0], [115840.0, 20270.0], [115842.5, 39340.0], [115845.0, 28570.0], [115860.0, 880.0], [115862.5, 2960.0], [115870.0, 3000.0], [115872.5, 850.0], [115875.0, 2850.0], [115897.5, 870.0], [115900.0, 2900.0], [115902.5, 50000.0]]}}}
{"jsonrpc": "2.0", "method": "subscription", "params": {"channel": "book.BTC-24OCT25.none.20.100ms", "data": {"timestamp": 1760318999609, "change_id": 121463528450, "instrument_name": "BTC-24OCT25", "bids": [[115935.0, 5400.0], [115927.5, 12070.0], [115925.0, 41410.0], [115922.5, 3200.0], [115920.0, 12730.0], [115917.5, 40450.0], [115915.0, 2200.0], [115912.5, 12070.0], [115910.0, 47030.0], [115907.5, 10000.0], [115905.0, 160.0], [115902.5, 40450.0], [115897.5, 2200.0], [115895.0, 92710.0], [115885.0, 94900.0], [115837.5, 2250.0], [115835.0, 50000.0], [115825.0, 2290.0], [115737.5, 18320.0], [115675.0, 6110.0]], "asks": [[115937.5, 10000.0], [115945.0, 12890.0], [115947.5, 40450.0], [115950.0, 2200.0], [115955.0, 27000.0], [115957.5, 50000.0], [115960.0, 41140.0], [115962.5, 2300.0], [115967.5, 40450.0], [115975.0, 2200.0], [115985.0, 810.0], [115987.5, 2200.0], [115990.0, 3000.0], [116005.0, 2250.0], [116017.5, 2260.0], [116067.5, 2190.0], [116075.0, 4520.0], [116077.5, 6120.0], [116080.0, 18510.0], [116087.5, 20.0]]}}}
{"jsonrpc": "2.0", "method": "subscription", "params": {"channel": "book.BTC-17OCT25.none.20.100ms", "data": {"timestamp": 1760318999656, "change_id": 121463528480, "instrument_name": "BTC-17OCT25", "bids": [[115810.0, 10000.0], [115800.0, 39340.0], [115795.0, 4700.0], [115792.5, 11740.0], [115790.0, 40420.0], [115787.5, 3450.0], [115785.0, 25040.0], [115782.5, 44000.0], [115780.0, 39340.0], [115777.5, 870.0], [115775.0, 2900.0], [115765.0, 870.0], [115762.5, 2900.0], [115742.5, 870.0], [115740.0, 2920.0], [115725.0, 1510.0], [115722.5, 2850.0], [115720.0, 2200.0], [115712.5, 890.0], [115710.0, 2980.0]], "asks": [[115812.5, 2900.0], [115815.0, 63130.0], [115817.5, 44000.0], [115820.0, 11790.0], [115822.5, 39340.0], [115825.0, 160.0], [115827.5, 870.0], [115830.0, 16430.0], [115832.5, 55340.0], [115840.0, 20270.0], [115842.5, 39340.0], [115845.0, 28570.0], [115860.0, 880.0], [115862.5, 2960.0], [115867.5, 900.0], [115870.0, 3000.0], [115872.5, 850.0], [115875.0, 2850.0], [115897.5, 870.0], [115900.0, 2900.0]]}}}
{"jsonrpc": "2.0", "method": "subscription", "params": {"channel": "book.BTC-24OCT25.none.20.100ms", "data": {"timestamp": 1760318999920, "change_id": 121463528905, "instrument_name": "BTC-24OCT25", "bids": [[115935.0, 3200.0], [115927.5, 12070.0], [115925.0, 41410.0], [115922.5, 3200.0], [115920.0, 12730.0], [115917.5, 40450.0], [115915.0, 2200.0], [115912.5, 12070.0], [115910.0, 47030.0], [115907.5, 10000.0], [115905.0, 160.0], [115902.5, 40450.0], [115897.5, 2200.0], [115895.0, 92710.0], [115885.0, 94900.0], [115837.5, 2250.0], [115835.0, 50000.0], [115825.0, 2290.0], [115737.5, 18320.0], [115672.5, 6110.0]], "asks": [[115937.5, 10000.0], [115945.0, 12890.0], [115947.5, 40450.0], [115950.0, 2200.0], [115955.0, 27000.0], [115957.5, 50000.0], [115960.0, 41140.0], [115962.5, 2300.0], [115967.5, 40450.0], [115975.0, 2200.0], [115985.0, 810.0], [115987.5, 2200.0], [115990.0, 3000.0], [116005.0, 2250.0], [116017.5, 2260.0], [116067.5, 2190.0], [116075.0, 4520.0], [116077.5, 6120.0], [116080.0, 18510.0], [116087.5, 20.0]]}}}
{"jsonrpc": "2.0", "method": "subscription", "params": {"channel": "book.BTC-17OCT25.none.20.100ms", "data": {"timestamp": 1760318999949, "change_id": 121463528915, "instrument_name": "BTC-17OCT25", "bids": [[115810.0, 10000.0], [115800.0, 39340.0], [115792.5, 11740.0], [115790.0, 40420.0], [115787.5, 3450.0], [115785.0, 25040.0], [115782.5, 44000.0], [115780.0, 39340.0], [115777.5, 870.0], [115775.0, 2900.0], [115765.0, 870.0], [115762.5, 2900.0], [115742.5, 870.0], [115740.0, 2920.0], [115725.0, 1510.0], [115722.5, 2850.0], [115720.0, 2200.0], [115635.0, 2900.0], [115625.0, 25410.0], [115622.5, 2900.0]], "asks": [[115812.5, 2900.0], [115815.0, 63130.0], [115817.5, 44000.0], [115820.0, 11790.0], [115822.5, 39340.0], [115825.0, 160.0], [115827.5, 870.0], [115830.0, 16430.0], [115832.5, 55340.0], [115840.0, 20270.0], [115842.5, 39340.0], [115845.0, 28570.0], [115860.0, 880.0], [115862.5, 2960.0], [115867.5, 900.0], [115870.0, 3000.0], [115872.5, 850.0], [115875.0, 2850.0], [115897.5, 870.0], [115900.0, 2900.0]]}}}
{"jsonrpc": "2.0", "method": "subscription", "params": {"channel": "book.BTC-24OCT25.none.20.100ms", "data": {"timestamp": 1760319000107, "change_id": 121463529080, "instrument_name": "BTC-24OCT25", "bids": [[115935.0, 3200.0], [115927.5, 12070.0], [115925.0, 41410.0], [115922.5, 3200.0], [115920.0, 12730.0], [115917.5, 40450.0], [115915.0, 2200.0], [115912.5, 12070.0], [115910.0, 47030.0], [115907.5, 10000.0], [115905.0, 160.0], [115902.5, 40450.0], [115897.5, 2200.0], [115895.0, 92710.0], [115885.0, 94900.0], [115837.5, 2250.0], [115835.0, 50000.0], [115825.0, 2290.0], [115737.5, 18320.0], [115675.0, 6110.0]], "asks": [[115937.5, 10000.0], [115945.0, 12890.0], [115947.5, 40450.0], [115950.0, 2200.0], [115955.0, 27000.0], [115957.5, 50000.0], [115960.0, 41140.0], [115962.5, 2300.0], [115967.5, 40450.0], [115975.0, 2200.0], [115985.0, 810.0], [115987.5, 2200.0], [115990.0, 3000.0], [116002.5, 670.0], [116005.0, 2250.0], [116017.5, 2260.0], [116067.5, 2190.0], [116075.0, 4520.0], [116077.5, 6120.0], [116080.0, 18510.0]]}}}
{"jsonrpc": "2.0", "method": "subscription", "params": {"channel": "book.BTC-24OCT25.none.20.100ms", "data": {"timestamp": 1760319000642, "change_id": 121463529964, "instrument_name": "BTC-24OCT25", "bids": [[115935.0, 5430.0], [115932.5, 960.0], [115930.0, 3200.0], [115927.5, 12070.0], [115925.0, 41410.0], [115920.0, 24240.0], [115917.5, 84450.0], [115915.0, 2200.0], [115910.0, 3030.0], [115907.5, 10000.0], [115905.0, 160.0], [115902.5, 40450.0], [115897.5, 2200.0], [115895.0, 92710.0], [115885.0, 94900.0], [115837.5, 2250.0], [115835.0, 50000.0], [115825.0, 2290.0], [115737.5, 18320.0], [115675.0, 6110.0]], "asks": [[115937.5, 54000.0], [115942.5, 14970.0], [115945.0, 62890.0], [115947.5, 40450.0], [115950.0, 2200.0], [115957.5, 12070.0], [115960.0, 41140.0], [115962.5, 2300.0], [115967.5, 40450.0], [115975.0, 2200.0], [115985.0, 810.0], [115987.5, 2200.0], [115990.0, 3000.0], [116002.5, 670.0], [116005.0, 2250.0], [116017.5, 2260.0], [116067.5, 2190.0], [116075.0, 4520.0], [116077.5, 6120.0], [116080.0, 18510.0]]}}}
{"jsonrpc": "2.0", "method": "subscription", "params": {"channel": "book.BTC-24OCT25.none.20.100ms", "data": {"timestamp": 1760319000954, "change_id": 121463530807, "instrument_name": "BTC-24OCT25", "bids": [[115947.5, 2230.0], [115945.0, 3200.0], [115935.0, 43650.0], [115927.5, 2230.0], [115925.0, 40450.0], [115917.5, 44000.0], [115915.0, 52650.0], [115905.0, 160.0], [115897.5, 2200.0], [115895.0, 92710.0], [115885.0, 94900.0], [115837.5, 2250.0], [115835.0, 50000.0], [115825.0, 2290.0], [115737.5, 18320.0], [115675.0, 6110.0], [115600.0, 2260.0], [115587.5, 2200.0], [115575.0, 2230.0], [115560.0, 2290.0]], "asks": [[115950.0, 52160.0], [115957.5, 40450.0], [115962.5, 160.0], [115970.0, 50000.0], [115972.5, 10980.0], [115975.0, 2200.0], [115977.5, 40450.0], [115987.5, 2200.0], [116005.0, 2250.0], [116017.5, 2260.0], [116067.5, 2190.0], [116077.5, 6120.0], [116080.0, 18510.0], [116087.5, 20.0], [116130.0, 2290.0], [116140.0, 20.0], [116155.0, 2200.0], [116167.5, 20890.0], [116175.0, 9390.0], [116205.0, 2300.0]]}}}
{"jsonrpc": "2.0", "method": "subscription", "params": {"channel": "book.BTC-17OCT25.none.20.100ms", "data": {"timestamp": 1760319000915, "change_id": 121463530868, "instrument_name": "BTC-17OCT25", "bids": [[115815.0, 7120.0], [115812.5, 2940.0], [115810.0, 10000.0], [115802.5, 17320.0], [115800.0, 42280.0], [115792.5, 23940.0], [115790.0, 84420.0], [115787.5, 2900.0], [115785.0, 160.0], [115782.5, 11740.0], [115780.0, 39340.0], [115777.5, 870.0], [115775.0, 2900.0], [115765.0, 870.0], [115762.5, 2900.0], [115742.5, 870.0], [115740.0, 2920.0], [115725.0, 1510.0], [115722.5, 2850.0], [115720.0, 2200.0]], "asks": [[115817.5, 44000.0], [115825.0, 15790.0], [115827.5, 50000.0], [115830.0, 16430.0], [115832.5, 45340.0], [115840.0, 20430.0], [115842.5, 39340.0], [115845.0, 28570.0], [115847.5, 42330.0], [115850.0, 10000.0], [115860.0, 880.0], [115862.5, 2960.0], [115867.5, 900.0], [115870.0, 3000.0], [115872.5, 850.0], [115875.0, 2850.0], [115897.5, 870.0], [115900.0, 2900.0], [115910.0, 870.0], [115912.5, 2900.0]]}}}
{"jsonrpc": "2.0", "method": "subscription", "params": {"channel": "book.BTC-24OCT25.none.20.100ms", "data": {"timestamp": 1760319001295, "change_id": 121463531469, "instrument_name": "BTC-24OCT25", "bids": [[115945.0, 3200.0], [115935.0, 43650.0], [115927.5, 2230.0], [115925.0, 40450.0], [115922.5, 10000.0], [115917.5, 44000.0], [115915.0, 42650.0], [115905.0, 160.0], [115897.5, 2200.0], [115895.0, 92710.0], [115885.0, 94900.0], [115837.5, 2250.0], [115835.0, 50000.0], [115825.0, 2290.0], [115737.5, 18320.0], [115675.0, 6110.0], [115600.0, 2260.0], [115587.5, 2200.0], [115575.0, 2230.0], [115560.0, 2290.0]], "asks": [[115950.0, 44000.0], [115955.0, 10000.0], [115957.5, 40450.0], [115962.5, 2390.0], [115970.0, 50000.0], [115972.5, 10980.0], [115975.0, 2200.0], [115977.5, 43450.0], [115987.5, 2200.0], [116005.0, 2250.0], [116017.5, 2260.0], [116067.5, 2190.0], [116077.5, 6120.0], [116080.0, 18510.0], [116087.5, 20.0], [116125.0, 2340.0], [116130.0, 2290.0], [116140.0, 20.0], [116155.0, 2200.0], [116167.5, 20890.0]]}}}
{"jsonrpc": "2.0", "method": "subscription", "params": {"channel": "book.BTC-17OCT25.none.20.100ms", "data": {"timestamp": 1760319001300, "change_id": 121463531319, "instrument_name": "BTC-17OCT25", "bids": [[115815.0, 2420.0], [115810.0, 10000.0], [115802.5, 17320.0], [115800.0, 42280.0], [115792.5, 23940.0], [115790.0, 84420.0], [115787.5, 2900.0], [115785.0, 160.0], [115782.5, 11740.0], [115780.0, 39340.0], [115777.5, 870.0], [115775.0, 2900.0], [115765.0, 870.0], [115762.5, 2900.0], [115742.5, 870.0], [115740.0, 2920.0], [115725.0, 1510.0], [115722.5, 2850.0], [115720.0, 2200.0], [115637.5, 870.0]], "asks": [[115817.5, 44000.0], [115825.0, 15790.0], [115827.5, 50000.0], [115830.0, 16430.0], [115832.5, 45340.0], [115840.0, 20430.0], [115842.5, 39340.0], [115845.0, 28570.0], [115847.5, 42330.0], [115855.0, 10000.0], [115860.0, 880.0], [115862.5, 2960.0], [115867.5, 900.0], [115870.0, 3000.0], [115872.5, 850.0], [115875.0, 2850.0], [115897.5, 870.0], [115900.0, 2900.0], [115910.0, 870.0], [115912.5, 2900.0]]}}}
{"jsonrpc": "2.0", "method": "subscription", "params": {"channel": "book.BTC-17OCT25.none.20.100ms", "data": {"timestamp": 1760319001527, "change_id": 121463531898, "instrument_name": "BTC-17OCT25", "bids": [[115815.0, 2420.0], [115810.0, 10000.0], [115802.5, 17320.0], [115800.0, 42280.0], [115792.5, 23940.0], [115790.0, 84420.0], [115787.5, 2900.0], [115785.0, 160.0], [115782.5, 11740.0], [115780.0, 39340.0], [115777.5, 870.0], [115775.0, 2900.0], [115765.0, 870.0], [115762.5, 2900.0], [115742.5, 870.0], [115740.0, 2920.0], [115725.0, 1510.0], [115722.5, 2850.0], [115720.0, 2200.0], [115637.5, 870.0]], "asks": [[115817.5, 44000.0], [115825.0, 15790.0], [115827.5, 50000.0], [115830.0, 16430.0], [115832.5, 45340.0], [115840.0, 20430.0], [115842.5, 39340.0], [115845.0, 28570.0], [115847.5, 52330.0], [115860.0, 880.0], [115862.5, 2960.0], [115867.5, 900.0], [115870.0, 3000.0], [115872.5, 850.0], [115875.0, 2850.0], [115897.5, 870.0], [115900.0, 2900.0], [115910.0, 870.0], [115912.5, 2900.0], [115937.5, 7600.0]]}}}
{"jsonrpc": "2.0", "method": "subscription", "params": {"channel": "book.BTC-24OCT25.none.20.100ms", "data": {"timestamp": 1760319001628, "change_id": 121463532155, "instrument_name": "BTC-24OCT25", "bids": [[115945.0, 5430.0], [115937.5, 13030.0], [115935.0, 40450.0], [115927.5, 14300.0], [115925.0, 43440.0], [115922.5, 10000.0], [115920.0, 25870.0], [115917.5, 44000.0], [115915.0, 42650.0], [115905.0, 160.0], [115897.5, 21420.0], [115895.0, 92710.0], [115885.0, 94900.0], [115837.5, 2250.0], [115835.0, 50000.0], [115825.0, 2290.0], [115737.5, 18320.0], [115675.0, 6110.0], [115600.0, 2260.0], [115587.5, 2200.0]], "asks": [[115947.5, 10000.0], [115950.0, 44000.0], [115952.5, 17910.0], [115955.0, 62070.0], [115957.5, 40450.0], [115960.0, 710.0], [115962.5, 2390.0], [115970.0, 3930.0], [115972.5, 10980.0], [115975.0, 15170.0], [115977.5, 43450.0], [115985.0, 660.0], [115987.5, 2200.0], [116002.5, 670.0], [116005.0, 2250.0], [116015.0, 670.0], [116017.5, 2260.0], [116065.0, 650.0], [116067.5, 2190.0], [116075.0, 7350.0]]}}}
{"jsonrpc": "2.0", "method": "subscription", "params": {"channel": "book.BTC-24OCT25.none.20.100ms", "data": {"timestamp": 1760319001975, "change_id": 121463532883, "instrument_name": "BTC-24OCT25", "bids": [[115935.0, 3200.0], [115922.5, 3200.0], [115920.0, 3200.0], [115917.5, 44000.0], [115915.0, 42650.0], [115912.5, 10000.0], [115905.0, 160.0], [115897.5, 42650.0], [115895.0, 92710.0], [115885.0, 94900.0], [115837.5, 2250.0], [115835.0, 50000.0], [115825.0, 2290.0], [115737.5, 18320.0], [115675.0, 6110.0], [115587.5, 2200.0], [115575.0, 2230.0], [115560.0, 2290.0], [115555.0, 500.0], [115552.5, 50000.0]], "asks": [[115942.5, 2230.0], [115947.5, 10000.0], [115950.0, 44160.0], [115955.0, 50000.0], [115957.5, 40450.0], [115962.5, 2230.0], [115972.5, 10980.0], [115975.0, 2200.0], [115977.5, 3000.0], [115987.5, 2200.0], [116005.0, 2250.0], [116017.5, 2260.0], [116067.5, 2190.0], [116077.5, 6120.0], [116080.0, 18510.0], [116087.5, 20.0], [116125.0, 2340.0], [116130.0, 2290.0], [116140.0, 20.0], [116155.0, 2200.0]]}}}
