{"jsonrpc": "2.0", "id": 1, "result": ["book.BTC-19SEP25.none.20.100ms"], "usIn": 1758073584448780, "usOut": 1758073584448993, "usDiff": 213, "testnet": false}
{"jsonrpc": "2.0", "method": "subscription", "params": {"channel": "book.BTC-19SEP25.none.20.100ms", "data": {"timestamp": 1758073584338, "change_id": 117657971564, "instrument_name": "BTC-19SEP25", "bids": [[116742.5, 21000.0], [116740.0, 18780.0], [116737.5, 14590.0], [116735.0, 39110.0], [116732.5, 126160.0], [116730.0, 52290.0], [116727.5, 7160.0], [116725.0, 6250.0], [116720.0, 17050.0], [116717.5, 44000.0], [116715.0, 1790.0], [116712.5, 2040.0], [116710.0, 3920.0], [116705.0, 12830.0], [116697.5, 590.0], [116695.0, 1960.0], [116685.0, 2070.0], [116682.5, 7340.0], [116667.5, 620.0], [116665.0, 2060.0]], "asks": [[116745.0, 44000.0], [116747.5, 14510.0], [116757.5, 70000.0], [116760.0, 48000.0], [116765.0, 4690.0], [116767.5, 2040.0], [116775.0, 2010.0], [116780.0, 6960.0], [116782.5, 40.0], [116790.0, 1180.0], [116792.5, 3920.0], [116797.5, 640.0], [116800.0, 2130.0], [116822.5, 590.0], [116825.0, 1960.0], [116832.5, 4930.0], [116835.0, 17020.0], [116837.5, 1970.0], [116852.5, 590.0], [116855.0, 1960.0]]}}}
{"jsonrpc": "2.0", "method": "subscription", "params": {"channel": "book.BTC-19SEP25.none.20.100ms", "data": {"timestamp": 1758073585506, "change_id": 117657972838, "instrument_name": "BTC-19SEP25", "bids": [[116742.5, 21000.0], [116740.0, 16790.0], [116737.5, 4000.0], [116735.0, 39110.0], [116732.5, 126160.0], [116730.0, 52290.0], [116727.5, 7160.0], [116725.0, 6250.0], [116720.0, 17050.0], [116717.5, 44000.0], [116715.0, 1790.0], [116712.5, 2040.0], [116710.0, 3920.0], [116705.0, 12830.0], [116697.5, 590.0], [116695.0, 1960.0], [116685.0, 2070.0], [116682.5, 7340.0], [116667.5, 620.0], [116665.0, 2060.0]], "asks": [[116745.0, 44000.0], [116747.5, 14510.0], [116757.5, 70000.0], [116760.0, 48000.0], [116762.5, 1220.0], [116765.0, 4690.0], [116767.5, 2040.0], [116775.0, 2010.0], [116780.0, 6960.0], [116782.5, 40.0], [116790.0, 1180.0], [116792.5, 3920.0], [116797.5, 640.0], [116800.0, 2130.0], [116822.5, 590.0], [116825.0, 1960.0], [116832.5, 4930.0], [116835.0, 17020.0], [116837.5, 1970.0], [116852.5, 590.0]]}}}
{"jsonrpc": "2.0", "method": "subscription", "params": {"channel": "book.BTC-19SEP25.none.20.100ms", "data": {"timestamp": 1758073586206, "change_id": 117657973804, "instrument_name": "BTC-19SEP25", "bids": [[116742.5, 18990.0], [116740.0, 16790.0], [116737.5, 4000.0], [116735.0, 39110.0], [116732.5, 126160.0], [116730.0, 52290.0], [116727.5, 7160.0], [116725.0, 6250.0], [116720.0, 17050.0], [116717.5, 44000.0], [116715.0, 1790.0], [116712.5, 2040.0], [116710.0, 3920.0], [116705.0, 12830.0], [116697.5, 590.0], [116695.0, 1960.0], [116685.0, 2070.0], [116682.5, 7340.0], [116667.5, 620.0], [116665.0, 2060.0]], "asks": [[116745.0, 44000.0], [116747.5, 14510.0], [116757.5, 70000.0], [116760.0, 48000.0], [116762.5, 1220.0], [116765.0, 4690.0], [116767.5, 2040.0], [116775.0, 2010.0], [116780.0, 6960.0], [116782.5, 40.0], [116790.0, 1180.0], [116792.5, 3920.0], [116797.5, 640.0], [116800.0, 2130.0], [116822.5, 590.0], [116825.0, 1960.0], [116832.5, 4930.0], [116835.0, 17020.0], [116837.5, 1970.0], [116852.5, 590.0]]}}}
{"jsonrpc": "2.0", "method": "subscription", "params": {"channel": "book.BTC-19SEP25.none.20.100ms", "data": {"timestamp": 1758073586473, "change_id": 117657973881, "instrument_name": "BTC-19SEP25", "bids": [[116742.5, 20960.0], [116740.0, 12610.0], [116737.5, 21190.0], [116735.0, 45210.0], [116732.5, 115560.0], [116730.0, 52290.0], [116727.5, 7160.0], [116725.0, 6250.0], [116720.0, 17050.0], [116717.5, 44000.0], [116715.0, 1790.0], [116712.5, 2040.0], [116710.0, 3920.0], [116705.0, 12830.0], [116697.5, 590.0], [116695.0, 1960.0], [116685.0, 2070.0], [116682.5, 7340.0], [116667.5, 620.0], [116665.0, 2060.0]], "asks": [[116745.0, 44000.0], [116747.5, 14510.0], [116757.5, 70000.0], [116760.0, 48000.0], [116762.5, 1220.0], [116765.0, 4690.0], [116767.5, 2040.0], [116775.0, 2010.0], [116780.0, 6960.0], [116782.5, 40.0], [116790.0, 1180.0], [116792.5, 3920.0], [116797.5, 640.0], [116800.0, 2130.0], [116822.5, 590.0], [116825.0, 1960.0], [116832.5, 4930.0], [116835.0, 17020.0], [116837.5, 1970.0], [116852.5, 590.0]]}}}
{"jsonrpc": "2.0", "method": "subscription", "params": {"channel": "book.BTC-19SEP25.none.20.100ms", "data": {"timestamp": 1758073587229, "change_id": 117657974798, "instrument_name": "BTC-19SEP25", "bids": [[116742.5, 20960.0], [116740.0, 12610.0], [116737.5, 21190.0], [116735.0, 45210.0], [116732.5, 115560.0], [116730.0, 52290.0], [116727.5, 7160.0], [116725.0, 6250.0], [116720.0, 17050.0], [116717.5, 44000.0], [116715.0, 1790.0], [116712.5, 2040.0], [116710.0, 3920.0], [116707.5, 12830.0], [116697.5, 590.0], [116695.0, 1960.0], [116685.0, 2070.0], [116682.5, 7340.0], [116667.5, 620.0], [116665.0, 2060.0]], "asks": [[116745.0, 44000.0], [116747.5, 10590.0], [116757.5, 70000.0], [116760.0, 48000.0], [116765.0, 770.0], [116767.5, 2040.0], [116775.0, 2010.0], [116780.0, 6960.0], [116782.5, 40.0], [116790.0, 1180.0], [116792.5, 3920.0], [116797.5, 640.0], [116800.0, 2130.0], [116822.5, 590.0], [116825.0, 1960.0], [116832.5, 4930.0], [116835.0, 17020.0], [116837.5, 1970.0], [116852.5, 590.0], [116855.0, 1960.0]]}}}
{"jsonrpc": "2.0", "method": "subscription", "params": {"channel": "book.BTC-19SEP25.none.20.100ms", "data": {"timestamp": 1758073587423, "change_id": 117657974860, "instrument_name": "BTC-19SEP25", "bids": [[116742.5, 20960.0], [116740.0, 22810.0], [116737.5, 21190.0], [116735.0, 39110.0], [116732.5, 115560.0], [116730.0, 52290.0], [116727.5, 7160.0], [116725.0, 6250.0], [116720.0, 17050.0], [116717.5, 44000.0], [116715.0, 1790.0], [116712.5, 2040.0], [116710.0, 3920.0], [116707.5, 12830.0], [116697.5, 590.0], [116695.0, 1960.0], [116685.0, 2070.0], [116682.5, 7340.0], [116667.5, 620.0], [116665.0, 2060.0]], "asks": [[116745.0, 44000.0], [116747.5, 14510.0], [116757.5, 70000.0], [116760.0, 48000.0], [116762.5, 1220.0], [116765.0, 4690.0], [116767.5, 2040.0], [116775.0, 2010.0], [116780.0, 6960.0], [116782.5, 40.0], [116790.0, 1180.0], [116792.5, 3920.0], [116797.5, 640.0], [116800.0, 2130.0], [116822.5, 590.0], [116825.0, 1960.0], [116832.5, 4930.0], [116835.0, 17020.0], [116837.5, 1970.0], [116852.5, 590.0]]}}}
{"jsonrpc": "2.0", "method": "subscription", "params": {"channel": "book.BTC-19SEP25.none.20.100ms", "data": {"timestamp": 1758073587780, "change_id": 117657975143, "instrument_name": "BTC-19SEP25", "bids": [[116742.5, 20960.0], [116740.0, 22810.0], [116737.5, 21190.0], [116735.0, 39110.0], [116732.5, 115560.0], [116730.0, 52290.0], [116727.5, 7160.0], [116725.0, 6250.0], [116720.0, 17050.0], [116717.5, 44000.0], [116715.0, 1790.0], [116712.5, 2040.0], [116710.0, 3920.0], [116707.5, 12830.0], [116697.5, 590.0], [116695.0, 1960.0], [116685.0, 2070.0], [116682.5, 7340.0], [116667.5, 620.0], [116665.0, 2060.0]], "asks": [[116745.0, 44000.0], [116747.5, 14510.0], [116757.5, 118000.0], [116762.5, 1220.0], [116765.0, 4690.0], [116767.5, 2040.0], [116775.0, 2010.0], [116780.0, 6960.0], [116782.5, 40.0], [116790.0, 1180.0], [116792.5, 3920.0], [116797.5, 640.0], [116800.0, 2130.0], [116822.5, 590.0], [116825.0, 1960.0], [116832.5, 4930.0], [116835.0, 17020.0], [116837.5, 1970.0], [116852.5, 590.0], [116855.0, 1960.0]]}}}
{"jsonrpc": "2.0", "method": "subscription", "params": {"channel": "book.BTC-19SEP25.none.20.100ms", "data": {"timestamp": 1758073588158, "change_id": 117657975666, "instrument_name": "BTC-19SEP25", "bids": [[116742.5, 20960.0], [116740.0, 22810.0], [116737.5, 21190.0], [116735.0, 39110.0], [116732.5, 115560.0], [116730.0, 52290.0], [116727.5, 7160.0], [116725.0, 6250.0], [116720.0, 17050.0], [116717.5, 44000.0], [116715.0, 1790.0], [116712.5, 2040.0], [116710.0, 3920.0], [116707.5, 12830.0], [116697.5, 590.0], [116695.0, 1960.0], [116685.0, 2070.0], [116682.5, 7340.0], [116667.5, 620.0], [116665.0, 2060.0]], "asks": [[116745.0, 44000.0], [116747.5, 14510.0], [116757.5, 118000.0], [116762.5, 1220.0], [116765.0, 4690.0], [116767.5, 2040.0], [116775.0, 2010.0], [116780.0, 6960.0], [116782.5, 40.0], [116790.0, 1180.0], [116792.5, 3920.0], [116797.5, 640.0], [116800.0, 2130.0], [116822.5, 590.0], [116825.0, 1960.0], [116832.5, 4930.0], [116835.0, 17020.0], [116837.5, 1970.0], [116852.5, 590.0], [116855.0, 1960.0]]}}}
{"jsonrpc": "2.0", "method": "subscription", "params": {"channel": "book.BTC-19SEP25.none.20.100ms", "data": {"timestamp": 1758073588551, "change_id": 117657975854, "instrument_name": "BTC-19SEP25", "bids": [[116742.5, 20960.0], [116740.0, 19830.0], [116737.5, 14590.0], [116735.0, 39110.0], [116732.5, 115560.0], [116730.0, 52290.0], [116727.5, 7160.0], [116725.0, 6250.0], [116720.0, 17050.0], [116717.5, 44000.0], [116715.0, 1790.0], [116712.5, 2040.0], [116710.0, 3920.0], [116707.5, 12830.0], [116697.5, 590.0], [116695.0, 1960.0], [116685.0, 2070.0], [116682.5, 7340.0], [116667.5, 620.0], [116665.0, 2060.0]], "asks": [[116745.0, 44000.0], [116747.5, 14510.0], [116757.5, 118000.0], [116762.5, 1220.0], [116765.0, 4690.0], [116767.5, 2040.0], [116775.0, 2010.0], [116780.0, 6960.0], [116782.5, 40.0], [116790.0, 1180.0], [116792.5, 3920.0], [116797.5, 640.0], [116800.0, 2130.0], [116822.5, 590.0], [116825.0, 1960.0], [116832.5, 4930.0], [116835.0, 17020.0], [116837.5, 1970.0], [116852.5, 590.0], [116855.0, 1960.0]]}}}
{"jsonrpc": "2.0", "method": "subscription", "params": {"channel": "book.BTC-19SEP25.none.20.100ms", "data": {"timestamp": 1758073589542, "change_id": 117657976868, "instrument_name": "BTC-19SEP25", "bids": [[116742.5, 18990.0], [116740.0, 15200.0], [116735.0, 39110.0], [116732.5, 115560.0], [116730.0, 52290.0], [116727.5, 7160.0], [116725.0, 6250.0], [116720.0, 17050.0], [116717.5, 44000.0], [116715.0, 1790.0], [116712.5, 2040.0], [116710.0, 3920.0], [116707.5, 12830.0], [116697.5, 590.0], [116695.0, 1960.0], [116685.0, 2070.0], [116682.5, 7340.0], [116667.5, 620.0], [116665.0, 2060.0], [116662.5, 4700.0]], "asks": [[116745.0, 44000.0], [116747.5, 14510.0], [116755.0, 5560.0], [116757.5, 118000.0], [116762.5, 1220.0], [116765.0, 4690.0], [116767.5, 2040.0], [116775.0, 2010.0], [116780.0, 6960.0], [116782.5, 40.0], [116790.0, 1180.0], [116792.5, 3920.0], [116797.5, 640.0], [116800.0, 2130.0], [116822.5, 590.0], [116825.0, 1960.0], [116832.5, 4930.0], [116835.0, 17020.0], [116837.5, 1970.0], [116852.5, 590.0]]}}}
{"jsonrpc": "2.0", "method": "subscription", "params": {"channel": "book.BTC-19SEP25.none.20.100ms", "data": {"timestamp": 1758073589818, "change_id": 117657977311, "instrument_name": "BTC-19SEP25", "bids": [[116742.5, 8390.0], [116740.0, 5000.0], [116735.0, 39110.0], [116732.5, 115560.0], [116730.0, 52290.0], [116727.5, 7160.0], [116725.0, 6250.0], [116720.0, 17050.0], [116717.5, 44000.0], [116715.0, 1790.0], [116712.5, 2040.0], [116710.0, 3920.0], [116707.5, 12830.0], [116697.5, 590.0], [116695.0, 1960.0], [116685.0, 2070.0], [116682.5, 7340.0], [116667.5, 620.0], [116665.0, 2060.0], [116662.5, 4700.0]], "asks": [[116745.0, 44000.0], [116747.5, 14510.0], [116755.0, 5560.0], [116757.5, 118000.0], [116762.5, 1220.0], [116765.0, 4690.0], [116767.5, 2040.0], [116770.0, 1500.0], [116772.5, 5000.0], [116775.0, 590.0], [116780.0, 1960.0], [116782.5, 40.0], [116790.0, 1180.0], [116792.5, 3920.0], [116797.5, 640.0], [116800.0, 2130.0], [116822.5, 590.0], [116825.0, 1960.0], [116832.5, 4930.0], [116835.0, 17020.0]]}}}
{"jsonrpc": "2.0", "method": "subscription", "params": {"channel": "book.BTC-19SEP25.none.20.100ms", "data": {"timestamp": 1758073590120, "change_id": 117657977803, "instrument_name": "BTC-19SEP25", "bids": [[116742.5, 8390.0], [116740.0, 5000.0], [116737.5, 3180.0], [116735.0, 24990.0], [116730.0, 52290.0], [116727.5, 7160.0], [116725.0, 6250.0], [116720.0, 17050.0], [116717.5, 44000.0], [116715.0, 5410.0], [116712.5, 2040.0], [116710.0, 16750.0], [116697.5, 590.0], [116695.0, 1960.0], [116685.0, 2070.0], [116682.5, 7340.0], [116667.5, 620.0], [116665.0, 2060.0], [116662.5, 4700.0], [116660.0, 15680.0]], "asks": [[116745.0, 44000.0], [116747.5, 14510.0], [116755.0, 5560.0], [116757.5, 118000.0], [116762.5, 1220.0], [116765.0, 4690.0], [116767.5, 2040.0], [116770.0, 1500.0], [116772.5, 5000.0], [116775.0, 590.0], [116780.0, 1960.0], [116782.5, 40.0], [116790.0, 1180.0], [116792.5, 3920.0], [116797.5, 640.0], [116800.0, 2130.0], [116822.5, 590.0], [116825.0, 1960.0], [116832.5, 4930.0], [116835.0, 17020.0]]}}}
{"jsonrpc": "2.0", "method": "subscription", "params": {"channel": "book.BTC-19SEP25.none.20.100ms", "data": {"timestamp": 1758073590386, "change_id": 117657978042, "instrument_name": "BTC-19SEP25", "bids": [[116742.5, 8390.0], [116740.0, 11360.0], [116737.5, 10600.0], [116735.0, 24990.0], [116732.5, 10600.0], [116730.0, 52290.0], [116727.5, 7160.0], [116725.0, 6250.0], [116720.0, 17050.0], [116717.5, 44000.0], [116715.0, 45890.0], [116712.5, 2040.0], [116710.0, 16750.0], [116697.5, 590.0], [116695.0, 1960.0], [116685.0, 2070.0], [116682.5, 7340.0], [116667.5, 620.0], [116665.0, 2060.0], [116662.5, 4700.0]], "asks": [[116745.0, 44000.0], [116747.5, 14510.0], [116755.0, 5560.0], [116757.5, 118000.0], [116762.5, 1220.0], [116765.0, 4690.0], [116767.5, 2040.0], [116770.0, 1500.0], [116772.5, 5000.0], [116775.0, 590.0], [116780.0, 1960.0], [116782.5, 40.0], [116790.0, 1180.0], [116792.5, 3920.0], [116797.5, 640.0], [116800.0, 2130.0], [116822.5, 590.0], [116825.0, 1960.0], [116832.5, 4930.0], [116835.0, 17020.0]]}}}
{"jsonrpc": "2.0", "method": "subscription", "params": {"channel": "book.BTC-19SEP25.none.20.100ms", "data": {"timestamp": 1758073590850, "change_id": 117657978476, "instrument_name": "BTC-19SEP25", "bids": [[116742.5, 8390.0], [116740.0, 10960.0], [116737.5, 10600.0], [116735.0, 24990.0], [116732.5, 10600.0], [116730.0, 52290.0], [116727.5, 7160.0], [116725.0, 6250.0], [116720.0, 17050.0], [116717.5, 44000.0], [116715.0, 5410.0], [116712.5, 2040.0], [116710.0, 16750.0], [116697.5, 590.0], [116695.0, 1960.0], [116685.0, 2070.0], [116682.5, 7340.0], [116667.5, 620.0], [116665.0, 2060.0], [116662.5, 4700.0]], "asks": [[116745.0, 47920.0], [116747.5, 10590.0], [116755.0, 5560.0], [116757.5, 118000.0], [116762.5, 1220.0], [116765.0, 4690.0], [116767.5, 2040.0], [116770.0, 1500.0], [116772.5, 5000.0], [116775.0, 590.0], [116780.0, 1960.0], [116782.5, 40.0], [116790.0, 1180.0], [116792.5, 3920.0], [116797.5, 640.0], [116800.0, 2130.0], [116822.5, 590.0], [116825.0, 1960.0], [116832.5, 4930.0], [116835.0, 17020.0]]}}}
{"jsonrpc": "2.0", "method": "subscription", "params": {"channel": "book.BTC-19SEP25.none.20.100ms", "data": {"timestamp": 1758073591193, "change_id": 117657979023, "instrument_name": "BTC-19SEP25", "bids": [[116742.5, 8390.0], [116740.0, 10960.0], [116737.5, 10600.0], [116735.0, 24990.0], [116732.5, 10600.0], [116730.0, 61910.0], [116727.5, 7160.0], [116725.0, 41010.0], [116720.0, 17050.0], [116717.5, 44000.0], [116715.0, 5410.0], [116712.5, 2040.0], [116710.0, 16750.0], [116697.5, 590.0], [116695.0, 1960.0], [116685.0, 2070.0], [116682.5, 7340.0], [116667.5, 620.0], [116665.0, 2060.0], [116662.5, 4700.0]], "asks": [[116745.0, 47920.0], [116747.5, 10590.0], [116755.0, 5560.0], [116757.5, 118000.0], [116762.5, 1220.0], [116765.0, 4690.0], [116767.5, 2040.0], [116770.0, 1500.0], [116772.5, 5000.0], [116775.0, 590.0], [116780.0, 1960.0], [116782.5, 40.0], [116790.0, 1180.0], [116792.5, 3920.0], [116797.5, 640.0], [116800.0, 2130.0], [116822.5, 590.0], [116825.0, 1960.0], [116832.5, 4930.0], [116835.0, 17020.0]]}}}
{"jsonrpc": "2.0", "method": "subscription", "params": {"channel": "book.BTC-19SEP25.none.20.100ms", "data": {"timestamp": 1758073591373, "change_id": 117657979027, "instrument_name": "BTC-19SEP25", "bids": [[116742.5, 18290.0], [116740.0, 10960.0], [116737.5, 10600.0], [116735.0, 24990.0], [116732.5, 10600.0], [116730.0, 61910.0], [116727.5, 7160.0], [116725.0, 41010.0], [116720.0, 17050.0], [116717.5, 44000.0], [116715.0, 5410.0], [116712.5, 2040.0], [116710.0, 16750.0], [116697.5, 590.0], [116695.0, 1960.0], [116685.0, 2070.0], [116682.5, 7340.0], [116667.5, 620.0], [116665.0, 2060.0], [116662.5, 4700.0]], "asks": [[116745.0, 47920.0], [116747.5, 10590.0], [116755.0, 5560.0], [116757.5, 118000.0], [116762.5, 1220.0], [116765.0, 4690.0], [116767.5, 2040.0], [116770.0, 1500.0], [116772.5, 5000.0], [116775.0, 590.0], [116780.0, 1960.0], [116782.5, 40.0], [116790.0, 1180.0], [116792.5, 3920.0], [116797.5, 640.0], [116800.0, 2130.0], [116822.5, 590.0], [116825.0, 1960.0], [116832.5, 4930.0], [116835.0, 17020.0]]}}}
{"jsonrpc": "2.0", "method": "subscription", "params": {"channel": "book.BTC-19SEP25.none.20.100ms", "data": {"timestamp": 1758073592135, "change_id": 117657979788, "instrument_name": "BTC-19SEP25", "bids": [[116742.5, 18290.0], [116740.0, 10960.0], [116737.5, 10600.0], [116735.0, 24990.0], [116732.5, 10600.0], [116730.0, 61910.0], [116727.5, 7160.0], [116725.0, 41010.0], [116720.0, 17050.0], [116717.5, 44000.0], [116715.0, 5410.0], [116712.5, 2040.0], [116710.0, 16750.0], [116697.5, 590.0], [116695.0, 1960.0], [116685.0, 2070.0], [116682.5, 7340.0], [116667.5, 620.0], [116665.0, 2060.0], [116662.5, 4700.0]], "asks": [[116745.0, 44000.0], [116747.5, 10590.0], [116755.0, 5560.0], [116757.5, 118000.0], [116762.5, 1220.0], [116765.0, 4690.0], [116767.5, 2040.0], [116770.0, 1500.0], [116772.5, 5000.0], [116775.0, 590.0], [116780.0, 1960.0], [116782.5, 40.0], [116790.0, 1180.0], [116792.5, 3920.0], [116797.5, 640.0], [116800.0, 2130.0], [116822.5, 590.0], [116825.0, 1960.0], [116832.5, 4930.0], [116835.0, 17020.0]]}}}
{"jsonrpc": "2.0", "method": "subscription", "params": {"channel": "book.BTC-19SEP25.none.20.100ms", "data": {"timestamp": 1758073592507, "change_id": 117657980073, "instrument_name": "BTC-19SEP25", "bids": [[116742.5, 18290.0], [116740.0, 10960.0], [116737.5, 10600.0], [116735.0, 24990.0], [116732.5, 10600.0], [116730.0, 52020.0], [116727.5, 7160.0], [116725.0, 6250.0], [116720.0, 17050.0], [116717.5, 44000.0], [116715.0, 5410.0], [116712.5, 2040.0], [116710.0, 16750.0], [116697.5, 590.0], [116695.0, 1960.0], [116685.0, 2070.0], [116682.5, 7340.0], [116667.5, 620.0], [116665.0, 2060.0], [116662.5, 4700.0]], "asks": [[116745.0, 58510.0], [116755.0, 5560.0], [116757.5, 118000.0], [116762.5, 1220.0], [116765.0, 4690.0], [116767.5, 2040.0], [116770.0, 1500.0], [116772.5, 5000.0], [116775.0, 590.0], [116780.0, 1960.0], [116782.5, 40.0], [116790.0, 1180.0], [116792.5, 3920.0], [116797.5, 640.0], [116800.0, 2130.0], [116822.5, 590.0], [116825.0, 1960.0], [116832.5, 4930.0], [116835.0, 17020.0], [116837.5, 1970.0]]}}}
{"jsonrpc": "2.0", "method": "subscription", "params": {"channel": "book.BTC-19SEP25.none.20.100ms", "data": {"timestamp": 1758073592872, "change_id": 117657980410, "instrument_name": "BTC-19SEP25", "bids": [[116742.5, 18290.0], [116740.0, 10960.0], [116737.5, 10600.0], [116735.0, 24990.0], [116732.5, 10600.0], [116730.0, 63870.0], [116727.5, 7160.0], [116725.0, 47420.0], [116720.0, 17050.0], [116717.5, 44000.0], [116715.0, 5410.0], [116712.5, 2040.0], [116710.0, 16750.0], [116697.5, 590.0], [116695.0, 1960.0], [116685.0, 2070.0], [116682.5, 7340.0], [116667.5, 620.0], [116665.0, 2060.0], [116662.5, 4700.0]], "asks": [[116745.0, 58510.0], [116755.0, 5560.0], [116757.5, 118000.0], [116762.5, 1220.0], [116765.0, 4690.0], [116767.5, 2040.0], [116770.0, 1500.0], [116772.5, 5000.0], [116775.0, 590.0], [116780.0, 1960.0], [116782.5, 40.0], [116790.0, 1180.0], [116792.5, 3920.0], [116797.5, 640.0], [116800.0, 2130.0], [116822.5, 590.0], [116825.0, 1960.0], [116832.5, 4930.0], [116835.0, 17020.0], [116837.5, 1970.0]]}}}
{"jsonrpc": "2.0", "method": "subscription", "params": {"channel": "book.BTC-19SEP25.none.20.100ms", "data": {"timestamp": 1758073593149, "change_id": 117657980839, "instrument_name": "BTC-19SEP25", "bids": [[116742.5, 18290.0], [116740.0, 10960.0], [116737.5, 10600.0], [116735.0, 24990.0], [116732.5, 10600.0], [116730.0, 63870.0], [116727.5, 7160.0], [116725.0, 47420.0], [116720.0, 17050.0], [116717.5, 44000.0], [116715.0, 1790.0], [116712.5, 2040.0], [116710.0, 3920.0], [116702.5, 3850.0], [116700.0, 12830.0], [116697.5, 590.0], [116695.0, 1960.0], [116685.0, 2070.0], [116682.5, 7340.0], [116667.5, 620.0]], "asks": [[116745.0, 58510.0], [116755.0, 5560.0], [116757.5, 118000.0], [116762.5, 1220.0], [116765.0, 4690.0], [116767.5, 2040.0], [116770.0, 1500.0], [116772.5, 5000.0], [116775.0, 590.0], [116780.0, 1960.0], [116782.5, 40.0], [116790.0, 1180.0], [116792.5, 3920.0], [116797.5, 640.0], [116800.0, 2130.0], [116822.5, 590.0], [116825.0, 1960.0], [116832.5, 4930.0], [116835.0, 17020.0], [116837.5, 1970.0]]}}}
{"jsonrpc": "2.0", "method": "subscription", "params": {"channel": "book.BTC-19SEP25.none.20.100ms", "data": {"timestamp": 1758073594457, "change_id": 117657981861, "instrument_name": "BTC-19SEP25", "bids": [[116742.5, 8390.0], [116740.0, 10960.0], [116737.5, 10600.0], [116735.0, 24990.0], [116730.0, 63870.0], [116727.5, 7160.0], [116725.0, 47420.0], [116720.0, 17050.0], [116717.5, 44000.0], [116715.0, 1790.0], [116712.5, 2040.0], [116710.0, 3920.0], [116702.5, 3850.0], [116700.0, 12830.0], [116697.5, 590.0], [116695.0, 1960.0], [116685.0, 2070.0], [116682.5, 7340.0], [116667.5, 620.0], [116665.0, 2060.0]], "asks": [[116745.0, 58510.0], [116755.0, 5560.0], [116757.5, 118000.0], [116762.5, 1220.0], [116765.0, 4690.0], [116767.5, 2040.0], [116770.0, 1500.0], [116772.5, 5000.0], [116775.0, 590.0], [116780.0, 1960.0], [116782.5, 40.0], [116790.0, 1180.0], [116792.5, 3920.0], [116797.5, 640.0], [116800.0, 2130.0], [116822.5, 590.0], [116825.0, 1960.0], [116832.5, 4930.0], [116835.0, 17020.0], [116837.5, 1970.0]]}}}
{"jsonrpc": "2.0", "method": "subscription", "params": {"channel": "book.BTC-19SEP25.none.20.100ms", "data": {"timestamp": 1758073595451, "change_id": 117657982743, "instrument_name": "BTC-19SEP25", "bids": [[116742.5, 8390.0], [116740.0, 10960.0], [116737.5, 10600.0], [116735.0, 24990.0], [116732.5, 10600.0], [116730.0, 63870.0], [116727.5, 17160.0], [116725.0, 47420.0], [116720.0, 17050.0], [116717.5, 44000.0], [116715.0, 1790.0], [116712.5, 2040.0], [116710.0, 3920.0], [116702.5, 3850.0], [116700.0, 12830.0], [116697.5, 590.0], [116695.0, 1960.0], [116685.0, 2070.0], [116682.5, 7340.0], [116667.5, 620.0]], "asks": [[116745.0, 58510.0], [116755.0, 5560.0], [116757.5, 118000.0], [116762.5, 1220.0], [116765.0, 4690.0], [116767.5, 2040.0], [116770.0, 1500.0], [116772.5, 5000.0], [116775.0, 590.0], [116780.0, 1960.0], [116782.5, 40.0], [116790.0, 1180.0], [116792.5, 3920.0], [116797.5, 640.0], [116800.0, 2130.0], [116822.5, 590.0], [116825.0, 1960.0], [116832.5, 4930.0], [116835.0, 17020.0], [116837.5, 1970.0]]}}}
{"jsonrpc": "2.0", "method": "subscription", "params": {"channel": "book.BTC-19SEP25.none.20.100ms", "data": {"timestamp": 1758073595620, "change_id": 117657982894, "instrument_name": "BTC-19SEP25", "bids": [[116742.5, 8390.0], [116740.0, 10960.0], [116737.5, 10600.0], [116735.0, 24990.0], [116732.5, 10600.0], [116730.0, 63870.0], [116727.5, 17160.0], [116725.0, 47420.0], [116720.0, 17050.0], [116717.5, 44000.0], [116715.0, 1790.0], [116712.5, 2040.0], [116710.0, 3920.0], [116702.5, 3850.0], [116700.0, 12830.0], [116697.5, 590.0], [116695.0, 1960.0], [116685.0, 2070.0], [116682.5, 7340.0], [116667.5, 620.0]], "asks": [[116745.0, 58510.0], [116755.0, 5560.0], [116757.5, 118000.0], [116762.5, 1220.0], [116765.0, 4690.0], [116767.5, 2040.0], [116770.0, 1500.0], [116772.5, 5000.0], [116775.0, 590.0], [116780.0, 1960.0], [116782.5, 40.0], [116790.0, 1180.0], [116792.5, 3920.0], [116797.5, 640.0], [116800.0, 2130.0], [116822.5, 590.0], [116825.0, 1960.0], [116832.5, 4930.0], [116835.0, 17020.0], [116837.5, 1970.0]]}}}
{"jsonrpc": "2.0", "method": "subscription", "params": {"channel": "book.BTC-19SEP25.none.20.100ms", "data": {"timestamp": 1758073595935, "change_id": 117657983104, "instrument_name": "BTC-19SEP25", "bids": [[116742.5, 8390.0], [116740.0, 10960.0], [116737.5, 10600.0], [116735.0, 24990.0], [116732.5, 10600.0], [116730.0, 63870.0], [116727.5, 17160.0], [116725.0, 47420.0], [116720.0, 17050.0], [116717.5, 44000.0], [116715.0, 1790.0], [116712.5, 2040.0], [116710.0, 3920.0], [116705.0, 12830.0], [116697.5, 590.0], [116695.0, 1960.0], [116685.0, 2070.0], [116682.5, 7340.0], [116667.5, 620.0], [116665.0, 2060.0]], "asks": [[116745.0, 58510.0], [116755.0, 5560.0], [116757.5, 118000.0], [116762.5, 1220.0], [116765.0, 4690.0], [116767.5, 2040.0], [116770.0, 1500.0], [116772.5, 5000.0], [116775.0, 590.0], [116780.0, 1960.0], [116782.5, 40.0], [116790.0, 1180.0], [116792.5, 3920.0], [116797.5, 640.0], [116800.0, 2130.0], [116822.5, 590.0], [116825.0, 1960.0], [116832.5, 4930.0], [116835.0, 17020.0], [116837.5, 1970.0]]}}}
{"jsonrpc": "2.0", "method": "subscription", "params": {"channel": "book.BTC-19SEP25.none.20.100ms", "data": {"timestamp": 1758073596319, "change_id": 117657983647, "instrument_name": "BTC-19SEP25", "bids": [[116742.5, 8390.0], [116740.0, 10960.0], [116737.5, 10600.0], [116735.0, 24990.0], [116732.5, 10600.0], [116730.0, 70570.0], [116727.5, 7160.0], [116725.0, 47420.0], [116720.0, 17050.0], [116717.5, 44000.0], [116715.0, 1790.0], [116712.5, 2040.0], [116710.0, 3920.0], [116705.0, 12830.0], [116697.5, 590.0], [116695.0, 1960.0], [116685.0, 2070.0], [116682.5, 7340.0], [116667.5, 620.0], [116665.0, 2060.0]], "asks": [[116745.0, 58510.0], [116755.0, 5560.0], [116757.5, 118000.0], [116762.5, 1220.0], [116765.0, 4690.0], [116767.5, 2040.0], [116770.0, 1500.0], [116772.5, 5000.0], [116775.0, 590.0], [116780.0, 1960.0], [116782.5, 40.0], [116790.0, 1180.0], [116792.5, 3920.0], [116797.5, 640.0], [116800.0, 2130.0], [116822.5, 590.0], [116825.0, 1960.0], [116832.5, 4930.0], [116835.0, 17020.0], [116837.5, 1970.0]]}}}
{"jsonrpc": "2.0", "method": "subscription", "params": {"channel": "book.BTC-19SEP25.none.20.100ms", "data": {"timestamp": 1758073597422, "change_id": 117657984523, "instrument_name": "BTC-19SEP25", "bids": [[116742.5, 8390.0], [116740.0, 10960.0], [116737.5, 10600.0], [116735.0, 24990.0], [116732.5, 10600.0], [116730.0, 70570.0], [116727.5, 10760.0], [116725.0, 47420.0], [116720.0, 17050.0], [116717.5, 44000.0], [116715.0, 1790.0], [116712.5, 2040.0], [116710.0, 3920.0], [116705.0, 12830.0], [116697.5, 590.0], [116695.0, 1960.0], [116685.0, 2070.0], [116682.5, 7340.0], [116667.5, 620.0], [116665.0, 2060.0]], "asks": [[116745.0, 58510.0], [116755.0, 5560.0], [116757.5, 118000.0], [116762.5, 1220.0], [116765.0, 4690.0], [116767.5, 2040.0], [116770.0, 1500.0], [116772.5, 5000.0], [116775.0, 590.0], [116780.0, 1960.0], [116782.5, 40.0], [116790.0, 1180.0], [116792.5, 3920.0], [116797.5, 640.0], [116800.0, 2130.0], [116822.5, 590.0], [116825.0, 1960.0], [116832.5, 4930.0], [116835.0, 17020.0], [116837.5, 1970.0]]}}}
{"jsonrpc": "2.0", "method": "subscription", "params": {"channel": "book.BTC-19SEP25.none.20.100ms", "data": {"timestamp": 1758073597960, "change_id": 117657984955, "instrument_name": "BTC-19SEP25", "bids": [[116742.5, 10360.0], [116740.0, 10960.0], [116737.5, 10600.0], [116735.0, 24990.0], [116732.5, 10600.0], [116730.0, 70570.0], [116727.5, 10760.0], [116725.0, 47420.0], [116720.0, 17050.0], [116717.5, 44000.0], [116715.0, 1790.0], [116712.5, 2040.0], [116710.0, 3920.0], [116705.0, 12830.0], [116697.5, 590.0], [116695.0, 1960.0], [116685.0, 2070.0], [116682.5, 7340.0], [116667.5, 620.0], [116665.0, 2060.0]], "asks": [[116745.0, 58510.0], [116755.0, 5560.0], [116757.5, 118000.0], [116762.5, 1220.0], [116765.0, 4690.0], [116767.5, 2040.0], [116770.0, 1500.0], [116772.5, 5000.0], [116775.0, 590.0], [116780.0, 1960.0], [116782.5, 40.0], [116790.0, 1180.0], [116792.5, 3920.0], [116797.5, 640.0], [116800.0, 2130.0], [116822.5, 590.0], [116825.0, 1960.0], [116832.5, 4930.0], [116835.0, 17020.0], [116837.5, 1970.0]]}}}
{"jsonrpc": "2.0", "method": "subscription", "params": {"channel": "book.BTC-19SEP25.none.20.100ms", "data": {"timestamp": 1758073598298, "change_id": 117657985505, "instrument_name": "BTC-19SEP25", "bids": [[116742.5, 18990.0], [116740.0, 10960.0], [116737.5, 10600.0], [116735.0, 24990.0], [116732.5, 10600.0], [116730.0, 63870.0], [116727.5, 10760.0], [116725.0, 47420.0], [116720.0, 17050.0], [116717.5, 44000.0], [116715.0, 1790.0], [116712.5, 2040.0], [116710.0, 3920.0], [116705.0, 12830.0], [116697.5, 590.0], [116695.0, 1960.0], [116685.0, 2070.0], [116682.5, 7340.0], [116667.5, 620.0], [116665.0, 2060.0]], "asks": [[116745.0, 58510.0], [116755.0, 5560.0], [116757.5, 118000.0], [116762.5, 1220.0], [116765.0, 4690.0], [116767.5, 2040.0], [116770.0, 1500.0], [116772.5, 5000.0], [116775.0, 590.0], [116780.0, 1960.0], [116782.5, 40.0], [116790.0, 1180.0], [116792.5, 3920.0], [116797.5, 640.0], [116800.0, 2130.0], [116822.5, 590.0], [116825.0, 1960.0], [116832.5, 4930.0], [116835.0, 17020.0], [116837.5, 1970.0]]}}}
{"jsonrpc": "2.0", "method": "subscription", "params": {"channel": "book.BTC-19SEP25.none.20.100ms", "data": {"timestamp": 1758073598500, "change_id": 117657985566, "instrument_name": "BTC-19SEP25", "bids": [[116742.5, 20960.0], [116740.0, 10960.0], [116737.5, 10600.0], [116735.0, 24990.0], [116732.5, 10600.0], [116730.0, 63870.0], [116727.5, 10760.0], [116725.0, 47420.0], [116720.0, 17050.0], [116717.5, 44000.0], [116715.0, 1790.0], [116712.5, 2040.0], [116710.0, 3920.0], [116705.0, 12830.0], [116697.5, 590.0], [116695.0, 1960.0], [116685.0, 2070.0], [116682.5, 7340.0], [116667.5, 620.0], [116665.0, 2060.0]], "asks": [[116745.0, 58510.0], [116755.0, 5560.0], [116757.5, 118000.0], [116762.5, 1220.0], [116765.0, 4690.0], [116767.5, 2040.0], [116770.0, 1500.0], [116772.5, 5000.0], [116775.0, 590.0], [116780.0, 1960.0], [116782.5, 40.0], [116790.0, 1180.0], [116792.5, 3920.0], [116797.5, 640.0], [116800.0, 2130.0], [116822.5, 590.0], [116825.0, 1960.0], [116832.5, 4930.0], [116835.0, 17020.0], [116837.5, 1970.0]]}}}
{"jsonrpc": "2.0", "method": "subscription", "params": {"channel": "book.BTC-19SEP25.none.20.100ms", "data": {"timestamp": 1758073598936, "change_id": 117657985934, "instrument_name": "BTC-19SEP25", "bids": [[116742.5, 20960.0], [116740.0, 10960.0], [116737.5, 10600.0], [116735.0, 24990.0], [116732.5, 10600.0], [116730.0, 63870.0], [116727.5, 10760.0], [116725.0, 47420.0], [116720.0, 17050.0], [116717.5, 44000.0], [116715.0, 1790.0], [116712.5, 2040.0], [116710.0, 3920.0], [116707.5, 12830.0], [116697.5, 590.0], [116695.0, 1960.0], [116685.0, 2070.0], [116682.5, 7340.0], [116667.5, 620.0], [116665.0, 2060.0]], "asks": [[116745.0, 58510.0], [116755.0, 5560.0], [116757.5, 118000.0], [116762.5, 1220.0], [116765.0, 4690.0], [116767.5, 2040.0], [116770.0, 1500.0], [116772.5, 5000.0], [116775.0, 590.0], [116780.0, 1960.0], [116782.5, 40.0], [116790.0, 1180.0], [116792.5, 3920.0], [116797.5, 640.0], [116800.0, 2130.0], [116822.5, 590.0], [116825.0, 1960.0], [116832.5, 4930.0], [116835.0, 17020.0], [116837.5, 1970.0]]}}}
{"jsonrpc": "2.0", "method": "subscription", "params": {"channel": "book.BTC-19SEP25.none.20.100ms", "data": {"timestamp": 1758073599461, "change_id": 117657986493, "instrument_name": "BTC-19SEP25", "bids": [[116742.5, 18990.0], [116740.0, 10960.0], [116737.5, 10600.0], [116735.0, 24990.0], [116732.5, 10600.0], [116730.0, 63870.0], [116727.5, 10760.0], [116725.0, 47420.0], [116720.0, 17050.0], [116717.5, 44000.0], [116715.0, 1790.0], [116712.5, 2040.0], [116710.0, 3920.0], [116707.5, 12830.0], [116697.5, 590.0], [116695.0, 1960.0], [116685.0, 2070.0], [116682.5, 7340.0], [116667.5, 620.0], [116665.0, 2060.0]], "asks": [[116745.0, 58510.0], [116755.0, 5560.0], [116757.5, 118000.0], [116762.5, 1220.0], [116765.0, 4690.0], [116767.5, 2040.0], [116770.0, 1500.0], [116772.5, 5000.0], [116775.0, 590.0], [116780.0, 1960.0], [116782.5, 40.0], [116790.0, 1180.0], [116792.5, 3920.0], [116797.5, 640.0], [116800.0, 2130.0], [116822.5, 590.0], [116825.0, 1960.0], [116832.5, 4930.0], [116835.0, 17020.0], [116837.5, 1970.0]]}}}
{"jsonrpc": "2.0", "method": "subscription", "params": {"channel": "book.BTC-19SEP25.none.20.100ms", "data": {"timestamp": 1758073600029, "change_id": 117657987035, "instrument_name": "BTC-19SEP25", "bids": [[116742.5, 21000.0], [116740.0, 10960.0], [116737.5, 10600.0], [116735.0, 24990.0], [116732.5, 10600.0], [116730.0, 63870.0], [116727.5, 10760.0], [116725.0, 47420.0], [116720.0, 17050.0], [116717.5, 44000.0], [116715.0, 1790.0], [116712.5, 2040.0], [116710.0, 3920.0], [116707.5, 12830.0], [116697.5, 590.0], [116695.0, 1960.0], [116685.0, 2070.0], [116682.5, 7340.0], [116667.5, 620.0], [116665.0, 2060.0]], "asks": [[116745.0, 58510.0], [116755.0, 5560.0], [116757.5, 118000.0], [116762.5, 1220.0], [116765.0, 4690.0], [116767.5, 2040.0], [116770.0, 1500.0], [116772.5, 5000.0], [116775.0, 590.0], [116780.0, 1960.0], [116782.5, 40.0], [116790.0, 1180.0], [116792.5, 3920.0], [116797.5, 640.0], [116800.0, 2130.0], [116822.5, 590.0], [116825.0, 1960.0], [116832.5, 4930.0], [116835.0, 17020.0], [116837.5, 1970.0]]}}}
{"jsonrpc": "2.0", "method": "subscription", "params": {"channel": "book.BTC-19SEP25.none.20.100ms", "data": {"timestamp": 1758073600383, "change_id": 117657987408, "instrument_name": "BTC-19SEP25", "bids": [[116742.5, 21000.0], [116740.0, 10960.0], [116737.5, 10600.0], [116735.0, 24990.0], [116732.5, 10600.0], [116730.0, 63870.0], [116727.5, 10760.0], [116725.0, 47420.0], [116720.0, 17050.0], [116717.5, 44000.0], [116715.0, 1790.0], [116712.5, 2040.0], [116710.0, 7770.0], [116707.5, 12830.0], [116697.5, 590.0], [116695.0, 1960.0], [116685.0, 2070.0], [116682.5, 7340.0], [116667.5, 620.0], [116665.0, 2060.0]], "asks": [[116745.0, 58510.0], [116757.5, 118000.0], [116762.5, 1220.0], [116765.0, 4690.0], [116767.5, 2040.0], [116770.0, 1500.0], [116772.5, 5000.0], [116775.0, 590.0], [116780.0, 1960.0], [116782.5, 40.0], [116790.0, 1180.0], [116792.5, 3920.0], [116797.5, 640.0], [116800.0, 2130.0], [116822.5, 590.0], [116825.0, 1960.0], [116832.5, 4930.0], [116835.0, 17020.0], [116837.5, 1970.0], [116852.5, 590.0]]}}}
{"jsonrpc": "2.0", "method": "subscription", "params": {"channel": "book.BTC-19SEP25.none.20.100ms", "data": {"timestamp": 1758073601937, "change_id": 117657988737, "instrument_name": "BTC-19SEP25", "bids": [[116742.5, 21000.0], [116740.0, 10960.0], [116737.5, 10600.0], [116735.0, 24990.0], [116732.5, 10600.0], [116730.0, 63870.0], [116727.5, 10760.0], [116725.0, 47420.0], [116720.0, 17050.0], [116717.5, 44000.0], [116715.0, 1790.0], [116712.5, 2040.0], [116710.0, 16750.0], [116697.5, 590.0], [116695.0, 1960.0], [116685.0, 2070.0], [116682.5, 7340.0], [116667.5, 620.0], [116665.0, 2060.0], [116662.5, 4700.0]], "asks": [[116745.0, 58510.0], [116757.5, 118000.0], [116762.5, 1220.0], [116765.0, 4690.0], [116767.5, 2040.0], [116770.0, 1500.0], [116772.5, 5000.0], [116775.0, 590.0], [116780.0, 1960.0], [116782.5, 40.0], [116790.0, 1180.0], [116792.5, 3920.0], [116797.5, 640.0], [116800.0, 2130.0], [116822.5, 590.0], [116825.0, 1960.0], [116832.5, 4930.0], [116835.0, 17020.0], [116837.5, 1970.0], [116852.5, 590.0]]}}}
{"jsonrpc": "2.0", "method": "subscription", "params": {"channel": "book.BTC-19SEP25.none.20.100ms", "data": {"timestamp": 1758073602288, "change_id": 117657989266, "instrument_name": "BTC-19SEP25", "bids": [[116742.5, 21000.0], [116740.0, 10960.0], [116737.5, 10600.0], [116735.0, 24990.0], [116732.5, 10600.0], [116730.0, 63870.0], [116727.5, 10760.0], [116725.0, 47420.0], [116720.0, 17050.0], [116717.5, 44000.0], [116715.0, 1790.0], [116712.5, 2040.0], [116710.0, 16750.0], [116697.5, 590.0], [116695.0, 1960.0], [116685.0, 2070.0], [116682.5, 7340.0], [116667.5, 620.0], [116665.0, 2060.0], [116662.5, 4700.0]], "asks": [[116745.0, 58510.0], [116757.5, 118000.0], [116762.5, 1220.0], [116765.0, 4690.0], [116767.5, 2040.0], [116770.0, 1500.0], [116772.5, 5000.0], [116775.0, 590.0], [116780.0, 1960.0], [116782.5, 40.0], [116790.0, 1180.0], [116792.5, 3920.0], [116797.5, 640.0], [116800.0, 2130.0], [116822.5, 590.0], [116825.0, 1960.0], [116832.5, 4930.0], [116835.0, 17020.0], [116837.5, 1970.0], [116852.5, 590.0]]}}}
{"jsonrpc": "2.0", "method": "subscription", "params": {"channel": "book.BTC-19SEP25.none.20.100ms", "data": {"timestamp": 1758073603039, "change_id": 117657989844, "instrument_name": "BTC-19SEP25", "bids": [[116742.5, 21000.0], [116740.0, 10960.0], [116737.5, 10600.0], [116735.0, 24990.0], [116732.5, 10600.0], [116730.0, 63870.0], [116727.5, 3760.0], [116725.0, 47420.0], [116720.0, 17050.0], [116717.5, 44000.0], [116712.5, 7070.0], [116710.0, 16750.0], [116697.5, 590.0], [116695.0, 1960.0], [116685.0, 2070.0], [116682.5, 7340.0], [116667.5, 620.0], [116665.0, 2060.0], [116662.5, 4700.0], [116660.0, 15680.0]], "asks": [[116745.0, 58510.0], [116757.5, 118000.0], [116762.5, 1220.0], [116765.0, 4690.0], [116767.5, 2040.0], [116770.0, 1500.0], [116772.5, 5000.0], [116775.0, 590.0], [116780.0, 1960.0], [116782.5, 40.0], [116790.0, 1180.0], [116792.5, 3920.0], [116797.5, 640.0], [116800.0, 2130.0], [116822.5, 590.0], [116825.0, 1960.0], [116832.5, 4930.0], [116835.0, 17020.0], [116837.5, 1970.0], [116852.5, 590.0]]}}}
{"jsonrpc": "2.0", "method": "subscription", "params": {"channel": "book.BTC-19SEP25.none.20.100ms", "data": {"timestamp": 1758073603425, "change_id": 117657990485, "instrument_name": "BTC-19SEP25", "bids": [[116742.5, 21000.0], [116740.0, 10960.0], [116737.5, 10600.0], [116735.0, 24990.0], [116732.5, 10600.0], [116730.0, 80570.0], [116727.5, 44160.0], [116725.0, 47420.0], [116712.5, 7070.0], [116710.0, 16750.0], [116697.5, 590.0], [116695.0, 1960.0], [116685.0, 2070.0], [116682.5, 7340.0], [116667.5, 620.0], [116665.0, 2060.0], [116662.5, 4700.0], [116660.0, 15680.0], [116655.0, 590.0], [116652.5, 1960.0]], "asks": [[116745.0, 54590.0], [116747.5, 3920.0], [116757.5, 118000.0], [116765.0, 4690.0], [116767.5, 2040.0], [116775.0, 590.0], [116780.0, 1960.0], [116782.5, 1540.0], [116785.0, 5000.0], [116792.5, 3920.0], [116797.5, 640.0], [116800.0, 2130.0], [116822.5, 590.0], [116825.0, 1960.0], [116832.5, 4930.0], [116835.0, 17020.0], [116837.5, 1970.0], [116852.5, 590.0], [116855.0, 1960.0], [116862.5, 7290.0]]}}}
{"jsonrpc": "2.0", "method": "subscription", "params": {"channel": "book.BTC-19SEP25.none.20.100ms", "data": {"timestamp": 1758073603739, "change_id": 117657990813, "instrument_name": "BTC-19SEP25", "bids": [[116742.5, 17080.0], [116740.0, 10960.0], [116737.5, 10600.0], [116735.0, 24990.0], [116732.5, 10600.0], [116730.0, 80570.0], [116727.5, 44160.0], [116725.0, 47420.0], [116712.5, 7070.0], [116710.0, 12830.0], [116697.5, 590.0], [116695.0, 1960.0], [116685.0, 1030.0], [116682.5, 3420.0], [116667.5, 620.0], [116665.0, 2060.0], [116662.5, 4700.0], [116660.0, 15680.0], [116655.0, 590.0], [116652.5, 1960.0]], "asks": [[116745.0, 54590.0], [116757.5, 118000.0], [116765.0, 770.0], [116767.5, 2040.0], [116775.0, 590.0], [116780.0, 1960.0], [116782.5, 1540.0], [116785.0, 5000.0], [116797.5, 640.0], [116800.0, 2130.0], [116822.5, 590.0], [116825.0, 1960.0], [116832.5, 4930.0], [116835.0, 17020.0], [116837.5, 1970.0], [116852.5, 590.0], [116855.0, 1960.0], [116862.5, 7290.0], [116865.0, 24300.0], [116872.5, 14180.0]]}}}
{"jsonrpc": "2.0", "method": "subscription", "params": {"channel": "book.BTC-19SEP25.none.20.100ms", "data": {"timestamp": 1758073603892, "change_id": 117657990991, "instrument_name": "BTC-19SEP25", "bids": [[116742.5, 17080.0], [116740.0, 14820.0], [116737.5, 10600.0], [116735.0, 24990.0], [116732.5, 10600.0], [116730.0, 80570.0], [116727.5, 44160.0], [116725.0, 47420.0], [116722.5, 1160.0], [116720.0, 3860.0], [116712.5, 7070.0], [116710.0, 12830.0], [116697.5, 590.0], [116695.0, 1960.0], [116685.0, 1030.0], [116682.5, 3420.0], [116667.5, 620.0], [116665.0, 2060.0], [116662.5, 4700.0], [116660.0, 15680.0]], "asks": [[116745.0, 54590.0], [116757.5, 121860.0], [116765.0, 770.0], [116767.5, 2040.0], [116775.0, 590.0], [116780.0, 1960.0], [116782.5, 1540.0], [116785.0, 5000.0], [116797.5, 640.0], [116800.0, 5990.0], [116822.5, 590.0], [116825.0, 1960.0], [116832.5, 4930.0], [116835.0, 17020.0], [116837.5, 1970.0], [116852.5, 590.0], [116855.0, 1960.0], [116862.5, 7290.0], [116865.0, 24300.0], [116872.5, 14180.0]]}}}
{"jsonrpc": "2.0", "method": "subscription", "params": {"channel": "book.BTC-19SEP25.none.20.100ms", "data": {"timestamp": 1758073604431, "change_id": 117657991620, "instrument_name": "BTC-19SEP25", "bids": [[116742.5, 17080.0], [116740.0, 22630.0], [116737.5, 10600.0], [116735.0, 14400.0], [116732.5, 10600.0], [116730.0, 80570.0], [116727.5, 44160.0], [116725.0, 47420.0], [116722.5, 1160.0], [116720.0, 3860.0], [116712.5, 7070.0], [116710.0, 12830.0], [116697.5, 590.0], [116695.0, 1960.0], [116685.0, 1030.0], [116682.5, 3420.0], [116667.5, 620.0], [116665.0, 2060.0], [116662.5, 4700.0], [116660.0, 15680.0]], "asks": [[116745.0, 44000.0], [116757.5, 121860.0], [116765.0, 770.0], [116767.5, 2040.0], [116775.0, 590.0], [116780.0, 1960.0], [116782.5, 1540.0], [116785.0, 5000.0], [116797.5, 1720.0], [116800.0, 5990.0], [116822.5, 590.0], [116825.0, 1960.0], [116832.5, 4930.0], [116835.0, 17020.0], [116837.5, 1970.0], [116852.5, 590.0], [116855.0, 1960.0], [116862.5, 7290.0], [116865.0, 24300.0], [116872.5, 14180.0]]}}}
{"jsonrpc": "2.0", "method": "subscription", "params": {"channel": "book.BTC-19SEP25.none.20.100ms", "data": {"timestamp": 1758073604525, "change_id": 117657991661, "instrument_name": "BTC-19SEP25", "bids": [[116742.5, 17080.0], [116740.0, 22630.0], [116737.5, 10600.0], [116735.0, 14400.0], [116732.5, 10600.0], [116730.0, 87570.0], [116727.5, 44160.0], [116725.0, 47420.0], [116722.5, 1160.0], [116720.0, 3860.0], [116712.5, 7070.0], [116710.0, 12830.0], [116697.5, 590.0], [116695.0, 1960.0], [116685.0, 1030.0], [116682.5, 3420.0], [116667.5, 620.0], [116665.0, 2060.0], [116662.5, 4700.0], [116660.0, 15680.0]], "asks": [[116745.0, 44000.0], [116750.0, 10590.0], [116757.5, 121860.0], [116765.0, 770.0], [116767.5, 2040.0], [116775.0, 590.0], [116780.0, 1960.0], [116782.5, 1540.0], [116785.0, 5000.0], [116797.5, 1720.0], [116800.0, 5990.0], [116822.5, 590.0], [116825.0, 1960.0], [116832.5, 4930.0], [116835.0, 17020.0], [116837.5, 1970.0], [116852.5, 590.0], [116855.0, 1960.0], [116862.5, 7290.0], [116865.0, 24300.0]]}}}
{"jsonrpc": "2.0", "method": "subscription", "params": {"channel": "book.BTC-19SEP25.none.20.100ms", "data": {"timestamp": 1758073604939, "change_id": 117657991975, "instrument_name": "BTC-19SEP25", "bids": [[116742.5, 17080.0], [116740.0, 22630.0], [116737.5, 10600.0], [116735.0, 14400.0], [116732.5, 10600.0], [116730.0, 87570.0], [116727.5, 44160.0], [116725.0, 47420.0], [116722.5, 1160.0], [116720.0, 3860.0], [116715.0, 610.0], [116712.5, 2040.0], [116700.0, 12830.0], [116697.5, 590.0], [116695.0, 1960.0], [116685.0, 1030.0], [116682.5, 3420.0], [116667.5, 620.0], [116665.0, 2060.0], [116662.5, 4700.0]], "asks": [[116745.0, 44000.0], [116750.0, 10590.0], [116757.5, 121860.0], [116765.0, 770.0], [116767.5, 2040.0], [116775.0, 590.0], [116780.0, 1960.0], [116782.5, 1540.0], [116785.0, 5000.0], [116797.5, 1720.0], [116800.0, 5990.0], [116822.5, 590.0], [116825.0, 1960.0], [116832.5, 4930.0], [116835.0, 17020.0], [116837.5, 1970.0], [116852.5, 590.0], [116855.0, 1960.0], [116862.5, 7290.0], [116865.0, 24300.0]]}}}
{"jsonrpc": "2.0", "method": "subscription", "params": {"channel": "book.BTC-19SEP25.none.20.100ms", "data": {"timestamp": 1758073606982, "change_id": 117657993752, "instrument_name": "BTC-19SEP25", "bids": [[116742.5, 17080.0], [116740.0, 22630.0], [116737.5, 10600.0], [116735.0, 14400.0], [116732.5, 10600.0], [116730.0, 87570.0], [116727.5, 44160.0], [116725.0, 47420.0], [116722.5, 1160.0], [116720.0, 3860.0], [116715.0, 610.0], [116712.5, 2040.0], [116702.5, 3850.0], [116700.0, 12830.0], [116697.5, 590.0], [116695.0, 1960.0], [116685.0, 1030.0], [116682.5, 3420.0], [116667.5, 620.0], [116665.0, 2060.0]], "asks": [[116745.0, 44000.0], [116750.0, 10590.0], [116757.5, 121860.0], [116765.0, 770.0], [116767.5, 2040.0], [116775.0, 590.0], [116780.0, 1960.0], [116782.5, 1540.0], [116785.0, 5000.0], [116797.5, 1720.0], [116800.0, 5990.0], [116822.5, 590.0], [116825.0, 1960.0], [116832.5, 4930.0], [116835.0, 17020.0], [116837.5, 1970.0], [116852.5, 590.0], [116855.0, 1960.0], [116862.5, 7290.0], [116865.0, 24300.0]]}}}
{"jsonrpc": "2.0", "method": "subscription", "params": {"channel": "book.BTC-19SEP25.none.20.100ms", "data": {"timestamp": 1758073607416, "change_id": 117657994292, "instrument_name": "BTC-19SEP25", "bids": [[116742.5, 20940.0], [116740.0, 18770.0], [116737.5, 10600.0], [116735.0, 14400.0], [116732.5, 10600.0], [116730.0, 87570.0], [116727.5, 44160.0], [116725.0, 47420.0], [116722.5, 1160.0], [116720.0, 3860.0], [116715.0, 610.0], [116712.5, 2040.0], [116702.5, 3850.0], [116700.0, 12830.0], [116697.5, 590.0], [116695.0, 1960.0], [116685.0, 1030.0], [116682.5, 3420.0], [116667.5, 620.0], [116665.0, 2060.0]], "asks": [[116745.0, 44000.0], [116750.0, 10590.0], [116757.5, 121860.0], [116765.0, 770.0], [116767.5, 2040.0], [116775.0, 590.0], [116780.0, 1960.0], [116782.5, 1540.0], [116785.0, 5000.0], [116797.5, 1720.0], [116800.0, 5990.0], [116822.5, 590.0], [116825.0, 1960.0], [116832.5, 4930.0], [116835.0, 17020.0], [116837.5, 1970.0], [116852.5, 590.0], [116855.0, 1960.0], [116862.5, 7290.0], [116865.0, 24300.0]]}}}
{"jsonrpc": "2.0", "method": "subscription", "params": {"channel": "book.BTC-19SEP25.none.20.100ms", "data": {"timestamp": 1758073607419, "change_id": 117657994294, "instrument_name": "BTC-19SEP25", "bids": [[116742.5, 20940.0], [116740.0, 18770.0], [116737.5, 10600.0], [116735.0, 14400.0], [116732.5, 10600.0], [116730.0, 87570.0], [116727.5, 44160.0], [116725.0, 47420.0], [116722.5, 1160.0], [116720.0, 3860.0], [116715.0, 610.0], [116712.5, 2040.0], [116702.5, 3850.0], [116700.0, 12830.0], [116697.5, 590.0], [116695.0, 1960.0], [116685.0, 1030.0], [116682.5, 3420.0], [116667.5, 620.0], [116665.0, 2060.0]], "asks": [[116745.0, 44000.0], [116750.0, 10590.0], [116757.5, 121860.0], [116765.0, 770.0], [116767.5, 2040.0], [116775.0, 590.0], [116780.0, 1960.0], [116782.5, 1540.0], [116785.0, 5000.0], [116797.5, 1720.0], [116800.0, 5990.0], [116822.5, 590.0], [116825.0, 1960.0], [116832.5, 4930.0], [116835.0, 17020.0], [116837.5, 1970.0], [116852.5, 590.0], [116855.0, 1960.0], [116862.5, 7290.0], [116865.0, 24300.0]]}}}
{"jsonrpc": "2.0", "method": "subscription", "params": {"channel": "book.BTC-19SEP25.none.20.100ms", "data": {"timestamp": 1758073607940, "change_id": 117657994619, "instrument_name": "BTC-19SEP25", "bids": [[116742.5, 20940.0], [116740.0, 18770.0], [116737.5, 10600.0], [116735.0, 14400.0], [116732.5, 10600.0], [116730.0, 87570.0], [116727.5, 44160.0], [116725.0, 47420.0], [116722.5, 1160.0], [116720.0, 3860.0], [116715.0, 610.0], [116712.5, 2040.0], [116705.0, 12830.0], [116697.5, 590.0], [116695.0, 1960.0], [116685.0, 1030.0], [116682.5, 3420.0], [116667.5, 620.0], [116665.0, 2060.0], [116662.5, 4700.0]], "asks": [[116745.0, 44000.0], [116750.0, 10590.0], [116757.5, 121860.0], [116765.0, 770.0], [116767.5, 2040.0], [116775.0, 590.0], [116780.0, 1960.0], [116782.5, 1540.0], [116785.0, 5000.0], [116797.5, 1720.0], [116800.0, 5990.0], [116822.5, 590.0], [116825.0, 1960.0], [116832.5, 4930.0], [116835.0, 17020.0], [116837.5, 1970.0], [116852.5, 590.0], [116855.0, 1960.0], [116862.5, 7290.0], [116865.0, 24300.0]]}}}
{"jsonrpc": "2.0", "method": "subscription", "params": {"channel": "book.BTC-19SEP25.none.20.100ms", "data": {"timestamp": 1758073609063, "change_id": 117657996131, "instrument_name": "BTC-19SEP25", "bids": [[116755.0, 10810.0], [116752.5, 7760.0], [116750.0, 3860.0], [116745.0, 7370.0], [116742.5, 12000.0], [116740.0, 15760.0], [116737.5, 10600.0], [116735.0, 14400.0], [116732.5, 10600.0], [116730.0, 87570.0], [116727.5, 44160.0], [116725.0, 47420.0], [116722.5, 1160.0], [116720.0, 3860.0], [116715.0, 610.0], [116712.5, 2040.0], [116707.5, 3850.0], [116705.0, 12830.0], [116697.5, 590.0], [116695.0, 1960.0]], "asks": [[116757.5, 162000.0], [116765.0, 610.0], [116767.5, 2040.0], [116770.0, 3860.0], [116775.0, 590.0], [116780.0, 1960.0], [116782.5, 40.0], [116785.0, 160.0], [116792.5, 1500.0], [116795.0, 5000.0], [116797.5, 1720.0], [116800.0, 5990.0], [116822.5, 590.0], [116825.0, 1960.0], [116830.0, 4880.0], [116832.5, 16250.0], [116835.0, 590.0], [116837.5, 1970.0], [116852.5, 590.0], [116855.0, 1960.0]]}}}
{"jsonrpc": "2.0", "method": "subscription", "params": {"channel": "book.BTC-19SEP25.none.20.100ms", "data": {"timestamp": 1758073609362, "change_id": 117657996664, "instrument_name": "BTC-19SEP25", "bids": [[116755.0, 10810.0], [116752.5, 7760.0], [116750.0, 3860.0], [116747.5, 3180.0], [116745.0, 14840.0], [116742.5, 12000.0], [116740.0, 5330.0], [116737.5, 10600.0], [116735.0, 14400.0], [116732.5, 10600.0], [116730.0, 61000.0], [116727.5, 44000.0], [116725.0, 6250.0], [116722.5, 1160.0], [116720.0, 3860.0], [116715.0, 610.0], [116712.5, 2040.0], [116707.5, 3850.0], [116705.0, 12830.0], [116697.5, 590.0]], "asks": [[116757.5, 183190.0], [116767.5, 2040.0], [116770.0, 3860.0], [116772.5, 10600.0], [116775.0, 3690.0], [116780.0, 12560.0], [116782.5, 40.0], [116785.0, 160.0], [116797.5, 6720.0], [116800.0, 5990.0], [116822.5, 590.0], [116825.0, 1960.0], [116830.0, 4880.0], [116832.5, 16250.0], [116835.0, 590.0], [116837.5, 1970.0], [116852.5, 590.0], [116855.0, 1960.0], [116862.5, 7290.0], [116865.0, 24300.0]]}}}
{"jsonrpc": "2.0", "method": "subscription", "params": {"channel": "book.BTC-19SEP25.none.20.100ms", "data": {"timestamp": 1758073609626, "change_id": 117657996829, "instrument_name": "BTC-19SEP25", "bids": [[116755.0, 10810.0], [116752.5, 7760.0], [116750.0, 3860.0], [116747.5, 3180.0], [116745.0, 14840.0], [116742.5, 12000.0], [116740.0, 39600.0], [116737.5, 126170.0], [116735.0, 14400.0], [116732.5, 10600.0], [116730.0, 61000.0], [116727.5, 44000.0], [116725.0, 6250.0], [116722.5, 1160.0], [116720.0, 3860.0], [116715.0, 610.0], [116712.5, 2040.0], [116707.5, 3850.0], [116705.0, 12830.0], [116697.5, 590.0]], "asks": [[116757.5, 183190.0], [116767.5, 2040.0], [116770.0, 3860.0], [116772.5, 10600.0], [116775.0, 3690.0], [116780.0, 12560.0], [116782.5, 40.0], [116785.0, 160.0], [116790.0, 5000.0], [116797.5, 1720.0], [116800.0, 5990.0], [116822.5, 590.0], [116825.0, 1960.0], [116830.0, 4880.0], [116832.5, 16250.0], [116835.0, 590.0], [116837.5, 1970.0], [116852.5, 590.0], [116855.0, 1960.0], [116862.5, 7290.0]]}}}
{"jsonrpc": "2.0", "method": "subscription", "params": {"channel": "book.BTC-19SEP25.none.20.100ms", "data": {"timestamp": 1758073610372, "change_id": 117657997720, "instrument_name": "BTC-19SEP25", "bids": [[116755.0, 10810.0], [116752.5, 7760.0], [116750.0, 3860.0], [116747.5, 3180.0], [116745.0, 14840.0], [116742.5, 12000.0], [116740.0, 39600.0], [116737.5, 126170.0], [116735.0, 14400.0], [116732.5, 10600.0], [116730.0, 55000.0], [116727.5, 44000.0], [116725.0, 6250.0], [116722.5, 1160.0], [116720.0, 3860.0], [116715.0, 610.0], [116712.5, 2040.0], [116707.5, 3850.0], [116705.0, 12830.0], [116697.5, 590.0]], "asks": [[116757.5, 183190.0], [116767.5, 12640.0], [116770.0, 3860.0], [116772.5, 10600.0], [116775.0, 3690.0], [116780.0, 12560.0], [116782.5, 40.0], [116785.0, 160.0], [116787.5, 1500.0], [116790.0, 5000.0], [116797.5, 1720.0], [116800.0, 5990.0], [116822.5, 590.0], [116825.0, 1960.0], [116830.0, 4880.0], [116832.5, 16250.0], [116835.0, 590.0], [116837.5, 1970.0], [116852.5, 590.0], [116855.0, 1960.0]]}}}
{"jsonrpc": "2.0", "method": "subscription", "params": {"channel": "book.BTC-19SEP25.none.20.100ms", "data": {"timestamp": 1758073610695, "change_id": 117657997892, "instrument_name": "BTC-19SEP25", "bids": [[116755.0, 10810.0], [116752.5, 7760.0], [116750.0, 8840.0], [116747.5, 6000.0], [116745.0, 14840.0], [116742.5, 12000.0], [116740.0, 39600.0], [116737.5, 126170.0], [116735.0, 14400.0], [116732.5, 10600.0], [116730.0, 55000.0], [116727.5, 44000.0], [116725.0, 6250.0], [116722.5, 1160.0], [116720.0, 3860.0], [116715.0, 610.0], [116712.5, 2040.0], [116707.5, 3850.0], [116705.0, 12830.0], [116697.5, 590.0]], "asks": [[116757.5, 183190.0], [116765.0, 2000.0], [116767.5, 12640.0], [116770.0, 3860.0], [116772.5, 10600.0], [116775.0, 3690.0], [116780.0, 12560.0], [116782.5, 40.0], [116785.0, 160.0], [116787.5, 1500.0], [116790.0, 5000.0], [116797.5, 1720.0], [116800.0, 5990.0], [116822.5, 590.0], [116825.0, 1960.0], [116830.0, 4880.0], [116832.5, 16250.0], [116835.0, 590.0], [116837.5, 1970.0], [116852.5, 590.0]]}}}
{"jsonrpc": "2.0", "method": "subscription", "params": {"channel": "book.BTC-19SEP25.none.20.100ms", "data": {"timestamp": 1758073610945, "change_id": 117657998095, "instrument_name": "BTC-19SEP25", "bids": [[116755.0, 10810.0], [116752.5, 7760.0], [116750.0, 8840.0], [116747.5, 6000.0], [116745.0, 14840.0], [116742.5, 12000.0], [116740.0, 39600.0], [116737.5, 126170.0], [116735.0, 14400.0], [116732.5, 10600.0], [116730.0, 55000.0], [116727.5, 44000.0], [116725.0, 6250.0], [116722.5, 1160.0], [116720.0, 3860.0], [116715.0, 13440.0], [116712.5, 2040.0], [116697.5, 590.0], [116695.0, 1960.0], [116685.0, 1030.0]], "asks": [[116757.5, 183190.0], [116765.0, 2000.0], [116767.5, 12640.0], [116770.0, 3860.0], [116772.5, 10600.0], [116775.0, 3690.0], [116780.0, 12560.0], [116782.5, 40.0], [116785.0, 160.0], [116787.5, 1500.0], [116790.0, 5000.0], [116797.5, 1720.0], [116800.0, 5990.0], [116822.5, 590.0], [116825.0, 1960.0], [116830.0, 4880.0], [116832.5, 16250.0], [116835.0, 590.0], [116837.5, 1970.0], [116852.5, 590.0]]}}}
{"jsonrpc": "2.0", "method": "subscription", "params": {"channel": "book.BTC-19SEP25.none.20.100ms", "data": {"timestamp": 1758073611377, "change_id": 117657998710, "instrument_name": "BTC-19SEP25", "bids": [[116755.0, 10810.0], [116752.5, 7760.0], [116750.0, 8840.0], [116747.5, 6000.0], [116745.0, 14840.0], [116742.5, 12000.0], [116740.0, 39600.0], [116737.5, 126170.0], [116735.0, 14400.0], [116732.5, 10600.0], [116730.0, 55000.0], [116727.5, 44000.0], [116725.0, 6250.0], [116722.5, 1160.0], [116720.0, 3860.0], [116715.0, 13440.0], [116712.5, 2040.0], [116697.5, 590.0], [116695.0, 1960.0], [116685.0, 1030.0]], "asks": [[116757.5, 172590.0], [116765.0, 2000.0], [116767.5, 12640.0], [116770.0, 3860.0], [116772.5, 10600.0], [116775.0, 3690.0], [116780.0, 12560.0], [116782.5, 40.0], [116785.0, 160.0], [116787.5, 1500.0], [116790.0, 5000.0], [116797.5, 1720.0], [116800.0, 5990.0], [116822.5, 590.0], [116825.0, 1960.0], [116830.0, 4880.0], [116832.5, 16250.0], [116835.0, 590.0], [116837.5, 1970.0], [116852.5, 590.0]]}}}
{"jsonrpc": "2.0", "method": "subscription", "params": {"channel": "book.BTC-19SEP25.none.20.100ms", "data": {"timestamp": 1758073611549, "change_id": 117657998746, "instrument_name": "BTC-19SEP25", "bids": [[116755.0, 10810.0], [116752.5, 7760.0], [116750.0, 8840.0], [116747.5, 6000.0], [116745.0, 14840.0], [116742.5, 12000.0], [116740.0, 39600.0], [116737.5, 133170.0], [116735.0, 14400.0], [116732.5, 10600.0], [116730.0, 48000.0], [116727.5, 44000.0], [116725.0, 6250.0], [116722.5, 1160.0], [116720.0, 3860.0], [116715.0, 13440.0], [116712.5, 2040.0], [116697.5, 590.0], [116695.0, 1960.0], [116685.0, 1030.0]], "asks": [[116757.5, 172590.0], [116765.0, 2000.0], [116767.5, 12640.0], [116770.0, 3860.0], [116772.5, 10600.0], [116775.0, 3690.0], [116780.0, 12560.0], [116782.5, 40.0], [116785.0, 160.0], [116787.5, 1500.0], [116790.0, 5000.0], [116797.5, 1720.0], [116800.0, 5990.0], [116822.5, 590.0], [116825.0, 1960.0], [116830.0, 4880.0], [116832.5, 16250.0], [116835.0, 590.0], [116837.5, 1970.0], [116852.5, 590.0]]}}}
{"jsonrpc": "2.0", "method": "subscription", "params": {"channel": "book.BTC-19SEP25.none.20.100ms", "data": {"timestamp": 1758073611781, "change_id": 117657999009, "instrument_name": "BTC-19SEP25", "bids": [[116755.0, 10810.0], [116752.5, 7760.0], [116750.0, 8840.0], [116747.5, 6000.0], [116745.0, 14840.0], [116742.5, 12000.0], [116740.0, 39600.0], [116737.5, 133170.0], [116735.0, 14400.0], [116732.5, 10600.0], [116730.0, 48000.0], [116727.5, 44000.0], [116725.0, 6250.0], [116722.5, 1160.0], [116720.0, 3860.0], [116715.0, 13440.0], [116712.5, 2040.0], [116697.5, 590.0], [116695.0, 1960.0], [116685.0, 1030.0]], "asks": [[116757.5, 124590.0], [116765.0, 50000.0], [116767.5, 12640.0], [116770.0, 3860.0], [116772.5, 10600.0], [116775.0, 3690.0], [116780.0, 12560.0], [116782.5, 40.0], [116785.0, 160.0], [116787.5, 1500.0], [116790.0, 5000.0], [116797.5, 1720.0], [116800.0, 5990.0], [116822.5, 590.0], [116825.0, 1960.0], [116830.0, 4880.0], [116832.5, 16250.0], [116835.0, 590.0], [116837.5, 1970.0], [116852.5, 590.0]]}}}
{"jsonrpc": "2.0", "method": "subscription", "params": {"channel": "book.BTC-19SEP25.none.20.100ms", "data": {"timestamp": 1758073612296, "change_id": 117657999814, "instrument_name": "BTC-19SEP25", "bids": [[116755.0, 8820.0], [116752.5, 7760.0], [116750.0, 5660.0], [116747.5, 6000.0], [116745.0, 4250.0], [116742.5, 12000.0], [116740.0, 39600.0], [116737.5, 181170.0], [116727.5, 44000.0], [116725.0, 6250.0], [116722.5, 1160.0], [116720.0, 3860.0], [116717.5, 3850.0], [116715.0, 13440.0], [116712.5, 2040.0], [116697.5, 590.0], [116695.0, 1960.0], [116685.0, 1030.0], [116682.5, 3420.0], [116667.5, 620.0]], "asks": [[116757.5, 135190.0], [116765.0, 50000.0], [116767.5, 12640.0], [116770.0, 7040.0], [116772.5, 10600.0], [116775.0, 3690.0], [116780.0, 12560.0], [116782.5, 40.0], [116785.0, 160.0], [116787.5, 1500.0], [116790.0, 5000.0], [116797.5, 1720.0], [116800.0, 5990.0], [116822.5, 590.0], [116825.0, 1960.0], [116830.0, 4880.0], [116832.5, 16250.0], [116835.0, 590.0], [116837.5, 1970.0], [116852.5, 590.0]]}}}
{"jsonrpc": "2.0", "method": "subscription", "params": {"channel": "book.BTC-19SEP25.none.20.100ms", "data": {"timestamp": 1758073612607, "change_id": 117658000060, "instrument_name": "BTC-19SEP25", "bids": [[116755.0, 8820.0], [116752.5, 7760.0], [116750.0, 5660.0], [116747.5, 6000.0], [116745.0, 4250.0], [116742.5, 12000.0], [116740.0, 39600.0], [116737.5, 181170.0], [116727.5, 44000.0], [116725.0, 6250.0], [116722.5, 1160.0], [116720.0, 3860.0], [116717.5, 3850.0], [116715.0, 13440.0], [116712.5, 2040.0], [116697.5, 590.0], [116695.0, 1960.0], [116685.0, 1030.0], [116682.5, 3420.0], [116667.5, 620.0]], "asks": [[116757.5, 135190.0], [116765.0, 50000.0], [116767.5, 12640.0], [116770.0, 7040.0], [116772.5, 10600.0], [116775.0, 3690.0], [116780.0, 14120.0], [116782.5, 5040.0], [116785.0, 160.0], [116797.5, 1720.0], [116800.0, 5990.0], [116822.5, 590.0], [116825.0, 1960.0], [116830.0, 4880.0], [116832.5, 16250.0], [116835.0, 590.0], [116837.5, 1970.0], [116852.5, 590.0], [116855.0, 1960.0], [116862.5, 7290.0]]}}}
{"jsonrpc": "2.0", "method": "subscription", "params": {"channel": "book.BTC-19SEP25.none.20.100ms", "data": {"timestamp": 1758073612809, "change_id": 117658000269, "instrument_name": "BTC-19SEP25", "bids": [[116755.0, 8820.0], [116752.5, 7760.0], [116750.0, 5660.0], [116747.5, 6000.0], [116745.0, 6890.0], [116742.5, 22590.0], [116740.0, 39600.0], [116737.5, 181170.0], [116727.5, 44000.0], [116725.0, 6250.0], [116722.5, 1160.0], [116720.0, 3860.0], [116717.5, 3850.0], [116715.0, 13440.0], [116712.5, 2040.0], [116697.5, 590.0], [116695.0, 1960.0], [116685.0, 1030.0], [116682.5, 3420.0], [116667.5, 620.0]], "asks": [[116757.5, 135190.0], [116765.0, 50000.0], [116767.5, 12640.0], [116770.0, 7040.0], [116772.5, 10600.0], [116775.0, 3690.0], [116780.0, 14120.0], [116782.5, 5040.0], [116785.0, 160.0], [116797.5, 1720.0], [116800.0, 5990.0], [116822.5, 590.0], [116825.0, 1960.0], [116830.0, 4880.0], [116832.5, 16250.0], [116835.0, 590.0], [116837.5, 1970.0], [116852.5, 590.0], [116855.0, 1960.0], [116862.5, 7290.0]]}}}
{"jsonrpc": "2.0", "method": "subscription", "params": {"channel": "book.BTC-19SEP25.none.20.100ms", "data": {"timestamp": 1758073613279, "change_id": 117658000892, "instrument_name": "BTC-19SEP25", "bids": [[116755.0, 21410.0], [116752.5, 7760.0], [116750.0, 5660.0], [116747.5, 6000.0], [116745.0, 6890.0], [116742.5, 22590.0], [116740.0, 39600.0], [116737.5, 170570.0], [116727.5, 44000.0], [116725.0, 6250.0], [116722.5, 1160.0], [116720.0, 3860.0], [116717.5, 3850.0], [116715.0, 13440.0], [116712.5, 2040.0], [116697.5, 590.0], [116695.0, 1960.0], [116685.0, 1030.0], [116682.5, 3420.0], [116667.5, 620.0]], "asks": [[116757.5, 135190.0], [116765.0, 50000.0], [116767.5, 12640.0], [116770.0, 7040.0], [116772.5, 10600.0], [116775.0, 3690.0], [116780.0, 14120.0], [116782.5, 5040.0], [116785.0, 160.0], [116797.5, 1720.0], [116800.0, 5990.0], [116822.5, 590.0], [116825.0, 1960.0], [116830.0, 4880.0], [116832.5, 16250.0], [116835.0, 590.0], [116837.5, 1970.0], [116852.5, 590.0], [116855.0, 1960.0], [116862.5, 7290.0]]}}}
{"jsonrpc": "2.0", "method": "subscription", "params": {"channel": "book.BTC-19SEP25.none.20.100ms", "data": {"timestamp": 1758073614292, "change_id": 117658001893, "instrument_name": "BTC-19SEP25", "bids": [[116755.0, 21410.0], [116752.5, 7760.0], [116750.0, 5660.0], [116747.5, 6000.0], [116745.0, 6890.0], [116742.5, 22590.0], [116740.0, 39600.0], [116737.5, 170570.0], [116727.5, 44000.0], [116725.0, 2980.0], [116722.5, 1160.0], [116720.0, 3860.0], [116717.5, 3850.0], [116715.0, 13440.0], [116712.5, 2040.0], [116697.5, 590.0], [116695.0, 1960.0], [116685.0, 1030.0], [116682.5, 3420.0], [116667.5, 620.0]], "asks": [[116757.5, 135190.0], [116765.0, 50000.0], [116767.5, 12640.0], [116770.0, 7040.0], [116772.5, 10600.0], [116775.0, 3690.0], [116780.0, 14120.0], [116782.5, 5040.0], [116785.0, 160.0], [116797.5, 1720.0], [116800.0, 5990.0], [116822.5, 590.0], [116825.0, 1960.0], [116830.0, 4880.0], [116832.5, 16250.0], [116835.0, 590.0], [116837.5, 1970.0], [116852.5, 590.0], [116855.0, 1960.0], [116862.5, 7290.0]]}}}
{"jsonrpc": "2.0", "method": "subscription", "params": {"channel": "book.BTC-19SEP25.none.20.100ms", "data": {"timestamp": 1758073614501, "change_id": 117658001927, "instrument_name": "BTC-19SEP25", "bids": [[116755.0, 21410.0], [116752.5, 7760.0], [116750.0, 5660.0], [116747.5, 6000.0], [116745.0, 4250.0], [116742.5, 12000.0], [116740.0, 39600.0], [116737.5, 170570.0], [116730.0, 12730.0], [116727.5, 44000.0], [116725.0, 2980.0], [116722.5, 1160.0], [116720.0, 3860.0], [116717.5, 3850.0], [116715.0, 13440.0], [116712.5, 2040.0], [116697.5, 590.0], [116695.0, 1960.0], [116685.0, 1030.0], [116682.5, 3420.0]], "asks": [[116757.5, 135190.0], [116765.0, 50000.0], [116767.5, 12640.0], [116770.0, 7040.0], [116772.5, 10600.0], [116775.0, 3690.0], [116780.0, 14120.0], [116782.5, 5040.0], [116785.0, 160.0], [116797.5, 1720.0], [116800.0, 5990.0], [116822.5, 590.0], [116825.0, 1960.0], [116830.0, 4880.0], [116832.5, 16250.0], [116835.0, 590.0], [116837.5, 1970.0], [116852.5, 590.0], [116855.0, 1960.0], [116862.5, 7290.0]]}}}
{"jsonrpc": "2.0", "method": "subscription", "params": {"channel": "book.BTC-19SEP25.none.20.100ms", "data": {"timestamp": 1758073615011, "change_id": 117658002505, "instrument_name": "BTC-19SEP25", "bids": [[116755.0, 19420.0], [116752.5, 7760.0], [116750.0, 5660.0], [116747.5, 6000.0], [116745.0, 4250.0], [116742.5, 12000.0], [116740.0, 39600.0], [116737.5, 170570.0], [116730.0, 12730.0], [116727.5, 44000.0], [116725.0, 2980.0], [116722.5, 1160.0], [116720.0, 3860.0], [116717.5, 3850.0], [116715.0, 13440.0], [116712.5, 2040.0], [116697.5, 590.0], [116695.0, 1960.0], [116685.0, 1030.0], [116682.5, 3420.0]], "asks": [[116757.5, 135190.0], [116765.0, 50000.0], [116767.5, 12640.0], [116770.0, 7040.0], [116772.5, 10600.0], [116775.0, 3690.0], [116780.0, 14120.0], [116782.5, 5040.0], [116785.0, 160.0], [116797.5, 1720.0], [116800.0, 5990.0], [116822.5, 590.0], [116825.0, 1960.0], [116830.0, 4880.0], [116832.5, 16250.0], [116835.0, 590.0], [116837.5, 1970.0], [116852.5, 590.0], [116855.0, 1960.0], [116862.5, 7290.0]]}}}
{"jsonrpc": "2.0", "method": "subscription", "params": {"channel": "book.BTC-19SEP25.none.20.100ms", "data": {"timestamp": 1758073615237, "change_id": 117658002956, "instrument_name": "BTC-19SEP25", "bids": [[116755.0, 21410.0], [116752.5, 7760.0], [116750.0, 6610.0], [116747.5, 6000.0], [116745.0, 8010.0], [116742.5, 11990.0], [116740.0, 39600.0], [116737.5, 170570.0], [116730.0, 12730.0], [116727.5, 44000.0], [116725.0, 2980.0], [116722.5, 1160.0], [116720.0, 3860.0], [116717.5, 3850.0], [116715.0, 13440.0], [116712.5, 2040.0], [116697.5, 590.0], [116695.0, 1960.0], [116685.0, 1030.0], [116682.5, 3420.0]], "asks": [[116757.5, 135190.0], [116765.0, 50000.0], [116767.5, 12640.0], [116770.0, 7040.0], [116772.5, 10600.0], [116775.0, 3690.0], [116780.0, 14120.0], [116782.5, 5040.0], [116785.0, 160.0], [116797.5, 1720.0], [116800.0, 5990.0], [116822.5, 590.0], [116825.0, 1960.0], [116830.0, 4880.0], [116832.5, 16250.0], [116835.0, 590.0], [116837.5, 1970.0], [116852.5, 590.0], [116855.0, 1960.0], [116862.5, 7290.0]]}}}
{"jsonrpc": "2.0", "method": "subscription", "params": {"channel": "book.BTC-19SEP25.none.20.100ms", "data": {"timestamp": 1758073615525, "change_id": 117658003120, "instrument_name": "BTC-19SEP25", "bids": [[116755.0, 21410.0], [116752.5, 7760.0], [116750.0, 6610.0], [116747.5, 6000.0], [116745.0, 8010.0], [116742.5, 11990.0], [116740.0, 39600.0], [116737.5, 170570.0], [116735.0, 44000.0], [116725.0, 2980.0], [116722.5, 1160.0], [116720.0, 3860.0], [116717.5, 3850.0], [116715.0, 13440.0], [116712.5, 2040.0], [116697.5, 590.0], [116695.0, 1960.0], [116685.0, 1030.0], [116682.5, 3420.0], [116667.5, 620.0]], "asks": [[116757.5, 124590.0], [116765.0, 50000.0], [116767.5, 12640.0], [116770.0, 7040.0], [116772.5, 10600.0], [116775.0, 590.0], [116780.0, 3520.0], [116782.5, 5040.0], [116785.0, 160.0], [116797.5, 1720.0], [116800.0, 5990.0], [116820.0, 5260.0], [116822.5, 15580.0], [116825.0, 1960.0], [116835.0, 590.0], [116837.5, 1970.0], [116852.5, 590.0], [116855.0, 1960.0], [116862.5, 7290.0], [116865.0, 24300.0]]}}}
{"jsonrpc": "2.0", "method": "subscription", "params": {"channel": "book.BTC-19SEP25.none.20.100ms", "data": {"timestamp": 1758073616098, "change_id": 117658003840, "instrument_name": "BTC-19SEP25", "bids": [[116755.0, 21410.0], [116752.5, 7760.0], [116750.0, 7750.0], [116747.5, 10200.0], [116745.0, 8010.0], [116742.5, 11990.0], [116740.0, 39600.0], [116737.5, 170570.0], [116735.0, 44000.0], [116725.0, 2980.0], [116722.5, 1160.0], [116720.0, 3860.0], [116717.5, 3850.0], [116715.0, 13440.0], [116712.5, 2040.0], [116697.5, 590.0], [116695.0, 1960.0], [116685.0, 1030.0], [116682.5, 3420.0], [116667.5, 620.0]], "asks": [[116757.5, 135190.0], [116762.5, 8900.0], [116765.0, 50000.0], [116767.5, 12640.0], [116770.0, 3860.0], [116775.0, 590.0], [116780.0, 3520.0], [116782.5, 5040.0], [116785.0, 160.0], [116797.5, 1720.0], [116800.0, 5990.0], [116820.0, 5260.0], [116822.5, 15580.0], [116825.0, 1960.0], [116835.0, 590.0], [116837.5, 1970.0], [116852.5, 590.0], [116855.0, 1960.0], [116862.5, 7290.0], [116865.0, 24300.0]]}}}
{"jsonrpc": "2.0", "method": "subscription", "params": {"channel": "book.BTC-19SEP25.none.20.100ms", "data": {"timestamp": 1758073616656, "change_id": 117658004346, "instrument_name": "BTC-19SEP25", "bids": [[116755.0, 21410.0], [116752.5, 6600.0], [116750.0, 6910.0], [116747.5, 14060.0], [116745.0, 11660.0], [116742.5, 1400.0], [116740.0, 39600.0], [116737.5, 170570.0], [116735.0, 44000.0], [116727.5, 890.0], [116725.0, 2980.0], [116722.5, 1160.0], [116720.0, 3860.0], [116717.5, 3850.0], [116715.0, 13440.0], [116712.5, 2040.0], [116697.5, 590.0], [116695.0, 1960.0], [116685.0, 1030.0], [116682.5, 3420.0]], "asks": [[116757.5, 135190.0], [116762.5, 8900.0], [116765.0, 50000.0], [116767.5, 12640.0], [116770.0, 3860.0], [116775.0, 590.0], [116780.0, 3520.0], [116782.5, 5040.0], [116785.0, 160.0], [116797.5, 1720.0], [116800.0, 5990.0], [116820.0, 5260.0], [116822.5, 15580.0], [116825.0, 1960.0], [116835.0, 590.0], [116837.5, 1970.0], [116852.5, 590.0], [116855.0, 1960.0], [116862.5, 7290.0], [116865.0, 24300.0]]}}}
{"jsonrpc": "2.0", "method": "subscription", "params": {"channel": "book.BTC-19SEP25.none.20.100ms", "data": {"timestamp": 1758073617083, "change_id": 117658004933, "instrument_name": "BTC-19SEP25", "bids": [[116755.0, 10810.0], [116752.5, 6600.0], [116750.0, 6910.0], [116747.5, 14060.0], [116745.0, 11660.0], [116742.5, 1400.0], [116740.0, 39600.0], [116737.5, 170570.0], [116735.0, 44000.0], [116727.5, 890.0], [116725.0, 2980.0], [116722.5, 1160.0], [116720.0, 3860.0], [116717.5, 3850.0], [116715.0, 13440.0], [116712.5, 2040.0], [116697.5, 590.0], [116695.0, 1960.0], [116685.0, 1030.0], [116682.5, 3420.0]], "asks": [[116757.5, 135190.0], [116762.5, 8900.0], [116765.0, 50000.0], [116767.5, 12640.0], [116770.0, 3860.0], [116775.0, 590.0], [116780.0, 3520.0], [116782.5, 5040.0], [116785.0, 160.0], [116797.5, 1720.0], [116800.0, 5990.0], [116820.0, 5260.0], [116822.5, 15580.0], [116825.0, 1960.0], [116835.0, 590.0], [116837.5, 1970.0], [116852.5, 590.0], [116855.0, 1960.0], [116862.5, 7290.0], [116865.0, 24300.0]]}}}
{"jsonrpc": "2.0", "method": "subscription", "params": {"channel": "book.BTC-19SEP25.none.20.100ms", "data": {"timestamp": 1758073617603, "change_id": 117658005359, "instrument_name": "BTC-19SEP25", "bids": [[116755.0, 10810.0], [116752.5, 6600.0], [116750.0, 6910.0], [116747.5, 14060.0], [116745.0, 11660.0], [116742.5, 1400.0], [116740.0, 39600.0], [116737.5, 170570.0], [116735.0, 44000.0], [116727.5, 890.0], [116725.0, 2980.0], [116722.5, 1160.0], [116720.0, 3860.0], [116717.5, 3850.0], [116715.0, 13440.0], [116712.5, 2040.0], [116697.5, 590.0], [116695.0, 1960.0], [116685.0, 1030.0], [116682.5, 3420.0]], "asks": [[116757.5, 135190.0], [116762.5, 8900.0], [116765.0, 50000.0], [116767.5, 12640.0], [116770.0, 3860.0], [116775.0, 590.0], [116780.0, 3520.0], [116782.5, 5040.0], [116785.0, 160.0], [116797.5, 1720.0], [116800.0, 5990.0], [116820.0, 590.0], [116825.0, 1960.0], [116835.0, 590.0], [116837.5, 1970.0], [116855.0, 1960.0], [116862.5, 7290.0], [116865.0, 40460.0], [116872.5, 14180.0], [116875.0, 47250.0]]}}}
{"jsonrpc": "2.0", "method": "subscription", "params": {"channel": "book.BTC-19SEP25.none.20.100ms", "data": {"timestamp": 1758073618317, "change_id": 117658006831, "instrument_name": "BTC-19SEP25", "bids": [[116757.5, 14200.0], [116755.0, 26860.0], [116752.5, 17300.0], [116750.0, 25370.0], [116747.5, 6000.0], [116745.0, 45070.0], [116742.5, 1400.0], [116740.0, 39600.0], [116737.5, 163570.0], [116725.0, 2980.0], [116722.5, 1160.0], [116720.0, 3860.0], [116717.5, 3850.0], [116715.0, 13440.0], [116712.5, 2040.0], [116697.5, 590.0], [116695.0, 1960.0], [116685.0, 1030.0], [116682.5, 3420.0], [116665.0, 2060.0]], "asks": [[116760.0, 20000.0], [116762.5, 50000.0], [116765.0, 48000.0], [116767.5, 10600.0], [116770.0, 44000.0], [116780.0, 1960.0], [116782.5, 40.0], [116797.5, 1880.0], [116800.0, 7130.0], [116820.0, 590.0], [116825.0, 1960.0], [116835.0, 590.0], [116837.5, 1970.0], [116855.0, 1960.0], [116865.0, 40460.0], [116872.5, 14180.0], [116875.0, 47250.0], [116877.5, 40.0], [116882.5, 9000.0], [116885.0, 30000.0]]}}}
{"jsonrpc": "2.0", "method": "subscription", "params": {"channel": "book.BTC-19SEP25.none.20.100ms", "data": {"timestamp": 1758073618577, "change_id": 117658007623, "instrument_name": "BTC-19SEP25", "bids": [[116757.5, 14200.0], [116755.0, 35440.0], [116752.5, 17460.0], [116750.0, 27550.0], [116747.5, 54000.0], [116745.0, 45070.0], [116742.5, 1400.0], [116740.0, 39440.0], [116737.5, 115570.0], [116725.0, 2980.0], [116720.0, 3860.0], [116717.5, 3850.0], [116715.0, 12830.0], [116712.5, 2040.0], [116697.5, 590.0], [116695.0, 1960.0], [116685.0, 1030.0], [116682.5, 3420.0], [116665.0, 2060.0], [116662.5, 4700.0]], "asks": [[116760.0, 20000.0], [116762.5, 50000.0], [116765.0, 48000.0], [116782.5, 44040.0], [116785.0, 3860.0], [116797.5, 800.0], [116800.0, 2130.0], [116807.5, 1500.0], [116810.0, 5000.0], [116820.0, 590.0], [116825.0, 1960.0], [116835.0, 1680.0], [116837.5, 1970.0], [116840.0, 3860.0], [116855.0, 1960.0], [116865.0, 24300.0], [116872.5, 14180.0], [116875.0, 47250.0], [116877.5, 40.0], [116882.5, 9000.0]]}}}
{"jsonrpc": "2.0", "method": "subscription", "params": {"channel": "book.BTC-19SEP25.none.20.100ms", "data": {"timestamp": 1758073618962, "change_id": 117658009127, "instrument_name": "BTC-19SEP25", "bids": [[116772.5, 11580.0], [116770.0, 3860.0], [116765.0, 5470.0], [116762.5, 17590.0], [116760.0, 45790.0], [116757.5, 54600.0], [116755.0, 63720.0], [116752.5, 10300.0], [116750.0, 1800.0], [116747.5, 6000.0], [116742.5, 1400.0], [116740.0, 1990.0], [116727.5, 12830.0], [116725.0, 2980.0], [116720.0, 3860.0], [116712.5, 2040.0], [116695.0, 1960.0], [116682.5, 3420.0], [116665.0, 2060.0], [116660.0, 15680.0]], "asks": [[116775.0, 20000.0], [116777.5, 60590.0], [116780.0, 48000.0], [116782.5, 44040.0], [116787.5, 1980.0], [116792.5, 3860.0], [116795.0, 3820.0], [116797.5, 10600.0], [116800.0, 2130.0], [116802.5, 160.0], [116825.0, 1960.0], [116837.5, 1970.0], [116840.0, 3860.0], [116855.0, 1960.0], [116865.0, 24300.0], [116875.0, 47250.0], [116877.5, 40.0], [116885.0, 30000.0], [116887.5, 18510.0], [116900.0, 2020.0]]}}}
{"jsonrpc": "2.0", "method": "subscription", "params": {"channel": "book.BTC-19SEP25.none.20.100ms", "data": {"timestamp": 1758073619217, "change_id": 117658010037, "instrument_name": "BTC-19SEP25", "bids": [[116772.5, 11580.0], [116770.0, 3860.0], [116767.5, 3230.0], [116765.0, 16060.0], [116762.5, 7000.0], [116760.0, 37250.0], [116757.5, 54600.0], [116755.0, 60580.0], [116752.5, 24280.0], [116750.0, 115580.0], [116742.5, 1400.0], [116740.0, 1990.0], [116730.0, 12830.0], [116725.0, 2980.0], [116720.0, 3860.0], [116712.5, 2040.0], [116695.0, 1960.0], [116682.5, 3420.0], [116665.0, 2060.0], [116660.0, 15680.0]], "asks": [[116775.0, 20000.0], [116777.5, 60590.0], [116780.0, 48000.0], [116782.5, 44040.0], [116787.5, 1980.0], [116792.5, 3860.0], [116795.0, 3820.0], [116797.5, 10600.0], [116800.0, 2130.0], [116802.5, 160.0], [116817.5, 5000.0], [116825.0, 1960.0], [116837.5, 1970.0], [116840.0, 3860.0], [116855.0, 1960.0], [116865.0, 24300.0], [116875.0, 47250.0], [116877.5, 40.0], [116885.0, 30000.0], [116887.5, 18510.0]]}}}
{"jsonrpc": "2.0", "method": "subscription", "params": {"channel": "book.BTC-19SEP25.none.20.100ms", "data": {"timestamp": 1758073619628, "change_id": 117658010606, "instrument_name": "BTC-19SEP25", "bids": [[116772.5, 11580.0], [116770.0, 10860.0], [116767.5, 3230.0], [116765.0, 10750.0], [116762.5, 2130.0], [116760.0, 37250.0], [116757.5, 54600.0], [116755.0, 60580.0], [116752.5, 24280.0], [116750.0, 115580.0], [116742.5, 1400.0], [116740.0, 1990.0], [116725.0, 9080.0], [116722.5, 16480.0], [116720.0, 3860.0], [116712.5, 2040.0], [116695.0, 1960.0], [116685.0, 1030.0], [116682.5, 3420.0], [116665.0, 2060.0]], "asks": [[116775.0, 20000.0], [116777.5, 60590.0], [116780.0, 48000.0], [116782.5, 44040.0], [116787.5, 1980.0], [116792.5, 3860.0], [116795.0, 3820.0], [116797.5, 10600.0], [116800.0, 2130.0], [116802.5, 160.0], [116807.5, 1500.0], [116810.0, 5000.0], [116822.5, 590.0], [116825.0, 1960.0], [116837.5, 1970.0], [116840.0, 3860.0], [116852.5, 590.0], [116855.0, 1960.0], [116875.0, 47250.0], [116877.5, 40.0]]}}}
{"jsonrpc": "2.0", "method": "subscription", "params": {"channel": "book.BTC-19SEP25.none.20.100ms", "data": {"timestamp": 1758073619970, "change_id": 117658010965, "instrument_name": "BTC-19SEP25", "bids": [[116772.5, 11580.0], [116770.0, 21450.0], [116765.0, 160.0], [116762.5, 2130.0], [116760.0, 37250.0], [116757.5, 54600.0], [116755.0, 60580.0], [116752.5, 37900.0], [116750.0, 115580.0], [116742.5, 1400.0], [116740.0, 1990.0], [116725.0, 8080.0], [116722.5, 16480.0], [116720.0, 3860.0], [116712.5, 2040.0], [116695.0, 1960.0], [116685.0, 1030.0], [116682.5, 3420.0], [116665.0, 2060.0], [116655.0, 590.0]], "asks": [[116775.0, 20000.0], [116777.5, 60590.0], [116780.0, 48000.0], [116782.5, 44040.0], [116787.5, 1980.0], [116792.5, 3860.0], [116795.0, 3820.0], [116797.5, 10600.0], [116800.0, 2130.0], [116802.5, 160.0], [116807.5, 1500.0], [116810.0, 5000.0], [116822.5, 590.0], [116825.0, 1960.0], [116837.5, 1970.0], [116840.0, 3860.0], [116852.5, 590.0], [116855.0, 1960.0], [116875.0, 47250.0], [116877.5, 40.0]]}}}
{"jsonrpc": "2.0", "method": "subscription", "params": {"channel": "book.BTC-19SEP25.none.20.100ms", "data": {"timestamp": 1758073620052, "change_id": 117658011206, "instrument_name": "BTC-19SEP25", "bids": [[116772.5, 17580.0], [116770.0, 21450.0], [116765.0, 160.0], [116762.5, 2130.0], [116760.0, 37250.0], [116757.5, 54600.0], [116755.0, 49980.0], [116742.5, 1400.0], [116740.0, 1990.0], [116725.0, 8080.0], [116722.5, 16480.0], [116720.0, 3860.0], [116712.5, 2040.0], [116695.0, 1960.0], [116685.0, 1030.0], [116682.5, 3420.0], [116665.0, 2060.0], [116655.0, 590.0], [116652.5, 1960.0], [116632.5, 2020.0]], "asks": [[116775.0, 20000.0], [116777.5, 60590.0], [116780.0, 48000.0], [116782.5, 44040.0], [116785.0, 10600.0], [116787.5, 1980.0], [116792.5, 14460.0], [116795.0, 3820.0], [116797.5, 10600.0], [116800.0, 2130.0], [116802.5, 160.0], [116807.5, 1500.0], [116810.0, 5000.0], [116822.5, 590.0], [116825.0, 1960.0], [116837.5, 1970.0], [116840.0, 3860.0], [116852.5, 590.0], [116855.0, 1960.0], [116875.0, 47250.0]]}}}
{"jsonrpc": "2.0", "method": "subscription", "params": {"channel": "book.BTC-19SEP25.none.20.100ms", "data": {"timestamp": 1758073620599, "change_id": 117658011869, "instrument_name": "BTC-19SEP25", "bids": [[116772.5, 17580.0], [116770.0, 21450.0], [116765.0, 160.0], [116762.5, 2130.0], [116760.0, 55260.0], [116757.5, 170190.0], [116755.0, 49980.0], [116745.0, 1020.0], [116742.5, 1400.0], [116740.0, 1990.0], [116725.0, 8080.0], [116722.5, 16480.0], [116720.0, 3860.0], [116715.0, 610.0], [116712.5, 2040.0], [116695.0, 1960.0], [116685.0, 1030.0], [116682.5, 3420.0], [116667.5, 620.0], [116665.0, 2060.0]], "asks": [[116775.0, 20000.0], [116777.5, 60590.0], [116780.0, 48000.0], [116782.5, 44040.0], [116785.0, 10600.0], [116787.5, 1980.0], [116792.5, 14460.0], [116795.0, 3820.0], [116797.5, 10600.0], [116800.0, 2130.0], [116802.5, 160.0], [116807.5, 1500.0], [116810.0, 5000.0], [116822.5, 590.0], [116825.0, 1960.0], [116835.0, 1750.0], [116837.5, 1970.0], [116840.0, 3860.0], [116852.5, 590.0], [116855.0, 1960.0]]}}}
{"jsonrpc": "2.0", "method": "subscription", "params": {"channel": "book.BTC-19SEP25.none.20.100ms", "data": {"timestamp": 1758073621295, "change_id": 117658012720, "instrument_name": "BTC-19SEP25", "bids": [[116772.5, 22180.0], [116770.0, 23210.0], [116767.5, 5700.0], [116765.0, 5470.0], [116762.5, 10600.0], [116760.0, 55260.0], [116757.5, 159590.0], [116755.0, 49980.0], [116745.0, 1020.0], [116742.5, 1400.0], [116740.0, 1990.0], [116725.0, 8080.0], [116722.5, 16480.0], [116720.0, 3860.0], [116695.0, 1960.0], [116685.0, 1030.0], [116682.5, 3420.0], [116675.0, 3000.0], [116667.5, 620.0], [116665.0, 2060.0]], "asks": [[116775.0, 20000.0], [116777.5, 60590.0], [116780.0, 48000.0], [116782.5, 44040.0], [116785.0, 10600.0], [116787.5, 1980.0], [116790.0, 10600.0], [116792.5, 10600.0], [116797.5, 640.0], [116800.0, 2130.0], [116802.5, 160.0], [116807.5, 1500.0], [116810.0, 5000.0], [116822.5, 590.0], [116825.0, 1960.0], [116835.0, 1750.0], [116837.5, 1970.0], [116840.0, 3860.0], [116852.5, 590.0], [116855.0, 1960.0]]}}}
{"jsonrpc": "2.0", "method": "subscription", "params": {"channel": "book.BTC-19SEP25.none.20.100ms", "data": {"timestamp": 1758073621604, "change_id": 117658012952, "instrument_name": "BTC-19SEP25", "bids": [[116772.5, 22180.0], [116770.0, 23210.0], [116767.5, 5700.0], [116765.0, 5470.0], [116762.5, 10600.0], [116760.0, 55260.0], [116757.5, 159590.0], [116755.0, 49980.0], [116745.0, 1020.0], [116742.5, 1400.0], [116740.0, 1990.0], [116727.5, 590.0], [116725.0, 8080.0], [116722.5, 16480.0], [116720.0, 3860.0], [116697.5, 590.0], [116695.0, 1960.0], [116685.0, 1030.0], [116682.5, 3420.0], [116667.5, 620.0]], "asks": [[116775.0, 20000.0], [116777.5, 60590.0], [116780.0, 48000.0], [116782.5, 44040.0], [116785.0, 10600.0], [116787.5, 1980.0], [116790.0, 10600.0], [116792.5, 10600.0], [116795.0, 3860.0], [116797.5, 640.0], [116800.0, 2130.0], [116802.5, 160.0], [116807.5, 1500.0], [116810.0, 5000.0], [116822.5, 590.0], [116825.0, 1960.0], [116835.0, 1750.0], [116837.5, 1970.0], [116840.0, 3860.0], [116852.5, 590.0]]}}}
{"jsonrpc": "2.0", "method": "subscription", "params": {"channel": "book.BTC-19SEP25.none.20.100ms", "data": {"timestamp": 1758073622030, "change_id": 117658013373, "instrument_name": "BTC-19SEP25", "bids": [[116772.5, 22180.0], [116770.0, 24460.0], [116767.5, 10600.0], [116765.0, 5470.0], [116762.5, 10600.0], [116760.0, 55260.0], [116757.5, 159590.0], [116755.0, 49980.0], [116745.0, 1020.0], [116742.5, 1400.0], [116740.0, 1990.0], [116727.5, 590.0], [116725.0, 8080.0], [116722.5, 16480.0], [116720.0, 3860.0], [116697.5, 590.0], [116695.0, 1960.0], [116685.0, 1030.0], [116682.5, 3420.0], [116667.5, 620.0]], "asks": [[116775.0, 20000.0], [116777.5, 60590.0], [116780.0, 57600.0], [116782.5, 44040.0], [116785.0, 10600.0], [116787.5, 1980.0], [116792.5, 10600.0], [116795.0, 3860.0], [116797.5, 640.0], [116800.0, 2130.0], [116802.5, 160.0], [116807.5, 1500.0], [116810.0, 5000.0], [116822.5, 590.0], [116825.0, 1960.0], [116835.0, 1750.0], [116837.5, 1970.0], [116840.0, 3860.0], [116852.5, 590.0], [116855.0, 1960.0]]}}}
{"jsonrpc": "2.0", "method": "subscription", "params": {"channel": "book.BTC-19SEP25.none.20.100ms", "data": {"timestamp": 1758073622608, "change_id": 117658013929, "instrument_name": "BTC-19SEP25", "bids": [[116772.5, 22180.0], [116770.0, 24460.0], [116767.5, 10600.0], [116765.0, 5470.0], [116762.5, 10600.0], [116760.0, 55260.0], [116757.5, 159590.0], [116755.0, 49980.0], [116745.0, 1020.0], [116742.5, 1400.0], [116740.0, 1990.0], [116727.5, 590.0], [116725.0, 8080.0], [116722.5, 16480.0], [116720.0, 3860.0], [116697.5, 590.0], [116695.0, 1960.0], [116685.0, 1030.0], [116682.5, 3420.0], [116667.5, 620.0]], "asks": [[116775.0, 20000.0], [116777.5, 60590.0], [116780.0, 57600.0], [116782.5, 44040.0], [116785.0, 10600.0], [116787.5, 1980.0], [116792.5, 10600.0], [116795.0, 3860.0], [116797.5, 640.0], [116800.0, 2130.0], [116802.5, 160.0], [116807.5, 1500.0], [116810.0, 5000.0], [116822.5, 590.0], [116825.0, 1960.0], [116835.0, 1750.0], [116837.5, 1970.0], [116840.0, 3860.0], [116852.5, 590.0], [116855.0, 1960.0]]}}}
{"jsonrpc": "2.0", "method": "subscription", "params": {"channel": "book.BTC-19SEP25.none.20.100ms", "data": {"timestamp": 1758073623235, "change_id": 117658015048, "instrument_name": "BTC-19SEP25", "bids": [[116772.5, 22180.0], [116770.0, 24460.0], [116767.5, 10600.0], [116765.0, 19210.0], [116762.5, 58600.0], [116760.0, 55260.0], [116757.5, 159590.0], [116755.0, 1980.0], [116745.0, 1020.0], [116742.5, 1400.0], [116740.0, 1990.0], [116727.5, 590.0], [116725.0, 8080.0], [116722.5, 16480.0], [116720.0, 3860.0], [116697.5, 590.0], [116695.0, 1960.0], [116685.0, 4750.0], [116682.5, 3420.0], [116680.0, 12830.0]], "asks": [[116775.0, 20000.0], [116777.5, 60590.0], [116780.0, 48000.0], [116782.5, 44040.0], [116792.5, 10600.0], [116795.0, 3860.0], [116797.5, 640.0], [116800.0, 2130.0], [116802.5, 160.0], [116822.5, 2010.0], [116825.0, 6960.0], [116835.0, 1750.0], [116837.5, 1970.0], [116840.0, 3860.0], [116852.5, 590.0], [116855.0, 1960.0], [116872.5, 14180.0], [116875.0, 47250.0], [116877.5, 40.0], [116885.0, 5550.0]]}}}
{"jsonrpc": "2.0", "method": "subscription", "params": {"channel": "book.BTC-19SEP25.none.20.100ms", "data": {"timestamp": 1758073623567, "change_id": 117658015168, "instrument_name": "BTC-19SEP25", "bids": [[116772.5, 22180.0], [116770.0, 24460.0], [116767.5, 10600.0], [116765.0, 19210.0], [116762.5, 58600.0], [116760.0, 55260.0], [116757.5, 159590.0], [116755.0, 1980.0], [116745.0, 1020.0], [116742.5, 1400.0], [116740.0, 1990.0], [116727.5, 590.0], [116725.0, 8080.0], [116722.5, 16480.0], [116720.0, 3860.0], [116697.5, 590.0], [116695.0, 1960.0], [116685.0, 4750.0], [116682.5, 3420.0], [116680.0, 12830.0]], "asks": [[116775.0, 20000.0], [116777.5, 60590.0], [116780.0, 48000.0], [116782.5, 44040.0], [116792.5, 10600.0], [116795.0, 3860.0], [116797.5, 640.0], [116800.0, 2130.0], [116802.5, 160.0], [116817.5, 5000.0], [116822.5, 590.0], [116825.0, 1960.0], [116835.0, 1750.0], [116837.5, 1970.0], [116840.0, 3860.0], [116852.5, 590.0], [116855.0, 1960.0], [116872.5, 14180.0], [116875.0, 47250.0], [116877.5, 40.0]]}}}
{"jsonrpc": "2.0", "method": "subscription", "params": {"channel": "book.BTC-19SEP25.none.20.100ms", "data": {"timestamp": 1758073623617, "change_id": 117658015285, "instrument_name": "BTC-19SEP25", "bids": [[116772.5, 22180.0], [116770.0, 24460.0], [116767.5, 10600.0], [116765.0, 19210.0], [116762.5, 58600.0], [116760.0, 55260.0], [116757.5, 159590.0], [116755.0, 1980.0], [116745.0, 1020.0], [116742.5, 1400.0], [116740.0, 1990.0], [116727.5, 590.0], [116725.0, 8080.0], [116722.5, 16480.0], [116720.0, 3860.0], [116697.5, 590.0], [116695.0, 1960.0], [116685.0, 4750.0], [116682.5, 3420.0], [116680.0, 12830.0]], "asks": [[116775.0, 20000.0], [116777.5, 60590.0], [116780.0, 48000.0], [116782.5, 44040.0], [116787.5, 1980.0], [116792.5, 10600.0], [116795.0, 3860.0], [116797.5, 640.0], [116800.0, 2130.0], [116802.5, 160.0], [116817.5, 5000.0], [116822.5, 590.0], [116825.0, 1960.0], [116835.0, 1750.0], [116837.5, 1970.0], [116840.0, 3860.0], [116852.5, 590.0], [116855.0, 1960.0], [116872.5, 14180.0], [116875.0, 47250.0]]}}}
{"jsonrpc": "2.0", "method": "subscription", "params": {"channel": "book.BTC-19SEP25.none.20.100ms", "data": {"timestamp": 1758073624212, "change_id": 117658016182, "instrument_name": "BTC-19SEP25", "bids": [[116772.5, 22180.0], [116770.0, 15420.0], [116767.5, 10600.0], [116765.0, 24910.0], [116762.5, 58600.0], [116760.0, 48360.0], [116757.5, 159590.0], [116755.0, 1980.0], [116745.0, 1020.0], [116742.5, 1400.0], [116740.0, 1990.0], [116727.5, 590.0], [116725.0, 8080.0], [116722.5, 16480.0], [116720.0, 3860.0], [116697.5, 590.0], [116695.0, 1960.0], [116685.0, 4750.0], [116682.5, 3420.0], [116680.0, 12830.0]], "asks": [[116775.0, 20000.0], [116777.5, 60590.0], [116780.0, 48000.0], [116782.5, 44040.0], [116787.5, 1980.0], [116792.5, 10600.0], [116795.0, 3860.0], [116797.5, 11240.0], [116800.0, 2130.0], [116802.5, 160.0], [116817.5, 5000.0], [116822.5, 590.0], [116825.0, 1960.0], [116835.0, 1750.0], [116837.5, 1970.0], [116840.0, 3860.0], [116852.5, 590.0], [116855.0, 1960.0], [116872.5, 14180.0], [116875.0, 47250.0]]}}}
{"jsonrpc": "2.0", "method": "subscription", "params": {"channel": "book.BTC-19SEP25.none.20.100ms", "data": {"timestamp": 1758073624311, "change_id": 117658016302, "instrument_name": "BTC-19SEP25", "bids": [[116772.5, 32770.0], [116770.0, 15420.0], [116767.5, 10600.0], [116765.0, 24910.0], [116762.5, 58600.0], [116760.0, 48360.0], [116757.5, 159590.0], [116755.0, 1980.0], [116745.0, 1020.0], [116742.5, 1400.0], [116740.0, 1990.0], [116727.5, 590.0], [116725.0, 8080.0], [116722.5, 16480.0], [116720.0, 3860.0], [116697.5, 590.0], [116695.0, 1960.0], [116685.0, 4750.0], [116682.5, 3420.0], [116680.0, 12830.0]], "asks": [[116775.0, 20000.0], [116777.5, 60590.0], [116780.0, 48000.0], [116782.5, 44040.0], [116787.5, 1980.0], [116792.5, 10600.0], [116795.0, 3860.0], [116797.5, 11240.0], [116800.0, 2130.0], [116802.5, 160.0], [116817.5, 5000.0], [116822.5, 590.0], [116825.0, 1960.0], [116835.0, 1750.0], [116837.5, 1970.0], [116840.0, 3860.0], [116852.5, 590.0], [116855.0, 1960.0], [116872.5, 14180.0], [116875.0, 47250.0]]}}}
{"jsonrpc": "2.0", "method": "subscription", "params": {"channel": "book.BTC-19SEP25.none.20.100ms", "data": {"timestamp": 1758073625253, "change_id": 117658017243, "instrument_name": "BTC-19SEP25", "bids": [[116772.5, 32770.0], [116770.0, 15420.0], [116767.5, 10600.0], [116765.0, 29810.0], [116762.5, 48000.0], [116760.0, 48360.0], [116757.5, 159590.0], [116755.0, 1980.0], [116745.0, 1020.0], [116742.5, 1400.0], [116740.0, 1990.0], [116727.5, 590.0], [116725.0, 8080.0], [116722.5, 16480.0], [116720.0, 3860.0], [116697.5, 590.0], [116695.0, 1960.0], [116685.0, 4750.0], [116682.5, 3420.0], [116680.0, 12830.0]], "asks": [[116775.0, 20000.0], [116777.5, 60590.0], [116780.0, 48000.0], [116782.5, 44040.0], [116785.0, 9000.0], [116787.5, 1980.0], [116792.5, 10600.0], [116795.0, 14460.0], [116797.5, 640.0], [116800.0, 2130.0], [116802.5, 160.0], [116815.0, 1500.0], [116817.5, 5000.0], [116822.5, 590.0], [116825.0, 1960.0], [116835.0, 1750.0], [116837.5, 1970.0], [116840.0, 3860.0], [116852.5, 590.0], [116855.0, 1960.0]]}}}
{"jsonrpc": "2.0", "method": "subscription", "params": {"channel": "book.BTC-19SEP25.none.20.100ms", "data": {"timestamp": 1758073626029, "change_id": 117658017758, "instrument_name": "BTC-19SEP25", "bids": [[116772.5, 32770.0], [116770.0, 15420.0], [116767.5, 10600.0], [116765.0, 29810.0], [116762.5, 52800.0], [116760.0, 48360.0], [116757.5, 159590.0], [116755.0, 1980.0], [116745.0, 13850.0], [116742.5, 1400.0], [116740.0, 1990.0], [116727.5, 590.0], [116725.0, 8080.0], [116722.5, 16480.0], [116720.0, 3860.0], [116697.5, 590.0], [116695.0, 1960.0], [116685.0, 1030.0], [116682.5, 3420.0], [116677.5, 900.0]], "asks": [[116775.0, 20000.0], [116777.5, 60590.0], [116780.0, 48000.0], [116782.5, 44040.0], [116785.0, 9000.0], [116787.5, 1980.0], [116792.5, 10600.0], [116795.0, 14460.0], [116797.5, 640.0], [116800.0, 2130.0], [116802.5, 160.0], [116815.0, 1500.0], [116817.5, 5000.0], [116822.5, 590.0], [116825.0, 1960.0], [116835.0, 1750.0], [116837.5, 1970.0], [116840.0, 3860.0], [116852.5, 590.0], [116855.0, 1960.0]]}}}
{"jsonrpc": "2.0", "method": "subscription", "params": {"channel": "book.BTC-19SEP25.none.20.100ms", "data": {"timestamp": 1758073626582, "change_id": 117658018217, "instrument_name": "BTC-19SEP25", "bids": [[116772.5, 32770.0], [116770.0, 15420.0], [116767.5, 10600.0], [116765.0, 29810.0], [116762.5, 52800.0], [116760.0, 48360.0], [116757.5, 159590.0], [116755.0, 1980.0], [116745.0, 13850.0], [116742.5, 1400.0], [116740.0, 1990.0], [116727.5, 590.0], [116725.0, 8080.0], [116722.5, 16480.0], [116720.0, 3860.0], [116697.5, 590.0], [116695.0, 1960.0], [116685.0, 1030.0], [116682.5, 3420.0], [116677.5, 900.0]], "asks": [[116775.0, 20000.0], [116777.5, 60590.0], [116780.0, 48000.0], [116782.5, 44040.0], [116785.0, 9000.0], [116787.5, 1980.0], [116792.5, 10600.0], [116795.0, 14460.0], [116797.5, 640.0], [116800.0, 2130.0], [116802.5, 160.0], [116815.0, 1500.0], [116817.5, 5000.0], [116822.5, 590.0], [116825.0, 1960.0], [116835.0, 1750.0], [116837.5, 1970.0], [116840.0, 3860.0], [116852.5, 590.0], [116855.0, 1960.0]]}}}
{"jsonrpc": "2.0", "method": "subscription", "params": {"channel": "book.BTC-19SEP25.none.20.100ms", "data": {"timestamp": 1758073628530, "change_id": 117658020488, "instrument_name": "BTC-19SEP25", "bids": [[116772.5, 32770.0], [116770.0, 15420.0], [116767.5, 10600.0], [116765.0, 29810.0], [116762.5, 52800.0], [116760.0, 48360.0], [116757.5, 159590.0], [116755.0, 1980.0], [116745.0, 1020.0], [116742.5, 1400.0], [116740.0, 1990.0], [116730.0, 12830.0], [116727.5, 590.0], [116725.0, 8080.0], [116722.5, 16480.0], [116720.0, 3860.0], [116697.5, 590.0], [116695.0, 1960.0], [116685.0, 1030.0], [116682.5, 3420.0]], "asks": [[116775.0, 20000.0], [116777.5, 10590.0], [116782.5, 40.0], [116792.5, 60600.0], [116795.0, 58460.0], [116797.5, 48640.0], [116800.0, 2130.0], [116802.5, 160.0], [116822.5, 590.0], [116825.0, 3460.0], [116827.5, 5000.0], [116835.0, 1750.0], [116837.5, 1970.0], [116840.0, 3860.0], [116852.5, 590.0], [116855.0, 1960.0], [116872.5, 14180.0], [116875.0, 47250.0], [116877.5, 40.0], [116885.0, 5550.0]]}}}
{"jsonrpc": "2.0", "method": "subscription", "params": {"channel": "book.BTC-19SEP25.none.20.100ms", "data": {"timestamp": 1758073628802, "change_id": 117658020765, "instrument_name": "BTC-19SEP25", "bids": [[116775.0, 6240.0], [116772.5, 30790.0], [116770.0, 15420.0], [116767.5, 10600.0], [116765.0, 29810.0], [116762.5, 52800.0], [116760.0, 48160.0], [116757.5, 159590.0], [116755.0, 1980.0], [116745.0, 1020.0], [116742.5, 1400.0], [116740.0, 1990.0], [116730.0, 12830.0], [116727.5, 590.0], [116725.0, 8080.0], [116722.5, 16480.0], [116720.0, 3860.0], [116697.5, 590.0], [116695.0, 1960.0], [116685.0, 1030.0]], "asks": [[116777.5, 30590.0], [116782.5, 40.0], [116792.5, 60600.0], [116795.0, 58460.0], [116797.5, 48640.0], [116800.0, 2130.0], [116802.5, 160.0], [116820.0, 5000.0], [116822.5, 590.0], [116825.0, 1960.0], [116835.0, 1750.0], [116837.5, 1970.0], [116840.0, 3860.0], [116852.5, 590.0], [116855.0, 1960.0], [116872.5, 14180.0], [116875.0, 47250.0], [116877.5, 40.0], [116885.0, 5550.0], [116887.5, 18510.0]]}}}
{"jsonrpc": "2.0", "method": "subscription", "params": {"channel": "book.BTC-19SEP25.none.20.100ms", "data": {"timestamp": 1758073629081, "change_id": 117658021132, "instrument_name": "BTC-19SEP25", "bids": [[116775.0, 6240.0], [116772.5, 30790.0], [116770.0, 15420.0], [116767.5, 10600.0], [116765.0, 29810.0], [116762.5, 52800.0], [116760.0, 48160.0], [116757.5, 159590.0], [116755.0, 1980.0], [116745.0, 1020.0], [116742.5, 1400.0], [116740.0, 1990.0], [116730.0, 12830.0], [116727.5, 590.0], [116725.0, 8080.0], [116722.5, 16480.0], [116720.0, 3860.0], [116697.5, 590.0], [116695.0, 1960.0], [116685.0, 1030.0]], "asks": [[116777.5, 30590.0], [116782.5, 40.0], [116790.0, 10600.0], [116792.5, 60600.0], [116795.0, 58460.0], [116797.5, 48640.0], [116800.0, 2130.0], [116802.5, 160.0], [116820.0, 5000.0], [116822.5, 590.0], [116825.0, 1960.0], [116835.0, 1750.0], [116837.5, 1970.0], [116840.0, 3860.0], [116852.5, 590.0], [116855.0, 1960.0], [116872.5, 14180.0], [116875.0, 47250.0], [116877.5, 40.0], [116885.0, 5550.0]]}}}
{"jsonrpc": "2.0", "method": "subscription", "params": {"channel": "book.BTC-19SEP25.none.20.100ms", "data": {"timestamp": 1758073629440, "change_id": 117658021529, "instrument_name": "BTC-19SEP25", "bids": [[116775.0, 6240.0], [116772.5, 30790.0], [116770.0, 15420.0], [116767.5, 10600.0], [116765.0, 29810.0], [116762.5, 52800.0], [116760.0, 48160.0], [116757.5, 159590.0], [116755.0, 1980.0], [116745.0, 1020.0], [116742.5, 1400.0], [116740.0, 1990.0], [116732.5, 12830.0], [116727.5, 590.0], [116725.0, 8080.0], [116722.5, 16480.0], [116720.0, 3860.0], [116697.5, 590.0], [116695.0, 1960.0], [116685.0, 1030.0]], "asks": [[116777.5, 30590.0], [116782.5, 40.0], [116790.0, 10600.0], [116792.5, 60600.0], [116795.0, 54600.0], [116797.5, 52500.0], [116800.0, 2130.0], [116802.5, 160.0], [116820.0, 5000.0], [116822.5, 590.0], [116825.0, 1960.0], [116835.0, 1750.0], [116837.5, 1970.0], [116840.0, 3860.0], [116852.5, 590.0], [116855.0, 1960.0], [116872.5, 14180.0], [116875.0, 47250.0], [116877.5, 40.0], [116885.0, 5550.0]]}}}
{"jsonrpc": "2.0", "method": "subscription", "params": {"channel": "book.BTC-19SEP25.none.20.100ms", "data": {"timestamp": 1758073629824, "change_id": 117658021843, "instrument_name": "BTC-19SEP25", "bids": [[116775.0, 6240.0], [116772.5, 18610.0], [116770.0, 15420.0], [116767.5, 10600.0], [116765.0, 29810.0], [116762.5, 52800.0], [116760.0, 48160.0], [116757.5, 159590.0], [116755.0, 1980.0], [116745.0, 1020.0], [116742.5, 1400.0], [116740.0, 1990.0], [116732.5, 12830.0], [116727.5, 590.0], [116725.0, 8080.0], [116722.5, 16480.0], [116720.0, 3860.0], [116697.5, 590.0], [116695.0, 1960.0], [116685.0, 1030.0]], "asks": [[116777.5, 30590.0], [116782.5, 40.0], [116790.0, 10600.0], [116792.5, 60600.0], [116795.0, 54600.0], [116797.5, 52500.0], [116800.0, 2130.0], [116802.5, 160.0], [116820.0, 5000.0], [116822.5, 590.0], [116825.0, 1960.0], [116835.0, 1750.0], [116837.5, 1970.0], [116840.0, 3860.0], [116852.5, 590.0], [116855.0, 1960.0], [116872.5, 14180.0], [116875.0, 47250.0], [116877.5, 40.0], [116885.0, 5550.0]]}}}
{"jsonrpc": "2.0", "method": "subscription", "params": {"channel": "book.BTC-19SEP25.none.20.100ms", "data": {"timestamp": 1758073630136, "change_id": 117658022365, "instrument_name": "BTC-19SEP25", "bids": [[116775.0, 16830.0], [116772.5, 18610.0], [116770.0, 15420.0], [116767.5, 10600.0], [116765.0, 29810.0], [116762.5, 52800.0], [116760.0, 48160.0], [116757.5, 159590.0], [116755.0, 1980.0], [116745.0, 1020.0], [116742.5, 1400.0], [116740.0, 1990.0], [116732.5, 12830.0], [116727.5, 590.0], [116725.0, 8080.0], [116722.5, 16480.0], [116720.0, 3860.0], [116697.5, 590.0], [116695.0, 1960.0], [116685.0, 1030.0]], "asks": [[116777.5, 30590.0], [116782.5, 40.0], [116790.0, 10600.0], [116792.5, 60600.0], [116795.0, 54600.0], [116797.5, 52500.0], [116800.0, 2130.0], [116802.5, 160.0], [116820.0, 5000.0], [116822.5, 590.0], [116825.0, 1960.0], [116835.0, 1750.0], [116837.5, 1970.0], [116840.0, 3860.0], [116852.5, 590.0], [116855.0, 1960.0], [116872.5, 14180.0], [116875.0, 47250.0], [116877.5, 40.0], [116885.0, 5550.0]]}}}
{"jsonrpc": "2.0", "method": "subscription", "params": {"channel": "book.BTC-19SEP25.none.20.100ms", "data": {"timestamp": 1758073630532, "change_id": 117658022631, "instrument_name": "BTC-19SEP25", "bids": [[116775.0, 6240.0], [116772.5, 18610.0], [116770.0, 15420.0], [116767.5, 10600.0], [116765.0, 29810.0], [116762.5, 52800.0], [116760.0, 48160.0], [116757.5, 159590.0], [116755.0, 1980.0], [116745.0, 1020.0], [116742.5, 1400.0], [116740.0, 1990.0], [116732.5, 12830.0], [116727.5, 590.0], [116725.0, 8080.0], [116722.5, 16480.0], [116720.0, 3860.0], [116697.5, 590.0], [116695.0, 1960.0], [116685.0, 1030.0]], "asks": [[116777.5, 30590.0], [116782.5, 40.0], [116790.0, 10600.0], [116792.5, 60600.0], [116795.0, 44000.0], [116797.5, 52500.0], [116800.0, 2130.0], [116802.5, 160.0], [116817.5, 1500.0], [116820.0, 5000.0], [116822.5, 590.0], [116825.0, 1960.0], [116835.0, 1750.0], [116837.5, 1970.0], [116840.0, 3860.0], [116852.5, 590.0], [116855.0, 1960.0], [116872.5, 14180.0], [116875.0, 47250.0], [116877.5, 40.0]]}}}
{"jsonrpc": "2.0", "method": "subscription", "params": {"channel": "book.BTC-19SEP25.none.20.100ms", "data": {"timestamp": 1758073630637, "change_id": 117658022793, "instrument_name": "BTC-19SEP25", "bids": [[116775.0, 16830.0], [116772.5, 18610.0], [116770.0, 15420.0], [116767.5, 10600.0], [116765.0, 29810.0], [116762.5, 52800.0], [116760.0, 48160.0], [116757.5, 159590.0], [116755.0, 1980.0], [116745.0, 1020.0], [116742.5, 1400.0], [116740.0, 1990.0], [116732.5, 12830.0], [116727.5, 590.0], [116725.0, 8080.0], [116722.5, 16480.0], [116720.0, 3860.0], [116697.5, 590.0], [116695.0, 1960.0], [116685.0, 1030.0]], "asks": [[116777.5, 30590.0], [116782.5, 40.0], [116790.0, 10600.0], [116792.5, 60600.0], [116795.0, 44000.0], [116797.5, 52500.0], [116800.0, 2130.0], [116802.5, 160.0], [116817.5, 1500.0], [116820.0, 5000.0], [116822.5, 590.0], [116825.0, 1960.0], [116835.0, 1750.0], [116837.5, 1970.0], [116840.0, 3860.0], [116852.5, 590.0], [116855.0, 1960.0], [116872.5, 14180.0], [116875.0, 47250.0], [116877.5, 40.0]]}}}
