{"jsonrpc": "2.0", "method": "subscription", "params": {"channel": "book.BTC-13MAR26.none.20.100ms", "data": {"timestamp": 1772553480633, "change_id": 143404434111, "instrument_name": "BTC-13MAR26", "bids": [[67585.0, 450.0], [67582.5, 1500.0], [67577.5, 760.0], [67575.0, 2550.0], [67520.0, 3090.0], [67517.5, 10350.0], [67472.5, 12970.0], [67470.0, 58110.0], [67432.5, 5080.0], [67420.0, 30210.0], [67367.5, 30860.0], [67365.0, 3420.0], [67335.0, 35810.0], [67312.5, 50.0], [67310.0, 50000.0], [67247.5, 29330.0], [67202.5, 160.0], [67170.0, 50000.0], [67167.5, 300000.0], [67105.0, 29660.0]], "asks": [[67590.0, 3450.0], [67597.5, 60.0], [67610.0, 270.0], [67612.5, 1350.0], [67615.0, 1500.0], [67620.0, 500.0], [67625.0, 3010.0], [67627.5, 10080.0], [67635.0, 560.0], [67637.5, 2000.0], [67665.0, 300.0], [67667.5, 1000.0], [67687.5, 1370.0], [67690.0, 4590.0], [67697.5, 1000.0], [67727.5, 10.0], [67737.5, 50000.0], [67740.0, 46140.0], [67790.0, 130.0], [67795.0, 4960.0]]}}}
{"jsonrpc": "2.0", "method": "subscription", "params": {"channel": "book.BTC-6MAR26.none.20.100ms", "data": {"timestamp": 1772553480631, "change_id": 143404434103, "instrument_name": "BTC-6MAR26", "bids": [[67547.5, 2900.0], [67545.0, 2510.0], [67542.5, 4330.0], [67457.5, 290.0], [67455.0, 1690.0], [67452.5, 1820.0], [67450.0, 4350.0], [67447.5, 9880.0], [67435.0, 6090.0], [67432.5, 20390.0], [67430.0, 420.0], [67427.5, 1400.0], [67425.0, 12840.0], [67422.5, 62580.0], [67370.0, 40670.0], [67320.0, 1700.0], [67302.5, 39610.0], [67285.0, 10.0], [67280.0, 200.0], [67277.5, 50000.0]], "asks": [[67557.5, 1400.0], [67562.5, 2510.0], [67572.5, 420.0], [67575.0, 1820.0], [67577.5, 1850.0], [67580.0, 1500.0], [67650.0, 3030.0], [67652.5, 10160.0], [67675.0, 14930.0], [67677.5, 63640.0], [67680.0, 45690.0], [67805.0, 40.0], [67815.0, 40570.0], [67817.5, 19580.0], [67827.5, 1700.0], [67852.5, 10.0], [67855.0, 6820.0], [67865.0, 50000.0], [67912.5, 100330.0], [67980.0, 160.0]]}}}
{"jsonrpc": "2.0", "method": "subscription", "params": {"channel": "book.BTC-13MAR26.none.20.100ms", "data": {"timestamp": 1772553480907, "change_id": 143404434780, "instrument_name": "BTC-13MAR26", "bids": [[67587.5, 1500.0], [67520.0, 3090.0], [67517.5, 10350.0], [67472.5, 12970.0], [67470.0, 58110.0], [67432.5, 5080.0], [67420.0, 30210.0], [67367.5, 30860.0], [67365.0, 3420.0], [67335.0, 35810.0], [67312.5, 50.0], [67310.0, 50000.0], [67247.5, 29330.0], [67202.5, 160.0], [67170.0, 50000.0], [67167.5, 300000.0], [67105.0, 29660.0], [67090.0, 230.0], [67052.5, 109190.0], [67050.0, 50000.0]], "asks": [[67590.0, 2550.0], [67597.5, 60.0], [67610.0, 270.0], [67612.5, 1350.0], [67615.0, 1500.0], [67620.0, 500.0], [67625.0, 3010.0], [67627.5, 10080.0], [67635.0, 560.0], [67637.5, 2000.0], [67665.0, 300.0], [67667.5, 1000.0], [67687.5, 1370.0], [67690.0, 4590.0], [67697.5, 1000.0], [67727.5, 10.0], [67737.5, 50000.0], [67740.0, 46140.0], [67790.0, 130.0], [67795.0, 4960.0]]}}}
{"jsonrpc": "2.0", "method": "subscription", "params": {"channel": "book.BTC-6MAR26.none.20.100ms", "data": {"timestamp": 1772553480912, "change_id": 143404434793, "instrument_name": "BTC-6MAR26", "bids": [[67555.0, 1500.0], [67547.5, 1400.0], [67545.0, 1400.0], [67457.5, 290.0], [67455.0, 1690.0], [67452.5, 1820.0], [67450.0, 4350.0], [67447.5, 9880.0], [67435.0, 6090.0], [67432.5, 20390.0], [67430.0, 420.0], [67427.5, 1400.0], [67425.0, 12840.0], [67422.5, 62580.0], [67370.0, 40670.0], [67320.0, 1700.0], [67302.5, 39610.0], [67285.0, 10.0], [67280.0, 200.0], [67277.5, 50000.0]], "asks": [[67557.5, 1400.0], [67562.5, 2510.0], [67572.5, 420.0], [67575.0, 1820.0], [67577.5, 1850.0], [67580.0, 1500.0], [67650.0, 3030.0], [67652.5, 10160.0], [67675.0, 14930.0], [67677.5, 63640.0], [67680.0, 45690.0], [67805.0, 40.0], [67815.0, 40570.0], [67817.5, 19580.0], [67827.5, 1700.0], [67852.5, 10.0], [67855.0, 6820.0], [67865.0, 50000.0], [67912.5, 100330.0], [67980.0, 160.0]]}}}
{"jsonrpc": "2.0", "method": "subscription", "params": {"channel": "book.BTC-13MAR26.none.20.100ms", "data": {"timestamp": 1772553481262, "change_id": 143404436679, "instrument_name": "BTC-13MAR26", "bids": [[67590.0, 450.0], [67587.5, 1500.0], [67585.0, 760.0], [67582.5, 2550.0], [67520.0, 3090.0], [67517.5, 10350.0], [67490.0, 4380.0], [67487.5, 14660.0], [67477.5, 1520.0], [67475.0, 5080.0], [67472.5, 12970.0], [67470.0, 43450.0], [67420.0, 30210.0], [67367.5, 30860.0], [67365.0, 3420.0], [67335.0, 35810.0], [67312.5, 50.0], [67310.0, 50000.0], [67247.5, 29330.0], [67202.5, 160.0]], "asks": [[67605.0, 3450.0], [67612.5, 60.0], [67620.0, 500.0], [67635.0, 560.0], [67637.5, 2000.0], [67647.5, 3060.0], [67650.0, 10250.0], [67665.0, 300.0], [67667.5, 1000.0], [67687.5, 1370.0], [67690.0, 4590.0], [67695.0, 300.0], [67697.5, 1000.0], [67727.5, 10.0], [67735.0, 14930.0], [67737.5, 63770.0], [67740.0, 46140.0], [67790.0, 130.0], [67795.0, 4960.0], [67812.5, 20.0]]}}}
{"jsonrpc": "2.0", "method": "subscription", "params": {"channel": "book.BTC-6MAR26.none.20.100ms", "data": {"timestamp": 1772553481289, "change_id": 143404437015, "instrument_name": "BTC-6MAR26", "bids": [[67560.0, 420.0], [67557.5, 2540.0], [67555.0, 1500.0], [67550.0, 420.0], [67547.5, 1400.0], [67457.5, 290.0], [67455.0, 1690.0], [67452.5, 1820.0], [67450.0, 4350.0], [67447.5, 9880.0], [67430.0, 420.0], [67427.5, 1400.0], [67425.0, 12840.0], [67422.5, 62580.0], [67397.5, 40670.0], [67320.0, 1700.0], [67302.5, 39610.0], [67285.0, 10.0], [67280.0, 200.0], [67277.5, 50000.0]], "asks": [[67572.5, 1400.0], [67575.0, 1400.0], [67577.5, 2510.0], [67650.0, 3030.0], [67652.5, 10160.0], [67675.0, 14930.0], [67677.5, 63640.0], [67680.0, 45690.0], [67800.0, 19670.0], [67805.0, 40.0], [67815.0, 40570.0], [67817.5, 19580.0], [67827.5, 1700.0], [67852.5, 10.0], [67855.0, 6820.0], [67865.0, 50000.0], [67912.5, 100330.0], [67980.0, 160.0], [67982.5, 27290.0], [67985.0, 50000.0]]}}}
{"jsonrpc": "2.0", "method": "subscription", "params": {"channel": "book.BTC-13MAR26.none.20.100ms", "data": {"timestamp": 1772553481534, "change_id": 143404438220, "instrument_name": "BTC-13MAR26", "bids": [[67590.0, 700.0], [67587.5, 2550.0], [67520.0, 3090.0], [67517.5, 10350.0], [67472.5, 12970.0], [67470.0, 58110.0], [67420.0, 30210.0], [67367.5, 30860.0], [67365.0, 3420.0], [67335.0, 35810.0], [67312.5, 50.0], [67310.0, 50000.0], [67247.5, 29330.0], [67202.5, 160.0], [67170.0, 50000.0], [67167.5, 300000.0], [67105.0, 29660.0], [67090.0, 230.0], [67052.5, 109190.0], [67050.0, 50000.0]], "asks": [[67605.0, 2400.0], [67610.0, 3450.0], [67612.5, 60.0], [67627.5, 590.0], [67630.0, 1990.0], [67635.0, 560.0], [67637.5, 2000.0], [67647.5, 3060.0], [67650.0, 10250.0], [67665.0, 300.0], [67667.5, 1000.0], [67687.5, 1370.0], [67690.0, 4590.0], [67695.0, 300.0], [67697.5, 1000.0], [67727.5, 10.0], [67735.0, 14930.0], [67737.5, 63770.0], [67740.0, 46140.0], [67790.0, 130.0]]}}}
{"jsonrpc": "2.0", "method": "subscription", "params": {"channel": "book.BTC-6MAR26.none.20.100ms", "data": {"timestamp": 1772553481622, "change_id": 143404438390, "instrument_name": "BTC-6MAR26", "bids": [[67565.0, 1400.0], [67562.5, 1400.0], [67560.0, 2930.0], [67457.5, 290.0], [67455.0, 7870.0], [67452.5, 22210.0], [67450.0, 4350.0], [67447.5, 9880.0], [67430.0, 420.0], [67427.5, 1400.0], [67425.0, 12840.0], [67422.5, 62580.0], [67397.5, 40670.0], [67337.5, 39610.0], [67320.0, 1700.0], [67285.0, 10.0], [67280.0, 200.0], [67277.5, 50000.0], [67257.5, 27300.0], [67217.5, 6820.0]], "asks": [[67575.0, 1400.0], [67577.5, 2510.0], [67590.0, 420.0], [67592.5, 1850.0], [67595.0, 1500.0], [67650.0, 3030.0], [67652.5, 10160.0], [67675.0, 14930.0], [67677.5, 63640.0], [67680.0, 45690.0], [67802.5, 19670.0], [67805.0, 40.0], [67815.0, 40570.0], [67817.5, 19580.0], [67827.5, 1700.0], [67852.5, 10.0], [67855.0, 6820.0], [67865.0, 50000.0], [67912.5, 100330.0], [67980.0, 160.0]]}}}
{"jsonrpc": "2.0", "method": "subscription", "params": {"channel": "book.BTC-13MAR26.none.20.100ms", "data": {"timestamp": 1772553481933, "change_id": 143404439365, "instrument_name": "BTC-13MAR26", "bids": [[67590.0, 450.0], [67587.5, 1500.0], [67585.0, 760.0], [67582.5, 2550.0], [67520.0, 3090.0], [67517.5, 10350.0], [67472.5, 12970.0], [67470.0, 43450.0], [67432.5, 30210.0], [67425.0, 5080.0], [67380.0, 30860.0], [67365.0, 3420.0], [67342.5, 34110.0], [67335.0, 1700.0], [67312.5, 50.0], [67310.0, 50000.0], [67247.5, 29330.0], [67202.5, 160.0], [67170.0, 50000.0], [67167.5, 300000.0]], "asks": [[67605.0, 4950.0], [67607.5, 270.0], [67610.0, 900.0], [67612.5, 60.0], [67627.5, 590.0], [67630.0, 1990.0], [67635.0, 560.0], [67637.5, 2000.0], [67647.5, 3060.0], [67650.0, 10250.0], [67665.0, 300.0], [67667.5, 1000.0], [67687.5, 1370.0], [67690.0, 4590.0], [67695.0, 300.0], [67697.5, 1000.0], [67727.5, 10.0], [67735.0, 14930.0], [67737.5, 63770.0], [67740.0, 46140.0]]}}}
{"jsonrpc": "2.0", "method": "subscription", "params": {"channel": "book.BTC-6MAR26.none.20.100ms", "data": {"timestamp": 1772553481919, "change_id": 143404439324, "instrument_name": "BTC-6MAR26", "bids": [[67565.0, 1400.0], [67562.5, 1400.0], [67560.0, 2510.0], [67555.0, 450.0], [67552.5, 1500.0], [67457.5, 290.0], [67455.0, 7870.0], [67452.5, 22210.0], [67450.0, 4350.0], [67447.5, 9880.0], [67430.0, 420.0], [67427.5, 1400.0], [67425.0, 12840.0], [67422.5, 62580.0], [67397.5, 40670.0], [67337.5, 39610.0], [67320.0, 1700.0], [67285.0, 10.0], [67280.0, 200.0], [67277.5, 50000.0]], "asks": [[67575.0, 1400.0], [67577.5, 2510.0], [67590.0, 420.0], [67592.5, 1850.0], [67595.0, 1500.0], [67650.0, 3030.0], [67652.5, 10160.0], [67675.0, 14930.0], [67677.5, 63640.0], [67680.0, 45690.0], [67802.5, 19670.0], [67805.0, 40.0], [67815.0, 40570.0], [67817.5, 19580.0], [67827.5, 1700.0], [67852.5, 10.0], [67855.0, 6820.0], [67865.0, 50000.0], [67912.5, 100330.0], [67980.0, 160.0]]}}}
{"jsonrpc": "2.0", "method": "subscription", "params": {"channel": "book.BTC-13MAR26.none.20.100ms", "data": {"timestamp": 1772553482280, "change_id": 143404441506, "instrument_name": "BTC-13MAR26", "bids": [[67567.5, 760.0], [67565.0, 2550.0], [67502.5, 2990.0], [67500.0, 10000.0], [67472.5, 12970.0], [67470.0, 43450.0], [67417.5, 9020.0], [67415.0, 30210.0], [67367.5, 1020.0], [67365.0, 3420.0], [67362.5, 30860.0], [67342.5, 34110.0], [67335.0, 1700.0], [67312.5, 50.0], [67310.0, 50000.0], [67247.5, 29330.0], [67202.5, 160.0], [67170.0, 50000.0], [67167.5, 300000.0], [67105.0, 29660.0]], "asks": [[67585.0, 3450.0], [67597.5, 60.0], [67602.5, 450.0], [67605.0, 1500.0], [67627.5, 590.0], [67630.0, 1990.0], [67635.0, 560.0], [67637.5, 2000.0], [67647.5, 3060.0], [67650.0, 10250.0], [67665.0, 300.0], [67667.5, 1000.0], [67687.5, 1370.0], [67690.0, 4590.0], [67695.0, 300.0], [67697.5, 1000.0], [67727.5, 10.0], [67735.0, 14930.0], [67737.5, 63770.0], [67740.0, 46140.0]]}}}
{"jsonrpc": "2.0", "method": "subscription", "params": {"channel": "book.BTC-6MAR26.none.20.100ms", "data": {"timestamp": 1772553482266, "change_id": 143404441398, "instrument_name": "BTC-6MAR26", "bids": [[67550.0, 1400.0], [67540.0, 750.0], [67537.5, 2510.0], [67457.5, 290.0], [67455.0, 7870.0], [67452.5, 22210.0], [67450.0, 4350.0], [67447.5, 9880.0], [67430.0, 420.0], [67427.5, 1400.0], [67425.0, 12840.0], [67422.5, 43000.0], [67330.0, 39610.0], [67320.0, 1700.0], [67307.5, 40670.0], [67285.0, 10.0], [67280.0, 200.0], [67277.5, 50000.0], [67257.5, 27300.0], [67217.5, 6820.0]], "asks": [[67555.0, 3910.0], [67590.0, 420.0], [67592.5, 1850.0], [67595.0, 1500.0], [67650.0, 3030.0], [67652.5, 10160.0], [67675.0, 14930.0], [67677.5, 63640.0], [67680.0, 45690.0], [67802.5, 19670.0], [67805.0, 40.0], [67815.0, 40570.0], [67817.5, 19580.0], [67827.5, 1700.0], [67852.5, 10.0], [67855.0, 6820.0], [67865.0, 50000.0], [67912.5, 100330.0], [67980.0, 160.0], [67982.5, 27290.0]]}}}
{"jsonrpc": "2.0", "method": "subscription", "params": {"channel": "book.BTC-13MAR26.none.20.100ms", "data": {"timestamp": 1772553482555, "change_id": 143404442558, "instrument_name": "BTC-13MAR26", "bids": [[67572.5, 450.0], [67570.0, 1500.0], [67567.5, 760.0], [67565.0, 2550.0], [67502.5, 2990.0], [67500.0, 10000.0], [67472.5, 12970.0], [67470.0, 43450.0], [67450.0, 4380.0], [67447.5, 14660.0], [67417.5, 9020.0], [67415.0, 30210.0], [67365.0, 3420.0], [67362.5, 30860.0], [67342.5, 34110.0], [67337.5, 1700.0], [67312.5, 50.0], [67310.0, 50000.0], [67247.5, 29330.0], [67202.5, 160.0]], "asks": [[67585.0, 3450.0], [67597.5, 60.0], [67600.0, 270.0], [67602.5, 1350.0], [67605.0, 1950.0], [67607.5, 1500.0], [67630.0, 490.0], [67635.0, 560.0], [67637.5, 2000.0], [67647.5, 3060.0], [67650.0, 10250.0], [67665.0, 300.0], [67667.5, 1000.0], [67687.5, 1370.0], [67690.0, 4590.0], [67695.0, 300.0], [67697.5, 1000.0], [67727.5, 10.0], [67735.0, 14930.0], [67737.5, 63770.0]]}}}
{"jsonrpc": "2.0", "method": "subscription", "params": {"channel": "book.BTC-6MAR26.none.20.100ms", "data": {"timestamp": 1772553482489, "change_id": 143404442314, "instrument_name": "BTC-6MAR26", "bids": [[67550.0, 1400.0], [67540.0, 750.0], [67537.5, 2960.0], [67535.0, 1500.0], [67457.5, 290.0], [67455.0, 1690.0], [67452.5, 1820.0], [67450.0, 4350.0], [67447.5, 9880.0], [67435.0, 6090.0], [67432.5, 20390.0], [67430.0, 420.0], [67427.5, 1400.0], [67425.0, 12840.0], [67422.5, 62580.0], [67397.5, 40670.0], [67330.0, 39610.0], [67320.0, 1700.0], [67285.0, 10.0], [67280.0, 200.0]], "asks": [[67555.0, 3910.0], [67565.0, 420.0], [67567.5, 1850.0], [67570.0, 1500.0], [67650.0, 3030.0], [67652.5, 10160.0], [67675.0, 14930.0], [67677.5, 63640.0], [67680.0, 45690.0], [67800.0, 19670.0], [67805.0, 40.0], [67815.0, 40570.0], [67817.5, 19580.0], [67827.5, 1700.0], [67852.5, 10.0], [67855.0, 6820.0], [67865.0, 50000.0], [67912.5, 100330.0], [67980.0, 160.0], [67982.5, 27290.0]]}}}
{"jsonrpc": "2.0", "method": "subscription", "params": {"channel": "book.BTC-6MAR26.none.20.100ms", "data": {"timestamp": 1772553482832, "change_id": 143404443225, "instrument_name": "BTC-6MAR26", "bids": [[67550.0, 1400.0], [67545.0, 750.0], [67542.5, 2960.0], [67540.0, 1500.0], [67457.5, 290.0], [67455.0, 1690.0], [67452.5, 1820.0], [67450.0, 4350.0], [67447.5, 9880.0], [67435.0, 6090.0], [67432.5, 20390.0], [67430.0, 420.0], [67427.5, 1400.0], [67425.0, 12840.0], [67422.5, 62580.0], [67397.5, 40670.0], [67330.0, 39610.0], [67320.0, 1700.0], [67285.0, 10.0], [67280.0, 200.0]], "asks": [[67560.0, 2510.0], [67567.5, 1400.0], [67650.0, 3030.0], [67652.5, 10160.0], [67675.0, 14930.0], [67677.5, 63640.0], [67680.0, 45690.0], [67800.0, 19670.0], [67805.0, 40.0], [67815.0, 40570.0], [67817.5, 19580.0], [67827.5, 1700.0], [67852.5, 10.0], [67855.0, 6820.0], [67865.0, 50000.0], [67912.5, 100330.0], [67980.0, 160.0], [67982.5, 27290.0], [67985.0, 50000.0], [67987.5, 59630.0]]}}}
{"jsonrpc": "2.0", "method": "subscription", "params": {"channel": "book.BTC-13MAR26.none.20.100ms", "data": {"timestamp": 1772553482858, "change_id": 143404443326, "instrument_name": "BTC-13MAR26", "bids": [[67577.5, 450.0], [67575.0, 1500.0], [67572.5, 760.0], [67570.0, 2550.0], [67502.5, 2990.0], [67500.0, 10000.0], [67472.5, 12970.0], [67470.0, 43450.0], [67450.0, 4380.0], [67447.5, 14660.0], [67417.5, 9020.0], [67415.0, 30210.0], [67365.0, 3420.0], [67362.5, 30860.0], [67342.5, 34110.0], [67337.5, 1700.0], [67312.5, 50.0], [67310.0, 50000.0], [67247.5, 29330.0], [67202.5, 160.0]], "asks": [[67590.0, 3450.0], [67597.5, 60.0], [67600.0, 270.0], [67602.5, 1350.0], [67605.0, 1500.0], [67630.0, 490.0], [67635.0, 560.0], [67637.5, 2000.0], [67647.5, 3060.0], [67650.0, 10250.0], [67665.0, 300.0], [67667.5, 1000.0], [67687.5, 1370.0], [67690.0, 4590.0], [67695.0, 300.0], [67697.5, 1000.0], [67727.5, 10.0], [67735.0, 14930.0], [67737.5, 63770.0], [67740.0, 46140.0]]}}}
{"jsonrpc": "2.0", "method": "subscription", "params": {"channel": "book.BTC-13MAR26.none.20.100ms", "data": {"timestamp": 1772553483277, "change_id": 143404444657, "instrument_name": "BTC-13MAR26", "bids": [[67582.5, 450.0], [67580.0, 1500.0], [67577.5, 760.0], [67575.0, 2550.0], [67472.5, 12970.0], [67470.0, 43450.0], [67455.0, 1520.0], [67452.5, 5080.0], [67450.0, 4380.0], [67447.5, 14660.0], [67417.5, 9020.0], [67415.0, 30210.0], [67365.0, 3420.0], [67362.5, 30860.0], [67342.5, 34110.0], [67337.5, 1700.0], [67312.5, 50.0], [67310.0, 50000.0], [67247.5, 29330.0], [67202.5, 160.0]], "asks": [[67595.0, 3450.0], [67600.0, 270.0], [67602.5, 1350.0], [67605.0, 1500.0], [67607.5, 50.0], [67630.0, 490.0], [67635.0, 560.0], [67637.5, 2000.0], [67647.5, 3060.0], [67650.0, 10250.0], [67665.0, 300.0], [67667.5, 1000.0], [67687.5, 1370.0], [67690.0, 4590.0], [67695.0, 300.0], [67697.5, 1000.0], [67727.5, 10.0], [67735.0, 14930.0], [67737.5, 63770.0], [67740.0, 46140.0]]}}}
{"jsonrpc": "2.0", "method": "subscription", "params": {"channel": "book.BTC-6MAR26.none.20.100ms", "data": {"timestamp": 1772553483278, "change_id": 143404444663, "instrument_name": "BTC-6MAR26", "bids": [[67552.5, 1820.0], [67550.0, 2150.0], [67547.5, 450.0], [67545.0, 1500.0], [67457.5, 290.0], [67455.0, 1690.0], [67452.5, 1820.0], [67450.0, 4350.0], [67447.5, 9880.0], [67435.0, 6090.0], [67432.5, 20390.0], [67430.0, 420.0], [67427.5, 1400.0], [67425.0, 12840.0], [67422.5, 62580.0], [67397.5, 40670.0], [67330.0, 39610.0], [67320.0, 1700.0], [67285.0, 10.0], [67280.0, 200.0]], "asks": [[67565.0, 1400.0], [67567.5, 1400.0], [67570.0, 2510.0], [67650.0, 3030.0], [67652.5, 10160.0], [67675.0, 14930.0], [67677.5, 63640.0], [67680.0, 45690.0], [67800.0, 19670.0], [67805.0, 40.0], [67815.0, 40570.0], [67817.5, 19580.0], [67827.5, 1700.0], [67852.5, 10.0], [67855.0, 6820.0], [67865.0, 50000.0], [67912.5, 100330.0], [67980.0, 160.0], [67982.5, 27290.0], [67985.0, 50000.0]]}}}
{"jsonrpc": "2.0", "method": "subscription", "params": {"channel": "book.BTC-6MAR26.none.20.100ms", "data": {"timestamp": 1772553483591, "change_id": 143404446249, "instrument_name": "BTC-6MAR26", "bids": [[67565.0, 10.0], [67560.0, 1400.0], [67557.5, 1400.0], [67555.0, 2150.0], [67552.5, 2930.0], [67550.0, 1400.0], [67547.5, 450.0], [67545.0, 1500.0], [67457.5, 290.0], [67455.0, 1690.0], [67452.5, 1820.0], [67450.0, 4350.0], [67447.5, 9880.0], [67437.5, 20390.0], [67425.0, 12840.0], [67422.5, 62580.0], [67397.5, 40670.0], [67330.0, 39610.0], [67320.0, 1700.0], [67285.0, 10.0]], "asks": [[67567.5, 1400.0], [67575.0, 2510.0], [67650.0, 3030.0], [67652.5, 10160.0], [67675.0, 14930.0], [67677.5, 63640.0], [67680.0, 45690.0], [67797.5, 19670.0], [67805.0, 40.0], [67815.0, 40570.0], [67817.5, 19580.0], [67827.5, 1700.0], [67852.5, 10.0], [67855.0, 6820.0], [67865.0, 50000.0], [67912.5, 100330.0], [67980.0, 160.0], [67982.5, 27290.0], [67985.0, 50000.0], [67987.5, 59630.0]]}}}
{"jsonrpc": "2.0", "method": "subscription", "params": {"channel": "book.BTC-13MAR26.none.20.100ms", "data": {"timestamp": 1772553483590, "change_id": 143404446248, "instrument_name": "BTC-13MAR26", "bids": [[67585.0, 760.0], [67582.5, 3000.0], [67580.0, 1500.0], [67535.0, 3090.0], [67532.5, 10340.0], [67472.5, 12970.0], [67470.0, 43450.0], [67455.0, 1520.0], [67452.5, 5080.0], [67450.0, 4380.0], [67447.5, 14660.0], [67417.5, 9020.0], [67415.0, 30210.0], [67365.0, 3420.0], [67362.5, 30860.0], [67342.5, 34110.0], [67337.5, 1700.0], [67312.5, 50.0], [67310.0, 50000.0], [67247.5, 29330.0]], "asks": [[67600.0, 3450.0], [67602.5, 1350.0], [67605.0, 1500.0], [67607.5, 50.0], [67630.0, 490.0], [67635.0, 560.0], [67637.5, 2000.0], [67647.5, 3060.0], [67650.0, 10250.0], [67665.0, 300.0], [67667.5, 1000.0], [67687.5, 1370.0], [67690.0, 4590.0], [67695.0, 300.0], [67697.5, 1000.0], [67727.5, 10.0], [67735.0, 14930.0], [67737.5, 63770.0], [67740.0, 46140.0], [67790.0, 130.0]]}}}
{"jsonrpc": "2.0", "method": "subscription", "params": {"channel": "book.BTC-13MAR26.none.20.100ms", "data": {"timestamp": 1772553483880, "change_id": 143404446788, "instrument_name": "BTC-13MAR26", "bids": [[67592.5, 900.0], [67590.0, 1500.0], [67585.0, 760.0], [67582.5, 3000.0], [67535.0, 3090.0], [67532.5, 10340.0], [67472.5, 12970.0], [67470.0, 43450.0], [67455.0, 1520.0], [67452.5, 5080.0], [67450.0, 4380.0], [67447.5, 14660.0], [67417.5, 9020.0], [67415.0, 30210.0], [67365.0, 3420.0], [67362.5, 30860.0], [67342.5, 35810.0], [67312.5, 50.0], [67310.0, 50000.0], [67247.5, 29330.0]], "asks": [[67600.0, 3450.0], [67602.5, 1350.0], [67605.0, 1500.0], [67607.5, 50.0], [67620.0, 450.0], [67622.5, 1500.0], [67630.0, 490.0], [67635.0, 560.0], [67637.5, 2000.0], [67647.5, 3060.0], [67650.0, 10250.0], [67665.0, 300.0], [67667.5, 1000.0], [67687.5, 1370.0], [67690.0, 4590.0], [67695.0, 300.0], [67697.5, 1000.0], [67727.5, 10.0], [67735.0, 14930.0], [67737.5, 63770.0]]}}}
{"jsonrpc": "2.0", "method": "subscription", "params": {"channel": "book.BTC-6MAR26.none.20.100ms", "data": {"timestamp": 1772553483880, "change_id": 143404446787, "instrument_name": "BTC-6MAR26", "bids": [[67565.0, 10.0], [67560.0, 1400.0], [67557.5, 2900.0], [67555.0, 1400.0], [67552.5, 2930.0], [67550.0, 1400.0], [67457.5, 290.0], [67455.0, 1690.0], [67452.5, 1820.0], [67450.0, 4350.0], [67447.5, 9880.0], [67437.5, 20390.0], [67425.0, 12840.0], [67422.5, 62580.0], [67397.5, 40670.0], [67330.0, 39610.0], [67320.0, 1700.0], [67285.0, 10.0], [67280.0, 200.0], [67277.5, 50000.0]], "asks": [[67567.5, 1400.0], [67570.0, 2510.0], [67585.0, 450.0], [67587.5, 1500.0], [67650.0, 3030.0], [67652.5, 10160.0], [67675.0, 14930.0], [67677.5, 63640.0], [67680.0, 45690.0], [67797.5, 19670.0], [67805.0, 40.0], [67815.0, 40570.0], [67817.5, 19580.0], [67827.5, 1700.0], [67852.5, 10.0], [67855.0, 6820.0], [67865.0, 50000.0], [67912.5, 100330.0], [67980.0, 160.0], [67982.5, 27290.0]]}}}
{"jsonrpc": "2.0", "method": "subscription", "params": {"channel": "book.BTC-13MAR26.none.20.100ms", "data": {"timestamp": 1772553484270, "change_id": 143404447960, "instrument_name": "BTC-13MAR26", "bids": [[67590.0, 1500.0], [67535.0, 3090.0], [67532.5, 10340.0], [67472.5, 12970.0], [67470.0, 43450.0], [67455.0, 1520.0], [67452.5, 5080.0], [67450.0, 4380.0], [67447.5, 14660.0], [67417.5, 9020.0], [67415.0, 30210.0], [67365.0, 3420.0], [67362.5, 30860.0], [67342.5, 35810.0], [67312.5, 50.0], [67310.0, 50000.0], [67247.5, 29330.0], [67202.5, 160.0], [67170.0, 50000.0], [67167.5, 300000.0]], "asks": [[67597.5, 1030.0], [67600.0, 3720.0], [67602.5, 1350.0], [67605.0, 1500.0], [67607.5, 50.0], [67612.5, 600.0], [67615.0, 2000.0], [67620.0, 450.0], [67622.5, 1500.0], [67630.0, 490.0], [67635.0, 560.0], [67637.5, 2000.0], [67647.5, 3060.0], [67650.0, 10250.0], [67665.0, 300.0], [67667.5, 1000.0], [67687.5, 1370.0], [67690.0, 4590.0], [67695.0, 300.0], [67697.5, 1000.0]]}}}
{"jsonrpc": "2.0", "method": "subscription", "params": {"channel": "book.BTC-6MAR26.none.20.100ms", "data": {"timestamp": 1772553484254, "change_id": 143404447790, "instrument_name": "BTC-6MAR26", "bids": [[67565.0, 10.0], [67557.5, 1400.0], [67555.0, 1400.0], [67552.5, 2510.0], [67550.0, 1400.0], [67457.5, 290.0], [67455.0, 1690.0], [67452.5, 1820.0], [67450.0, 4350.0], [67447.5, 9880.0], [67437.5, 20390.0], [67425.0, 12840.0], [67422.5, 62580.0], [67397.5, 40670.0], [67330.0, 39610.0], [67320.0, 1700.0], [67285.0, 10.0], [67280.0, 200.0], [67277.5, 50000.0], [67257.5, 27300.0]], "asks": [[67567.5, 1400.0], [67570.0, 2510.0], [67585.0, 450.0], [67587.5, 1500.0], [67650.0, 3030.0], [67652.5, 10160.0], [67675.0, 14930.0], [67677.5, 63640.0], [67680.0, 45690.0], [67797.5, 19670.0], [67805.0, 40.0], [67815.0, 40570.0], [67817.5, 19580.0], [67827.5, 1700.0], [67852.5, 10.0], [67855.0, 6820.0], [67865.0, 50000.0], [67912.5, 100330.0], [67980.0, 160.0], [67982.5, 27290.0]]}}}
{"jsonrpc": "2.0", "method": "subscription", "params": {"channel": "book.BTC-13MAR26.none.20.100ms", "data": {"timestamp": 1772553484514, "change_id": 143404448584, "instrument_name": "BTC-13MAR26", "bids": [[67590.0, 2400.0], [67580.0, 760.0], [67577.5, 2550.0], [67535.0, 3090.0], [67532.5, 10340.0], [67472.5, 12970.0], [67470.0, 58110.0], [67460.0, 1520.0], [67457.5, 5080.0], [67417.5, 9020.0], [67415.0, 30210.0], [67365.0, 3420.0], [67362.5, 30860.0], [67342.5, 35810.0], [67312.5, 50.0], [67310.0, 50000.0], [67247.5, 29330.0], [67202.5, 160.0], [67170.0, 50000.0], [67167.5, 300000.0]], "asks": [[67595.0, 3450.0], [67597.5, 1170.0], [67600.0, 1170.0], [67602.5, 1350.0], [67605.0, 1500.0], [67607.5, 50.0], [67612.5, 600.0], [67615.0, 2680.0], [67617.5, 2400.0], [67630.0, 490.0], [67635.0, 560.0], [67637.5, 2000.0], [67647.5, 3060.0], [67650.0, 10250.0], [67665.0, 300.0], [67667.5, 1000.0], [67687.5, 1370.0], [67690.0, 4590.0], [67695.0, 300.0], [67697.5, 1000.0]]}}}
{"jsonrpc": "2.0", "method": "subscription", "params": {"channel": "book.BTC-6MAR26.none.20.100ms", "data": {"timestamp": 1772553484467, "change_id": 143404448444, "instrument_name": "BTC-6MAR26", "bids": [[67565.0, 10.0], [67555.0, 1400.0], [67552.5, 1920.0], [67550.0, 2150.0], [67547.5, 2510.0], [67457.5, 290.0], [67455.0, 1690.0], [67452.5, 1820.0], [67450.0, 4350.0], [67447.5, 9880.0], [67440.0, 6090.0], [67437.5, 20390.0], [67425.0, 12840.0], [67422.5, 62580.0], [67397.5, 40670.0], [67330.0, 39610.0], [67320.0, 1700.0], [67285.0, 10.0], [67280.0, 200.0], [67277.5, 50000.0]], "asks": [[67567.5, 1400.0], [67570.0, 2510.0], [67577.5, 420.0], [67580.0, 1850.0], [67582.5, 1500.0], [67650.0, 3030.0], [67652.5, 10160.0], [67675.0, 14930.0], [67677.5, 63640.0], [67680.0, 45690.0], [67797.5, 19670.0], [67805.0, 40.0], [67815.0, 40570.0], [67817.5, 19580.0], [67827.5, 1700.0], [67852.5, 10.0], [67855.0, 6820.0], [67865.0, 50000.0], [67912.5, 100330.0], [67980.0, 160.0]]}}}
{"jsonrpc": "2.0", "method": "subscription", "params": {"channel": "book.BTC-13MAR26.none.20.100ms", "data": {"timestamp": 1772553484929, "change_id": 143404449478, "instrument_name": "BTC-13MAR26", "bids": [[67595.0, 1170.0], [67592.5, 1620.0], [67590.0, 2400.0], [67582.5, 2550.0], [67535.0, 3090.0], [67532.5, 10340.0], [67472.5, 12970.0], [67470.0, 58110.0], [67465.0, 1520.0], [67462.5, 5080.0], [67417.5, 9020.0], [67415.0, 30210.0], [67365.0, 3420.0], [67362.5, 30860.0], [67342.5, 35810.0], [67312.5, 50.0], [67310.0, 50000.0], [67247.5, 29330.0], [67202.5, 160.0], [67170.0, 50000.0]], "asks": [[67600.0, 2550.0], [67605.0, 1500.0], [67615.0, 320.0], [67617.5, 900.0], [67630.0, 490.0], [67635.0, 560.0], [67637.5, 2000.0], [67647.5, 3060.0], [67650.0, 10250.0], [67665.0, 300.0], [67667.5, 1000.0], [67687.5, 1370.0], [67690.0, 4590.0], [67695.0, 300.0], [67697.5, 1000.0], [67727.5, 10.0], [67735.0, 14930.0], [67737.5, 63770.0], [67740.0, 46140.0], [67790.0, 130.0]]}}}
{"jsonrpc": "2.0", "method": "subscription", "params": {"channel": "book.BTC-6MAR26.none.20.100ms", "data": {"timestamp": 1772553484929, "change_id": 143404449480, "instrument_name": "BTC-6MAR26", "bids": [[67565.0, 1500.0], [67557.5, 420.0], [67555.0, 2150.0], [67552.5, 420.0], [67550.0, 1400.0], [67457.5, 290.0], [67455.0, 1690.0], [67452.5, 1820.0], [67450.0, 4350.0], [67447.5, 9880.0], [67440.0, 6090.0], [67437.5, 20390.0], [67425.0, 12840.0], [67422.5, 62580.0], [67397.5, 40670.0], [67330.0, 39610.0], [67320.0, 1700.0], [67285.0, 10.0], [67280.0, 200.0], [67277.5, 50000.0]], "asks": [[67570.0, 2510.0], [67580.0, 1400.0], [67650.0, 3030.0], [67652.5, 10160.0], [67675.0, 14930.0], [67677.5, 63640.0], [67680.0, 45690.0], [67797.5, 19670.0], [67805.0, 40.0], [67815.0, 40570.0], [67817.5, 19580.0], [67827.5, 1700.0], [67852.5, 10.0], [67855.0, 6820.0], [67865.0, 50000.0], [67912.5, 100330.0], [67980.0, 160.0], [67982.5, 27290.0], [67985.0, 50000.0], [67987.5, 59630.0]]}}}
{"jsonrpc": "2.0", "method": "subscription", "params": {"channel": "book.BTC-13MAR26.none.20.100ms", "data": {"timestamp": 1772553485248, "change_id": 143404451331, "instrument_name": "BTC-13MAR26", "bids": [[67600.0, 1710.0], [67597.5, 3720.0], [67595.0, 1170.0], [67592.5, 1350.0], [67590.0, 1500.0], [67535.0, 3090.0], [67532.5, 10340.0], [67472.5, 12970.0], [67470.0, 43450.0], [67447.5, 30210.0], [67397.5, 30860.0], [67365.0, 3420.0], [67342.5, 35810.0], [67312.5, 50.0], [67310.0, 50000.0], [67247.5, 29330.0], [67202.5, 160.0], [67170.0, 50000.0], [67167.5, 300000.0], [67105.0, 29660.0]], "asks": [[67605.0, 1500.0], [67617.5, 900.0], [67620.0, 2550.0], [67625.0, 50.0], [67655.0, 3000.0], [67657.5, 10060.0], [67662.5, 750.0], [67665.0, 2500.0], [67687.5, 1370.0], [67690.0, 4590.0], [67692.5, 300.0], [67695.0, 1000.0], [67722.5, 300.0], [67725.0, 1000.0], [67727.5, 10.0], [67735.0, 14930.0], [67737.5, 63770.0], [67740.0, 46140.0], [67790.0, 130.0], [67795.0, 4960.0]]}}}
{"jsonrpc": "2.0", "method": "subscription", "params": {"channel": "book.BTC-6MAR26.none.20.100ms", "data": {"timestamp": 1772553485259, "change_id": 143404451466, "instrument_name": "BTC-6MAR26", "bids": [[67575.0, 1400.0], [67572.5, 4330.0], [67570.0, 1820.0], [67567.5, 1850.0], [67565.0, 1500.0], [67557.5, 420.0], [67555.0, 1400.0], [67457.5, 290.0], [67455.0, 1690.0], [67452.5, 1820.0], [67450.0, 4350.0], [67447.5, 9880.0], [67425.0, 12840.0], [67422.5, 43000.0], [67397.5, 40670.0], [67330.0, 39610.0], [67320.0, 1700.0], [67285.0, 10.0], [67280.0, 200.0], [67277.5, 50000.0]], "asks": [[67587.5, 3910.0], [67667.5, 9980.0], [67675.0, 14930.0], [67677.5, 63640.0], [67680.0, 45690.0], [67795.0, 19670.0], [67805.0, 40.0], [67827.5, 1700.0], [67850.0, 40570.0], [67852.5, 10.0], [67855.0, 6820.0], [67865.0, 50000.0], [67912.5, 59810.0], [67980.0, 160.0], [67982.5, 27290.0], [67985.0, 50000.0], [67987.5, 59630.0], [68102.5, 50000.0], [68162.5, 109190.0], [68165.0, 39980.0]]}}}
{"jsonrpc": "2.0", "method": "subscription", "params": {"channel": "book.BTC-13MAR26.none.20.100ms", "data": {"timestamp": 1772553485584, "change_id": 143404453063, "instrument_name": "BTC-13MAR26", "bids": [[67602.5, 1500.0], [67600.0, 1170.0], [67597.5, 1170.0], [67595.0, 1900.0], [67592.5, 3450.0], [67535.0, 3090.0], [67532.5, 10340.0], [67475.0, 1520.0], [67472.5, 18050.0], [67470.0, 43450.0], [67460.0, 14660.0], [67447.5, 30210.0], [67397.5, 30860.0], [67365.0, 3420.0], [67345.0, 35810.0], [67312.5, 50.0], [67310.0, 50000.0], [67247.5, 29330.0], [67202.5, 160.0], [67170.0, 50000.0]], "asks": [[67605.0, 1500.0], [67610.0, 2550.0], [67615.0, 270.0], [67617.5, 950.0], [67620.0, 270.0], [67622.5, 900.0], [67632.5, 600.0], [67635.0, 2000.0], [67655.0, 3000.0], [67657.5, 10060.0], [67662.5, 750.0], [67665.0, 2000.0], [67687.5, 1370.0], [67690.0, 4590.0], [67692.5, 300.0], [67695.0, 1000.0], [67722.5, 300.0], [67725.0, 1000.0], [67727.5, 10.0], [67735.0, 14930.0]]}}}
{"jsonrpc": "2.0", "method": "subscription", "params": {"channel": "book.BTC-6MAR26.none.20.100ms", "data": {"timestamp": 1772553485558, "change_id": 143404452897, "instrument_name": "BTC-6MAR26", "bids": [[67577.5, 1500.0], [67570.0, 1400.0], [67562.5, 2510.0], [67455.0, 1400.0], [67452.5, 20390.0], [67450.0, 1400.0], [67447.5, 9880.0], [67422.5, 43000.0], [67415.0, 19580.0], [67397.5, 40670.0], [67330.0, 39610.0], [67320.0, 1700.0], [67285.0, 10.0], [67280.0, 200.0], [67277.5, 50000.0], [67257.5, 27300.0], [67217.5, 6820.0], [67212.5, 59590.0], [67192.5, 50000.0], [67167.5, 300000.0]], "asks": [[67582.5, 3910.0], [67587.5, 1400.0], [67597.5, 1400.0], [67600.0, 1500.0], [67667.5, 9980.0], [67677.5, 50000.0], [67680.0, 45690.0], [67795.0, 19670.0], [67805.0, 40.0], [67827.5, 1700.0], [67832.5, 19580.0], [67850.0, 40570.0], [67852.5, 10.0], [67855.0, 6820.0], [67865.0, 50000.0], [67882.5, 40520.0], [67912.5, 59810.0], [67980.0, 160.0], [67982.5, 27290.0], [67985.0, 50000.0]]}}}
{"jsonrpc": "2.0", "method": "subscription", "params": {"channel": "book.BTC-13MAR26.none.20.100ms", "data": {"timestamp": 1772553485910, "change_id": 143404455042, "instrument_name": "BTC-13MAR26", "bids": [[67607.5, 270.0], [67605.0, 1350.0], [67602.5, 1770.0], [67600.0, 1900.0], [67597.5, 3720.0], [67595.0, 900.0], [67535.0, 3090.0], [67532.5, 10340.0], [67497.5, 4380.0], [67495.0, 14660.0], [67482.5, 5080.0], [67472.5, 12970.0], [67470.0, 43450.0], [67447.5, 30210.0], [67397.5, 30860.0], [67365.0, 3420.0], [67345.0, 35810.0], [67312.5, 50.0], [67310.0, 50000.0], [67247.5, 29330.0]], "asks": [[67612.5, 1500.0], [67620.0, 2550.0], [67622.5, 900.0], [67632.5, 600.0], [67635.0, 2500.0], [67655.0, 3000.0], [67657.5, 10060.0], [67662.5, 300.0], [67665.0, 1000.0], [67687.5, 1420.0], [67690.0, 4590.0], [67692.5, 300.0], [67695.0, 1000.0], [67727.5, 10.0], [67735.0, 14930.0], [67737.5, 63770.0], [67740.0, 46140.0], [67790.0, 130.0], [67795.0, 4960.0], [67812.5, 20.0]]}}}
{"jsonrpc": "2.0", "method": "subscription", "params": {"channel": "book.BTC-6MAR26.none.20.100ms", "data": {"timestamp": 1772553485914, "change_id": 143404455079, "instrument_name": "BTC-6MAR26", "bids": [[67580.0, 450.0], [67577.5, 1500.0], [67575.0, 750.0], [67572.5, 2930.0], [67570.0, 1400.0], [67462.5, 6090.0], [67460.0, 20390.0], [67457.5, 420.0], [67455.0, 1400.0], [67452.5, 420.0], [67450.0, 4350.0], [67447.5, 9880.0], [67442.5, 19580.0], [67422.5, 43000.0], [67397.5, 40670.0], [67330.0, 39610.0], [67320.0, 1700.0], [67285.0, 10.0], [67280.0, 200.0], [67277.5, 50000.0]], "asks": [[67592.5, 3910.0], [67667.5, 9980.0], [67675.0, 14930.0], [67677.5, 63640.0], [67680.0, 45690.0], [67795.0, 19670.0], [67805.0, 40.0], [67827.5, 1700.0], [67832.5, 19580.0], [67850.0, 40570.0], [67852.5, 10.0], [67855.0, 6820.0], [67865.0, 50000.0], [67882.5, 40520.0], [67912.5, 59810.0], [67980.0, 160.0], [67982.5, 27290.0], [67985.0, 50000.0], [67987.5, 59630.0], [68102.5, 50000.0]]}}}
{"jsonrpc": "2.0", "method": "subscription", "params": {"channel": "book.BTC-13MAR26.none.20.100ms", "data": {"timestamp": 1772553486244, "change_id": 143404456636, "instrument_name": "BTC-13MAR26", "bids": [[67610.0, 2400.0], [67607.5, 270.0], [67605.0, 1600.0], [67602.5, 2820.0], [67600.0, 1170.0], [67597.5, 1170.0], [67595.0, 900.0], [67535.0, 3090.0], [67532.5, 10340.0], [67497.5, 4380.0], [67495.0, 14660.0], [67482.5, 5080.0], [67472.5, 12970.0], [67470.0, 43450.0], [67447.5, 30210.0], [67397.5, 30860.0], [67365.0, 3420.0], [67362.5, 34110.0], [67345.0, 1700.0], [67312.5, 50.0]], "asks": [[67612.5, 1500.0], [67620.0, 2550.0], [67622.5, 900.0], [67640.0, 600.0], [67642.5, 2560.0], [67645.0, 2000.0], [67655.0, 3000.0], [67657.5, 10060.0], [67672.5, 300.0], [67675.0, 1000.0], [67680.0, 50.0], [67687.5, 1370.0], [67690.0, 4590.0], [67702.5, 300.0], [67705.0, 1000.0], [67727.5, 10.0], [67735.0, 14930.0], [67737.5, 63770.0], [67740.0, 46140.0], [67790.0, 130.0]]}}}
{"jsonrpc": "2.0", "method": "subscription", "params": {"channel": "book.BTC-6MAR26.none.20.100ms", "data": {"timestamp": 1772553486241, "change_id": 143404456632, "instrument_name": "BTC-6MAR26", "bids": [[67590.0, 1500.0], [67580.0, 690.0], [67577.5, 2510.0], [67572.5, 420.0], [67570.0, 1400.0], [67487.5, 2910.0], [67485.0, 9750.0], [67467.5, 6090.0], [67465.0, 20390.0], [67457.5, 420.0], [67455.0, 1400.0], [67452.5, 420.0], [67450.0, 1400.0], [67442.5, 19580.0], [67422.5, 83670.0], [67330.0, 39610.0], [67320.0, 1700.0], [67285.0, 10.0], [67280.0, 200.0], [67277.5, 50000.0]], "asks": [[67592.5, 3910.0], [67605.0, 450.0], [67607.5, 1500.0], [67665.0, 2980.0], [67667.5, 9980.0], [67675.0, 14930.0], [67677.5, 63640.0], [67680.0, 45690.0], [67795.0, 19670.0], [67805.0, 40.0], [67827.5, 1700.0], [67832.5, 19580.0], [67850.0, 40570.0], [67852.5, 10.0], [67855.0, 6820.0], [67865.0, 50000.0], [67882.5, 40520.0], [67912.5, 59810.0], [67980.0, 160.0], [67982.5, 27290.0]]}}}
{"jsonrpc": "2.0", "method": "subscription", "params": {"channel": "book.BTC-13MAR26.none.20.100ms", "data": {"timestamp": 1772553486557, "change_id": 143404457425, "instrument_name": "BTC-13MAR26", "bids": [[67610.0, 2400.0], [67607.5, 270.0], [67605.0, 1600.0], [67602.5, 2820.0], [67600.0, 900.0], [67535.0, 3090.0], [67532.5, 10340.0], [67497.5, 4380.0], [67495.0, 14660.0], [67485.0, 1520.0], [67482.5, 5080.0], [67472.5, 12970.0], [67470.0, 43450.0], [67447.5, 30210.0], [67397.5, 30860.0], [67365.0, 39230.0], [67312.5, 50.0], [67310.0, 50000.0], [67247.5, 29330.0], [67202.5, 160.0]], "asks": [[67612.5, 1500.0], [67620.0, 2550.0], [67627.5, 50.0], [67640.0, 600.0], [67642.5, 2560.0], [67645.0, 2000.0], [67655.0, 3000.0], [67657.5, 10060.0], [67672.5, 300.0], [67675.0, 1000.0], [67687.5, 1370.0], [67690.0, 4590.0], [67702.5, 300.0], [67705.0, 1000.0], [67727.5, 10.0], [67735.0, 14930.0], [67737.5, 63770.0], [67740.0, 46140.0], [67790.0, 130.0], [67795.0, 4960.0]]}}}
{"jsonrpc": "2.0", "method": "subscription", "params": {"channel": "book.BTC-6MAR26.none.20.100ms", "data": {"timestamp": 1772553486445, "change_id": 143404457220, "instrument_name": "BTC-6MAR26", "bids": [[67590.0, 1500.0], [67577.5, 2510.0], [67487.5, 2910.0], [67485.0, 9750.0], [67467.5, 6090.0], [67465.0, 20390.0], [67457.5, 420.0], [67455.0, 1400.0], [67442.5, 19580.0], [67422.5, 83670.0], [67330.0, 39610.0], [67320.0, 1700.0], [67285.0, 10.0], [67280.0, 200.0], [67277.5, 50000.0], [67257.5, 27300.0], [67217.5, 6820.0], [67212.5, 59590.0], [67192.5, 50000.0], [67167.5, 300000.0]], "asks": [[67592.5, 3910.0], [67602.5, 420.0], [67605.0, 1850.0], [67607.5, 1500.0], [67665.0, 2980.0], [67667.5, 9980.0], [67675.0, 14930.0], [67677.5, 63640.0], [67680.0, 45690.0], [67795.0, 19670.0], [67805.0, 40.0], [67827.5, 1700.0], [67832.5, 19580.0], [67850.0, 40570.0], [67852.5, 10.0], [67855.0, 6820.0], [67865.0, 50000.0], [67882.5, 40520.0], [67912.5, 59810.0], [67980.0, 160.0]]}}}
{"jsonrpc": "2.0", "method": "subscription", "params": {"channel": "book.BTC-13MAR26.none.20.100ms", "data": {"timestamp": 1772553486911, "change_id": 143404458023, "instrument_name": "BTC-13MAR26", "bids": [[67610.0, 2400.0], [67607.5, 270.0], [67605.0, 1600.0], [67602.5, 2820.0], [67600.0, 900.0], [67535.0, 3090.0], [67532.5, 10340.0], [67497.5, 4380.0], [67495.0, 14660.0], [67485.0, 1520.0], [67482.5, 5080.0], [67472.5, 12970.0], [67470.0, 43450.0], [67447.5, 30210.0], [67397.5, 30860.0], [67365.0, 39230.0], [67312.5, 50.0], [67310.0, 50000.0], [67247.5, 29330.0], [67202.5, 160.0]], "asks": [[67612.5, 1500.0], [67620.0, 2550.0], [67627.5, 50.0], [67640.0, 600.0], [67642.5, 2560.0], [67645.0, 2000.0], [67655.0, 3000.0], [67657.5, 10060.0], [67672.5, 300.0], [67675.0, 1000.0], [67687.5, 1370.0], [67690.0, 4590.0], [67702.5, 300.0], [67705.0, 1000.0], [67727.5, 10.0], [67735.0, 14930.0], [67737.5, 63770.0], [67740.0, 46140.0], [67790.0, 130.0], [67795.0, 4960.0]]}}}
{"jsonrpc": "2.0", "method": "subscription", "params": {"channel": "book.BTC-6MAR26.none.20.100ms", "data": {"timestamp": 1772553486629, "change_id": 143404457490, "instrument_name": "BTC-6MAR26", "bids": [[67590.0, 1500.0], [67575.0, 750.0], [67572.5, 2510.0], [67487.5, 2910.0], [67485.0, 9750.0], [67467.5, 6090.0], [67465.0, 20390.0], [67457.5, 420.0], [67455.0, 1400.0], [67442.5, 19580.0], [67422.5, 83670.0], [67330.0, 39610.0], [67320.0, 1700.0], [67285.0, 10.0], [67280.0, 200.0], [67277.5, 50000.0], [67257.5, 27300.0], [67217.5, 6820.0], [67212.5, 59590.0], [67192.5, 50000.0]], "asks": [[67592.5, 3910.0], [67602.5, 420.0], [67605.0, 1850.0], [67607.5, 1500.0], [67665.0, 2980.0], [67667.5, 9980.0], [67675.0, 14930.0], [67677.5, 63640.0], [67680.0, 45690.0], [67795.0, 19670.0], [67805.0, 40.0], [67827.5, 1700.0], [67832.5, 19580.0], [67850.0, 40570.0], [67852.5, 10.0], [67855.0, 6820.0], [67865.0, 50000.0], [67882.5, 40520.0], [67912.5, 59810.0], [67980.0, 160.0]]}}}
{"jsonrpc": "2.0", "method": "subscription", "params": {"channel": "book.BTC-13MAR26.none.20.100ms", "data": {"timestamp": 1772553487170, "change_id": 143404458963, "instrument_name": "BTC-13MAR26", "bids": [[67617.5, 1500.0], [67615.0, 1170.0], [67612.5, 1170.0], [67610.0, 900.0], [67607.5, 270.0], [67605.0, 1600.0], [67602.5, 2820.0], [67600.0, 900.0], [67535.0, 3090.0], [67532.5, 10340.0], [67497.5, 4380.0], [67495.0, 14660.0], [67485.0, 5080.0], [67472.5, 12970.0], [67470.0, 43450.0], [67447.5, 30210.0], [67397.5, 30860.0], [67365.0, 39230.0], [67312.5, 50.0], [67310.0, 50000.0]], "asks": [[67620.0, 2550.0], [67627.5, 50.0], [67640.0, 600.0], [67642.5, 2560.0], [67645.0, 2000.0], [67655.0, 3000.0], [67657.5, 10060.0], [67672.5, 300.0], [67675.0, 1000.0], [67687.5, 1370.0], [67690.0, 4590.0], [67702.5, 300.0], [67705.0, 1000.0], [67727.5, 10.0], [67735.0, 14930.0], [67737.5, 63770.0], [67740.0, 46140.0], [67790.0, 130.0], [67795.0, 4960.0], [67812.5, 20.0]]}}}
{"jsonrpc": "2.0", "method": "subscription", "params": {"channel": "book.BTC-6MAR26.none.20.100ms", "data": {"timestamp": 1772553486944, "change_id": 143404458177, "instrument_name": "BTC-6MAR26", "bids": [[67590.0, 1500.0], [67580.0, 750.0], [67577.5, 2510.0], [67487.5, 2910.0], [67485.0, 9750.0], [67467.5, 6090.0], [67465.0, 20390.0], [67457.5, 420.0], [67455.0, 1400.0], [67442.5, 19580.0], [67422.5, 83670.0], [67330.0, 39610.0], [67320.0, 1700.0], [67285.0, 10.0], [67280.0, 200.0], [67277.5, 50000.0], [67257.5, 27300.0], [67217.5, 6820.0], [67212.5, 59590.0], [67192.5, 50000.0]], "asks": [[67592.5, 3910.0], [67602.5, 420.0], [67605.0, 1850.0], [67607.5, 1500.0], [67665.0, 2980.0], [67667.5, 9980.0], [67675.0, 14930.0], [67677.5, 63640.0], [67680.0, 45690.0], [67795.0, 19670.0], [67805.0, 40.0], [67827.5, 1700.0], [67832.5, 19580.0], [67850.0, 40570.0], [67852.5, 10.0], [67855.0, 6820.0], [67865.0, 50000.0], [67882.5, 40520.0], [67912.5, 59810.0], [67980.0, 160.0]]}}}
{"jsonrpc": "2.0", "method": "subscription", "params": {"channel": "book.BTC-13MAR26.none.20.100ms", "data": {"timestamp": 1772553487426, "change_id": 143404459717, "instrument_name": "BTC-13MAR26", "bids": [[67617.5, 1500.0], [67612.5, 270.0], [67610.0, 900.0], [67607.5, 270.0], [67605.0, 1600.0], [67602.5, 2550.0], [67535.0, 3090.0], [67532.5, 10340.0], [67497.5, 4380.0], [67495.0, 14660.0], [67485.0, 5080.0], [67472.5, 12970.0], [67470.0, 43450.0], [67447.5, 30210.0], [67397.5, 30860.0], [67367.5, 34110.0], [67365.0, 5120.0], [67312.5, 50.0], [67310.0, 50000.0], [67247.5, 29330.0]], "asks": [[67620.0, 3450.0], [67627.5, 50.0], [67640.0, 600.0], [67642.5, 3460.0], [67645.0, 2000.0], [67655.0, 3000.0], [67657.5, 10060.0], [67672.5, 300.0], [67675.0, 1000.0], [67687.5, 1370.0], [67690.0, 4590.0], [67702.5, 300.0], [67705.0, 1000.0], [67727.5, 10.0], [67735.0, 14930.0], [67737.5, 63770.0], [67740.0, 46140.0], [67790.0, 130.0], [67795.0, 4960.0], [67812.5, 20.0]]}}}
{"jsonrpc": "2.0", "method": "subscription", "params": {"channel": "book.BTC-6MAR26.none.20.100ms", "data": {"timestamp": 1772553487433, "change_id": 143404459725, "instrument_name": "BTC-6MAR26", "bids": [[67582.5, 2900.0], [67577.5, 420.0], [67575.0, 2150.0], [67572.5, 2510.0], [67487.5, 2910.0], [67485.0, 9750.0], [67472.5, 6090.0], [67470.0, 20390.0], [67442.5, 19580.0], [67422.5, 83670.0], [67330.0, 39610.0], [67320.0, 1700.0], [67285.0, 10.0], [67280.0, 200.0], [67277.5, 50000.0], [67257.5, 27300.0], [67217.5, 6820.0], [67212.5, 59590.0], [67192.5, 50000.0], [67167.5, 300000.0]], "asks": [[67592.5, 2510.0], [67602.5, 420.0], [67605.0, 1850.0], [67607.5, 1500.0], [67665.0, 2980.0], [67667.5, 9980.0], [67675.0, 14930.0], [67677.5, 63640.0], [67680.0, 45690.0], [67795.0, 19670.0], [67805.0, 40.0], [67827.5, 1700.0], [67832.5, 19580.0], [67850.0, 40570.0], [67852.5, 10.0], [67855.0, 6820.0], [67865.0, 50000.0], [67882.5, 40520.0], [67912.5, 59810.0], [67980.0, 160.0]]}}}
{"jsonrpc": "2.0", "method": "subscription", "params": {"channel": "book.BTC-13MAR26.none.20.100ms", "data": {"timestamp": 1772553487888, "change_id": 143404460630, "instrument_name": "BTC-13MAR26", "bids": [[67617.5, 1500.0], [67612.5, 270.0], [67610.0, 900.0], [67607.5, 270.0], [67605.0, 900.0], [67600.0, 760.0], [67597.5, 2550.0], [67535.0, 3090.0], [67532.5, 10340.0], [67497.5, 4380.0], [67495.0, 14660.0], [67487.5, 1520.0], [67485.0, 5080.0], [67472.5, 12970.0], [67470.0, 43450.0], [67447.5, 30210.0], [67397.5, 30860.0], [67367.5, 34110.0], [67365.0, 5120.0], [67312.5, 50.0]], "asks": [[67620.0, 3450.0], [67627.5, 50.0], [67640.0, 600.0], [67642.5, 3460.0], [67645.0, 2000.0], [67655.0, 3000.0], [67657.5, 10060.0], [67672.5, 300.0], [67675.0, 1000.0], [67687.5, 1370.0], [67690.0, 4590.0], [67702.5, 300.0], [67705.0, 1000.0], [67727.5, 10.0], [67735.0, 14930.0], [67737.5, 63770.0], [67740.0, 46140.0], [67790.0, 130.0], [67795.0, 4960.0], [67812.5, 20.0]]}}}
{"jsonrpc": "2.0", "method": "subscription", "params": {"channel": "book.BTC-6MAR26.none.20.100ms", "data": {"timestamp": 1772553487669, "change_id": 143404460032, "instrument_name": "BTC-6MAR26", "bids": [[67587.5, 1500.0], [67582.5, 1400.0], [67577.5, 420.0], [67575.0, 2150.0], [67572.5, 2510.0], [67487.5, 2910.0], [67485.0, 9750.0], [67472.5, 6090.0], [67470.0, 20390.0], [67442.5, 19580.0], [67422.5, 83670.0], [67330.0, 39610.0], [67320.0, 1700.0], [67285.0, 10.0], [67280.0, 200.0], [67277.5, 50000.0], [67257.5, 27300.0], [67217.5, 6820.0], [67212.5, 59590.0], [67192.5, 50000.0]], "asks": [[67592.5, 2510.0], [67602.5, 420.0], [67605.0, 1850.0], [67607.5, 1500.0], [67665.0, 2980.0], [67667.5, 9980.0], [67675.0, 14930.0], [67677.5, 63640.0], [67680.0, 45690.0], [67795.0, 19670.0], [67805.0, 40.0], [67827.5, 1700.0], [67832.5, 19580.0], [67850.0, 40570.0], [67852.5, 10.0], [67855.0, 6820.0], [67865.0, 50000.0], [67882.5, 40520.0], [67912.5, 59810.0], [67980.0, 160.0]]}}}
{"jsonrpc": "2.0", "method": "subscription", "params": {"channel": "book.BTC-13MAR26.none.20.100ms", "data": {"timestamp": 1772553488090, "change_id": 143404461237, "instrument_name": "BTC-13MAR26", "bids": [[67617.5, 1490.0], [67612.5, 270.0], [67610.0, 900.0], [67607.5, 270.0], [67605.0, 900.0], [67600.0, 760.0], [67597.5, 2550.0], [67535.0, 3090.0], [67532.5, 10340.0], [67497.5, 4380.0], [67495.0, 14660.0], [67487.5, 1520.0], [67485.0, 5080.0], [67472.5, 12970.0], [67470.0, 43450.0], [67447.5, 30210.0], [67397.5, 30860.0], [67367.5, 35810.0], [67365.0, 3420.0], [67312.5, 50.0]], "asks": [[67620.0, 2550.0], [67627.5, 50.0], [67640.0, 600.0], [67642.5, 3460.0], [67645.0, 2000.0], [67655.0, 3000.0], [67657.5, 10060.0], [67672.5, 300.0], [67675.0, 1000.0], [67687.5, 1370.0], [67690.0, 4590.0], [67702.5, 300.0], [67705.0, 1000.0], [67727.5, 10.0], [67735.0, 14930.0], [67737.5, 63770.0], [67740.0, 46140.0], [67790.0, 130.0], [67795.0, 4960.0], [67812.5, 20.0]]}}}
{"jsonrpc": "2.0", "method": "subscription", "params": {"channel": "book.BTC-13MAR26.none.20.100ms", "data": {"timestamp": 1772553488442, "change_id": 143404462752, "instrument_name": "BTC-13MAR26", "bids": [[67617.5, 2390.0], [67610.0, 900.0], [67602.5, 270.0], [67600.0, 1660.0], [67597.5, 2550.0], [67535.0, 3090.0], [67532.5, 10340.0], [67497.5, 4380.0], [67495.0, 14660.0], [67487.5, 1520.0], [67485.0, 5080.0], [67472.5, 12970.0], [67470.0, 43450.0], [67447.5, 30210.0], [67397.5, 30860.0], [67367.5, 35810.0], [67365.0, 3420.0], [67312.5, 50.0], [67310.0, 50000.0], [67247.5, 29330.0]], "asks": [[67620.0, 2550.0], [67627.5, 50.0], [67635.0, 450.0], [67637.5, 2330.0], [67640.0, 3320.0], [67642.5, 1960.0], [67645.0, 2000.0], [67655.0, 3000.0], [67657.5, 10060.0], [67672.5, 300.0], [67675.0, 1000.0], [67687.5, 1370.0], [67690.0, 4590.0], [67702.5, 300.0], [67705.0, 1000.0], [67727.5, 10.0], [67735.0, 14930.0], [67737.5, 63770.0], [67740.0, 46140.0], [67790.0, 130.0]]}}}
{"jsonrpc": "2.0", "method": "subscription", "params": {"channel": "book.BTC-6MAR26.none.20.100ms", "data": {"timestamp": 1772553488466, "change_id": 143404462782, "instrument_name": "BTC-6MAR26", "bids": [[67587.5, 1500.0], [67575.0, 2150.0], [67572.5, 2510.0], [67487.5, 2910.0], [67485.0, 9750.0], [67472.5, 6090.0], [67470.0, 20390.0], [67442.5, 19580.0], [67422.5, 83670.0], [67330.0, 39610.0], [67320.0, 1700.0], [67285.0, 10.0], [67280.0, 200.0], [67277.5, 50000.0], [67257.5, 27300.0], [67217.5, 6820.0], [67212.5, 59590.0], [67192.5, 50000.0], [67167.5, 300000.0], [67145.0, 20.0]], "asks": [[67592.5, 3910.0], [67600.0, 810.0], [67602.5, 3320.0], [67605.0, 1400.0], [67665.0, 2980.0], [67667.5, 9980.0], [67675.0, 14930.0], [67677.5, 63640.0], [67680.0, 45690.0], [67795.0, 19670.0], [67805.0, 40.0], [67827.5, 1700.0], [67832.5, 19580.0], [67850.0, 40570.0], [67852.5, 10.0], [67855.0, 6820.0], [67865.0, 50000.0], [67882.5, 40520.0], [67912.5, 59810.0], [67980.0, 160.0]]}}}
{"jsonrpc": "2.0", "method": "subscription", "params": {"channel": "book.BTC-13MAR26.none.20.100ms", "data": {"timestamp": 1772553489279, "change_id": 143404464681, "instrument_name": "BTC-13MAR26", "bids": [[67617.5, 2390.0], [67605.0, 270.0], [67602.5, 1170.0], [67600.0, 1660.0], [67597.5, 2550.0], [67535.0, 3090.0], [67532.5, 10340.0], [67497.5, 4380.0], [67495.0, 14660.0], [67487.5, 1520.0], [67485.0, 5080.0], [67472.5, 12970.0], [67470.0, 43450.0], [67447.5, 30210.0], [67397.5, 30860.0], [67367.5, 35810.0], [67365.0, 3420.0], [67312.5, 50.0], [67310.0, 50000.0], [67247.5, 29330.0]], "asks": [[67620.0, 2550.0], [67627.5, 50.0], [67635.0, 450.0], [67637.5, 2330.0], [67640.0, 3320.0], [67642.5, 1960.0], [67645.0, 2000.0], [67655.0, 3000.0], [67657.5, 10060.0], [67672.5, 300.0], [67675.0, 1000.0], [67687.5, 1370.0], [67690.0, 4590.0], [67702.5, 300.0], [67705.0, 1000.0], [67727.5, 10.0], [67735.0, 14930.0], [67737.5, 63770.0], [67740.0, 46140.0], [67790.0, 130.0]]}}}
{"jsonrpc": "2.0", "method": "subscription", "params": {"channel": "book.BTC-6MAR26.none.20.100ms", "data": {"timestamp": 1772553489477, "change_id": 143404465252, "instrument_name": "BTC-6MAR26", "bids": [[67580.0, 2900.0], [67575.0, 2150.0], [67572.5, 2510.0], [67487.5, 2910.0], [67485.0, 9750.0], [67472.5, 6090.0], [67470.0, 20390.0], [67442.5, 19580.0], [67422.5, 83670.0], [67330.0, 39610.0], [67320.0, 1700.0], [67285.0, 10.0], [67280.0, 200.0], [67277.5, 50000.0], [67257.5, 27300.0], [67217.5, 6820.0], [67212.5, 59590.0], [67192.5, 50000.0], [67167.5, 300000.0], [67145.0, 20.0]], "asks": [[67592.5, 3910.0], [67600.0, 420.0], [67602.5, 1500.0], [67665.0, 2980.0], [67667.5, 9980.0], [67675.0, 14930.0], [67677.5, 63640.0], [67680.0, 45690.0], [67795.0, 19670.0], [67805.0, 40.0], [67827.5, 1700.0], [67832.5, 19580.0], [67850.0, 40570.0], [67852.5, 10.0], [67855.0, 6820.0], [67865.0, 50000.0], [67882.5, 40520.0], [67912.5, 59810.0], [67980.0, 160.0], [67982.5, 27290.0]]}}}
{"jsonrpc": "2.0", "method": "subscription", "params": {"channel": "book.BTC-13MAR26.none.20.100ms", "data": {"timestamp": 1772553489875, "change_id": 143404465928, "instrument_name": "BTC-13MAR26", "bids": [[67617.5, 2390.0], [67605.0, 270.0], [67602.5, 1170.0], [67600.0, 1660.0], [67597.5, 2550.0], [67535.0, 3090.0], [67532.5, 10340.0], [67497.5, 4380.0], [67495.0, 14660.0], [67487.5, 1520.0], [67485.0, 5080.0], [67472.5, 12970.0], [67470.0, 43450.0], [67447.5, 30210.0], [67397.5, 30860.0], [67367.5, 35810.0], [67365.0, 3420.0], [67312.5, 50.0], [67310.0, 50000.0], [67247.5, 29330.0]], "asks": [[67620.0, 2550.0], [67627.5, 50.0], [67635.0, 990.0], [67637.5, 3770.0], [67640.0, 1320.0], [67642.5, 1960.0], [67645.0, 2000.0], [67655.0, 3000.0], [67657.5, 10060.0], [67672.5, 300.0], [67675.0, 1000.0], [67687.5, 1370.0], [67690.0, 4590.0], [67702.5, 300.0], [67705.0, 1000.0], [67727.5, 10.0], [67735.0, 14930.0], [67737.5, 63770.0], [67740.0, 46140.0], [67790.0, 130.0]]}}}
{"jsonrpc": "2.0", "method": "subscription", "params": {"channel": "book.BTC-6MAR26.none.20.100ms", "data": {"timestamp": 1772553489867, "change_id": 143404465916, "instrument_name": "BTC-6MAR26", "bids": [[67585.0, 1500.0], [67580.0, 1400.0], [67575.0, 1400.0], [67572.5, 2510.0], [67487.5, 2910.0], [67485.0, 9750.0], [67472.5, 6090.0], [67470.0, 20390.0], [67442.5, 19580.0], [67422.5, 83670.0], [67330.0, 39610.0], [67320.0, 1700.0], [67285.0, 10.0], [67280.0, 200.0], [67277.5, 50000.0], [67257.5, 27300.0], [67217.5, 6820.0], [67212.5, 59590.0], [67192.5, 50000.0], [67167.5, 300000.0]], "asks": [[67592.5, 3910.0], [67600.0, 420.0], [67602.5, 1500.0], [67665.0, 2980.0], [67667.5, 9980.0], [67675.0, 14930.0], [67677.5, 63640.0], [67680.0, 45690.0], [67795.0, 19670.0], [67805.0, 40.0], [67827.5, 1700.0], [67832.5, 19580.0], [67850.0, 40570.0], [67852.5, 10.0], [67855.0, 6820.0], [67865.0, 50000.0], [67882.5, 40520.0], [67912.5, 59810.0], [67980.0, 160.0], [67982.5, 27290.0]]}}}
{"jsonrpc": "2.0", "method": "subscription", "params": {"channel": "book.BTC-13MAR26.none.20.100ms", "data": {"timestamp": 1772553490218, "change_id": 143404466940, "instrument_name": "BTC-13MAR26", "bids": [[67602.5, 1170.0], [67600.0, 900.0], [67592.5, 760.0], [67590.0, 2550.0], [67535.0, 3090.0], [67532.5, 10340.0], [67497.5, 4380.0], [67495.0, 14660.0], [67487.5, 1520.0], [67485.0, 5080.0], [67472.5, 12970.0], [67470.0, 43450.0], [67447.5, 30210.0], [67397.5, 30860.0], [67367.5, 35810.0], [67365.0, 3420.0], [67312.5, 50.0], [67310.0, 50000.0], [67247.5, 29330.0], [67212.5, 300000.0]], "asks": [[67610.0, 3450.0], [67612.5, 1170.0], [67615.0, 900.0], [67627.5, 50.0], [67630.0, 450.0], [67632.5, 1500.0], [67637.5, 270.0], [67640.0, 1320.0], [67642.5, 1960.0], [67645.0, 2000.0], [67655.0, 3000.0], [67657.5, 10060.0], [67672.5, 300.0], [67675.0, 1000.0], [67687.5, 1370.0], [67690.0, 4590.0], [67702.5, 300.0], [67705.0, 1000.0], [67727.5, 10.0], [67735.0, 14930.0]]}}}
{"jsonrpc": "2.0", "method": "subscription", "params": {"channel": "book.BTC-6MAR26.none.20.100ms", "data": {"timestamp": 1772553490216, "change_id": 143404466926, "instrument_name": "BTC-6MAR26", "bids": [[67562.5, 750.0], [67560.0, 2510.0], [67487.5, 2910.0], [67485.0, 9750.0], [67472.5, 6090.0], [67470.0, 20390.0], [67442.5, 19580.0], [67422.5, 83670.0], [67330.0, 39610.0], [67320.0, 1700.0], [67285.0, 10.0], [67280.0, 200.0], [67277.5, 50000.0], [67257.5, 27300.0], [67217.5, 6820.0], [67212.5, 59590.0], [67192.5, 50000.0], [67167.5, 300000.0], [67145.0, 20.0], [67112.5, 58800.0]], "asks": [[67582.5, 3910.0], [67587.5, 1400.0], [67590.0, 420.0], [67592.5, 1400.0], [67595.0, 450.0], [67597.5, 1500.0], [67665.0, 2980.0], [67667.5, 9980.0], [67675.0, 14930.0], [67677.5, 63640.0], [67680.0, 45690.0], [67795.0, 19670.0], [67805.0, 40.0], [67827.5, 1700.0], [67832.5, 19580.0], [67850.0, 40570.0], [67852.5, 10.0], [67855.0, 6820.0], [67865.0, 50000.0], [67882.5, 40520.0]]}}}
{"jsonrpc": "2.0", "method": "subscription", "params": {"channel": "book.BTC-13MAR26.none.20.100ms", "data": {"timestamp": 1772553490514, "change_id": 143404468104, "instrument_name": "BTC-13MAR26", "bids": [[67605.0, 2400.0], [67602.5, 900.0], [67592.5, 270.0], [67590.0, 1660.0], [67587.5, 2550.0], [67535.0, 3090.0], [67532.5, 10340.0], [67497.5, 4380.0], [67495.0, 14660.0], [67490.0, 1520.0], [67487.5, 5080.0], [67472.5, 12970.0], [67470.0, 43450.0], [67447.5, 30210.0], [67397.5, 30860.0], [67367.5, 35810.0], [67365.0, 3420.0], [67312.5, 50.0], [67310.0, 50000.0], [67247.5, 29330.0]], "asks": [[67607.5, 2550.0], [67610.0, 900.0], [67620.0, 50.0], [67625.0, 450.0], [67627.5, 1500.0], [67637.5, 270.0], [67640.0, 1320.0], [67642.5, 1960.0], [67645.0, 2000.0], [67655.0, 3000.0], [67657.5, 10060.0], [67672.5, 300.0], [67675.0, 1000.0], [67687.5, 1370.0], [67690.0, 4590.0], [67702.5, 300.0], [67705.0, 1000.0], [67727.5, 10.0], [67735.0, 14930.0], [67737.5, 63770.0]]}}}
{"jsonrpc": "2.0", "method": "subscription", "params": {"channel": "book.BTC-6MAR26.none.20.100ms", "data": {"timestamp": 1772553490541, "change_id": 143404468199, "instrument_name": "BTC-6MAR26", "bids": [[67580.0, 20.0], [67575.0, 1500.0], [67562.5, 420.0], [67560.0, 2150.0], [67557.5, 2510.0], [67487.5, 2910.0], [67485.0, 9750.0], [67472.5, 6090.0], [67470.0, 20390.0], [67442.5, 19580.0], [67422.5, 83670.0], [67330.0, 39610.0], [67320.0, 1700.0], [67285.0, 10.0], [67280.0, 200.0], [67277.5, 50000.0], [67257.5, 27300.0], [67217.5, 6820.0], [67212.5, 59590.0], [67192.5, 50000.0]], "asks": [[67582.5, 3910.0], [67587.5, 1400.0], [67590.0, 810.0], [67592.5, 3320.0], [67595.0, 1400.0], [67665.0, 2980.0], [67667.5, 9980.0], [67675.0, 14930.0], [67677.5, 63640.0], [67680.0, 45690.0], [67795.0, 19670.0], [67805.0, 40.0], [67827.5, 1700.0], [67832.5, 19580.0], [67850.0, 40570.0], [67852.5, 10.0], [67855.0, 6820.0], [67865.0, 50000.0], [67882.5, 40520.0], [67912.5, 59810.0]]}}}
{"jsonrpc": "2.0", "method": "subscription", "params": {"channel": "book.BTC-13MAR26.none.20.100ms", "data": {"timestamp": 1772553490716, "change_id": 143404468615, "instrument_name": "BTC-13MAR26", "bids": [[67610.0, 900.0], [67607.5, 1350.0], [67605.0, 1500.0], [67600.0, 760.0], [67597.5, 2550.0], [67535.0, 3090.0], [67532.5, 10340.0], [67497.5, 4380.0], [67495.0, 14660.0], [67490.0, 1520.0], [67487.5, 5080.0], [67472.5, 12970.0], [67470.0, 43450.0], [67447.5, 30210.0], [67397.5, 30860.0], [67367.5, 35810.0], [67365.0, 3420.0], [67312.5, 50.0], [67310.0, 50000.0], [67247.5, 29330.0]], "asks": [[67617.5, 2550.0], [67620.0, 50.0], [67637.5, 270.0], [67640.0, 1320.0], [67642.5, 1400.0], [67655.0, 3000.0], [67657.5, 10060.0], [67660.0, 300.0], [67662.5, 2000.0], [67687.5, 1370.0], [67690.0, 4890.0], [67692.5, 1000.0], [67720.0, 300.0], [67722.5, 1000.0], [67727.5, 10.0], [67735.0, 14930.0], [67737.5, 63770.0], [67740.0, 46140.0], [67790.0, 130.0], [67795.0, 4960.0]]}}}
{"jsonrpc": "2.0", "method": "subscription", "params": {"channel": "book.BTC-6MAR26.none.20.100ms", "data": {"timestamp": 1772553490882, "change_id": 143404469061, "instrument_name": "BTC-6MAR26", "bids": [[67582.5, 2900.0], [67570.0, 750.0], [67567.5, 2510.0], [67562.5, 420.0], [67560.0, 1400.0], [67487.5, 2910.0], [67485.0, 9750.0], [67447.5, 6090.0], [67445.0, 20390.0], [67442.5, 19580.0], [67422.5, 83670.0], [67330.0, 39610.0], [67320.0, 1700.0], [67285.0, 10.0], [67280.0, 200.0], [67277.5, 50000.0], [67257.5, 27300.0], [67217.5, 6820.0], [67212.5, 59590.0], [67192.5, 50000.0]], "asks": [[67585.0, 2510.0], [67587.5, 1400.0], [67592.5, 1400.0], [67595.0, 1400.0], [67665.0, 2980.0], [67667.5, 9980.0], [67675.0, 14930.0], [67677.5, 63640.0], [67680.0, 45690.0], [67795.0, 19670.0], [67805.0, 40.0], [67827.5, 1700.0], [67832.5, 19580.0], [67850.0, 40570.0], [67852.5, 10.0], [67855.0, 6820.0], [67865.0, 50000.0], [67882.5, 40520.0], [67912.5, 59810.0], [67980.0, 160.0]]}}}
{"jsonrpc": "2.0", "method": "subscription", "params": {"channel": "book.BTC-13MAR26.none.20.100ms", "data": {"timestamp": 1772553491206, "change_id": 143404470376, "instrument_name": "BTC-13MAR26", "bids": [[67620.0, 1500.0], [67615.0, 270.0], [67612.5, 1170.0], [67610.0, 1170.0], [67607.5, 900.0], [67605.0, 760.0], [67602.5, 2550.0], [67535.0, 3090.0], [67532.5, 10340.0], [67515.0, 4380.0], [67512.5, 14660.0], [67500.0, 5080.0], [67472.5, 12970.0], [67470.0, 43450.0], [67447.5, 30210.0], [67397.5, 30860.0], [67367.5, 35810.0], [67365.0, 3420.0], [67312.5, 50.0], [67310.0, 50000.0]], "asks": [[67622.5, 2550.0], [67630.0, 50.0], [67637.5, 270.0], [67640.0, 1320.0], [67642.5, 1400.0], [67655.0, 3000.0], [67657.5, 10060.0], [67660.0, 300.0], [67662.5, 2000.0], [67687.5, 1370.0], [67690.0, 4890.0], [67692.5, 1000.0], [67720.0, 300.0], [67722.5, 1000.0], [67727.5, 10.0], [67735.0, 14930.0], [67737.5, 63770.0], [67740.0, 46140.0], [67790.0, 130.0], [67795.0, 4960.0]]}}}
{"jsonrpc": "2.0", "method": "subscription", "params": {"channel": "book.BTC-6MAR26.none.20.100ms", "data": {"timestamp": 1772553491191, "change_id": 143404470274, "instrument_name": "BTC-6MAR26", "bids": [[67587.5, 1500.0], [67582.5, 1400.0], [67575.0, 750.0], [67572.5, 2510.0], [67562.5, 420.0], [67560.0, 1400.0], [67487.5, 2910.0], [67485.0, 9750.0], [67447.5, 6090.0], [67445.0, 20390.0], [67442.5, 19580.0], [67422.5, 83670.0], [67330.0, 39610.0], [67320.0, 1700.0], [67285.0, 10.0], [67280.0, 200.0], [67277.5, 50000.0], [67257.5, 27300.0], [67217.5, 6820.0], [67212.5, 59590.0]], "asks": [[67590.0, 3910.0], [67592.5, 1400.0], [67605.0, 450.0], [67607.5, 1500.0], [67665.0, 2980.0], [67667.5, 9980.0], [67675.0, 14930.0], [67677.5, 63640.0], [67680.0, 45690.0], [67795.0, 19670.0], [67805.0, 40.0], [67827.5, 1700.0], [67832.5, 19580.0], [67850.0, 40570.0], [67852.5, 10.0], [67855.0, 6820.0], [67865.0, 50000.0], [67882.5, 40520.0], [67912.5, 59810.0], [67980.0, 160.0]]}}}
{"jsonrpc": "2.0", "method": "subscription", "params": {"channel": "book.BTC-13MAR26.none.20.100ms", "data": {"timestamp": 1772553491447, "change_id": 143404471032, "instrument_name": "BTC-13MAR26", "bids": [[67620.0, 1500.0], [67612.5, 1170.0], [67610.0, 1170.0], [67607.5, 900.0], [67600.0, 760.0], [67597.5, 2550.0], [67535.0, 3090.0], [67532.5, 10340.0], [67515.0, 4380.0], [67512.5, 14660.0], [67500.0, 5080.0], [67472.5, 12970.0], [67470.0, 43450.0], [67447.5, 30210.0], [67397.5, 30860.0], [67367.5, 35810.0], [67365.0, 3420.0], [67312.5, 50.0], [67310.0, 50000.0], [67247.5, 29330.0]], "asks": [[67622.5, 3450.0], [67630.0, 50.0], [67635.0, 270.0], [67637.5, 1170.0], [67640.0, 1320.0], [67642.5, 2000.0], [67655.0, 3000.0], [67657.5, 10060.0], [67660.0, 300.0], [67662.5, 2000.0], [67687.5, 1370.0], [67690.0, 4890.0], [67692.5, 1000.0], [67720.0, 300.0], [67722.5, 1000.0], [67727.5, 10.0], [67735.0, 14930.0], [67737.5, 63770.0], [67740.0, 46140.0], [67790.0, 130.0]]}}}
{"jsonrpc": "2.0", "method": "subscription", "params": {"channel": "book.BTC-6MAR26.none.20.100ms", "data": {"timestamp": 1772553491532, "change_id": 143404471199, "instrument_name": "BTC-6MAR26", "bids": [[67582.5, 2900.0], [67570.0, 750.0], [67567.5, 2930.0], [67487.5, 2910.0], [67485.0, 9750.0], [67447.5, 6090.0], [67445.0, 20390.0], [67442.5, 19580.0], [67422.5, 83670.0], [67330.0, 39610.0], [67320.0, 1700.0], [67285.0, 10.0], [67280.0, 200.0], [67277.5, 50000.0], [67257.5, 27300.0], [67217.5, 6820.0], [67212.5, 59590.0], [67192.5, 50000.0], [67167.5, 300000.0], [67145.0, 20.0]], "asks": [[67585.0, 3910.0], [67590.0, 1400.0], [67600.0, 450.0], [67602.5, 1920.0], [67605.0, 1400.0], [67665.0, 2980.0], [67667.5, 9980.0], [67675.0, 14930.0], [67677.5, 63640.0], [67680.0, 45690.0], [67795.0, 19670.0], [67805.0, 40.0], [67827.5, 1700.0], [67832.5, 19580.0], [67850.0, 40570.0], [67852.5, 10.0], [67855.0, 6820.0], [67865.0, 50000.0], [67882.5, 40520.0], [67912.5, 59810.0]]}}}
{"jsonrpc": "2.0", "method": "subscription", "params": {"channel": "book.BTC-13MAR26.none.20.100ms", "data": {"timestamp": 1772553491820, "change_id": 143404471809, "instrument_name": "BTC-13MAR26", "bids": [[67612.5, 2400.0], [67610.0, 900.0], [67607.5, 900.0], [67595.0, 760.0], [67592.5, 2550.0], [67535.0, 3090.0], [67532.5, 10340.0], [67515.0, 4380.0], [67512.5, 14660.0], [67502.5, 5080.0], [67472.5, 12970.0], [67470.0, 43450.0], [67447.5, 30210.0], [67397.5, 30860.0], [67367.5, 35810.0], [67365.0, 3420.0], [67312.5, 50.0], [67310.0, 50000.0], [67247.5, 29330.0], [67212.5, 300000.0]], "asks": [[67615.0, 2550.0], [67617.5, 270.0], [67620.0, 1170.0], [67622.5, 950.0], [67635.0, 680.0], [67637.5, 2670.0], [67640.0, 900.0], [67642.5, 500.0], [67655.0, 3000.0], [67657.5, 10060.0], [67660.0, 300.0], [67662.5, 2000.0], [67687.5, 1370.0], [67690.0, 4890.0], [67692.5, 1000.0], [67720.0, 300.0], [67722.5, 1000.0], [67727.5, 10.0], [67735.0, 14930.0], [67737.5, 63770.0]]}}}
{"jsonrpc": "2.0", "method": "subscription", "params": {"channel": "book.BTC-6MAR26.none.20.100ms", "data": {"timestamp": 1772553491772, "change_id": 143404471442, "instrument_name": "BTC-6MAR26", "bids": [[67582.5, 1500.0], [67570.0, 750.0], [67567.5, 2930.0], [67487.5, 2910.0], [67485.0, 9750.0], [67447.5, 6090.0], [67445.0, 20390.0], [67442.5, 19580.0], [67422.5, 83670.0], [67330.0, 39610.0], [67320.0, 1700.0], [67285.0, 10.0], [67280.0, 200.0], [67277.5, 50000.0], [67257.5, 27300.0], [67217.5, 6820.0], [67212.5, 59590.0], [67192.5, 50000.0], [67167.5, 300000.0], [67145.0, 20.0]], "asks": [[67585.0, 3910.0], [67590.0, 1400.0], [67600.0, 450.0], [67602.5, 1920.0], [67605.0, 1400.0], [67665.0, 2980.0], [67667.5, 9980.0], [67675.0, 14930.0], [67677.5, 63640.0], [67680.0, 45690.0], [67795.0, 19670.0], [67805.0, 40.0], [67827.5, 1700.0], [67832.5, 19580.0], [67850.0, 40570.0], [67852.5, 10.0], [67855.0, 6820.0], [67865.0, 50000.0], [67882.5, 40520.0], [67912.5, 59810.0]]}}}
{"jsonrpc": "2.0", "method": "subscription", "params": {"channel": "book.BTC-13MAR26.none.20.100ms", "data": {"timestamp": 1772553491988, "change_id": 143404472106, "instrument_name": "BTC-13MAR26", "bids": [[67612.5, 1500.0], [67610.0, 900.0], [67607.5, 900.0], [67595.0, 760.0], [67592.5, 2550.0], [67535.0, 3090.0], [67532.5, 10340.0], [67515.0, 4380.0], [67512.5, 14660.0], [67502.5, 5080.0], [67472.5, 12970.0], [67470.0, 43450.0], [67447.5, 30210.0], [67397.5, 30860.0], [67367.5, 35810.0], [67365.0, 3420.0], [67312.5, 50.0], [67310.0, 50000.0], [67247.5, 29330.0], [67212.5, 300000.0]], "asks": [[67615.0, 2550.0], [67617.5, 270.0], [67620.0, 1170.0], [67622.5, 950.0], [67632.5, 3500.0], [67635.0, 270.0], [67637.5, 1170.0], [67640.0, 900.0], [67642.5, 500.0], [67655.0, 3000.0], [67657.5, 10060.0], [67660.0, 300.0], [67662.5, 1000.0], [67687.5, 1370.0], [67690.0, 4890.0], [67692.5, 1000.0], [67727.5, 10.0], [67735.0, 14930.0], [67737.5, 63770.0], [67740.0, 46140.0]]}}}
{"jsonrpc": "2.0", "method": "subscription", "params": {"channel": "book.BTC-6MAR26.none.20.100ms", "data": {"timestamp": 1772553491939, "change_id": 143404472036, "instrument_name": "BTC-6MAR26", "bids": [[67577.5, 60.0], [67575.0, 1500.0], [67565.0, 1070.0], [67562.5, 3910.0], [67487.5, 2910.0], [67485.0, 9750.0], [67457.5, 6090.0], [67455.0, 20390.0], [67447.5, 5840.0], [67445.0, 19580.0], [67422.5, 43000.0], [67412.5, 40670.0], [67345.0, 39610.0], [67320.0, 1700.0], [67285.0, 10.0], [67280.0, 200.0], [67277.5, 50000.0], [67257.5, 27300.0], [67217.5, 6820.0], [67212.5, 59590.0]], "asks": [[67580.0, 3910.0], [67595.0, 450.0], [67597.5, 1500.0], [67665.0, 2980.0], [67667.5, 9980.0], [67675.0, 14930.0], [67677.5, 63640.0], [67680.0, 45690.0], [67795.0, 19670.0], [67805.0, 40.0], [67827.5, 1700.0], [67832.5, 19580.0], [67850.0, 40570.0], [67852.5, 10.0], [67855.0, 6820.0], [67865.0, 50000.0], [67882.5, 40520.0], [67912.5, 59810.0], [67980.0, 160.0], [67982.5, 27290.0]]}}}
{"jsonrpc": "2.0", "method": "subscription", "params": {"channel": "book.BTC-13MAR26.none.20.100ms", "data": {"timestamp": 1772553492496, "change_id": 143404474600, "instrument_name": "BTC-13MAR26", "bids": [[67597.5, 1170.0], [67595.0, 900.0], [67587.5, 760.0], [67585.0, 2550.0], [67535.0, 3090.0], [67532.5, 10340.0], [67472.5, 12970.0], [67470.0, 43450.0], [67447.5, 30210.0], [67397.5, 30860.0], [67367.5, 35810.0], [67365.0, 3420.0], [67312.5, 50.0], [67310.0, 50000.0], [67247.5, 29330.0], [67202.5, 160.0], [67170.0, 50000.0], [67167.5, 300000.0], [67105.0, 29660.0], [67090.0, 230.0]], "asks": [[67602.5, 2550.0], [67610.0, 270.0], [67612.5, 1180.0], [67615.0, 950.0], [67617.5, 270.0], [67620.0, 900.0], [67625.0, 450.0], [67627.5, 1500.0], [67630.0, 600.0], [67632.5, 2270.0], [67635.0, 900.0], [67637.5, 270.0], [67640.0, 900.0], [67642.5, 500.0], [67655.0, 3000.0], [67657.5, 10060.0], [67660.0, 300.0], [67662.5, 1000.0], [67687.5, 1370.0], [67690.0, 4890.0]]}}}
{"jsonrpc": "2.0", "method": "subscription", "params": {"channel": "book.BTC-6MAR26.none.20.100ms", "data": {"timestamp": 1772553492507, "change_id": 143404474686, "instrument_name": "BTC-6MAR26", "bids": [[67565.0, 1820.0], [67562.5, 1400.0], [67557.5, 750.0], [67555.0, 2510.0], [67460.0, 3000.0], [67457.5, 10040.0], [67425.0, 12840.0], [67422.5, 43000.0], [67402.5, 40670.0], [67335.0, 39610.0], [67320.0, 1700.0], [67285.0, 10.0], [67280.0, 200.0], [67277.5, 50000.0], [67257.5, 27300.0], [67217.5, 6820.0], [67212.5, 59590.0], [67192.5, 50000.0], [67167.5, 300000.0], [67145.0, 20.0]], "asks": [[67572.5, 2510.0], [67580.0, 1400.0], [67592.5, 420.0], [67595.0, 1850.0], [67597.5, 1500.0], [67665.0, 2980.0], [67667.5, 9980.0], [67675.0, 14930.0], [67677.5, 63640.0], [67680.0, 45690.0], [67805.0, 40.0], [67827.5, 1700.0], [67832.5, 19580.0], [67850.0, 40570.0], [67852.5, 10.0], [67855.0, 6820.0], [67865.0, 50000.0], [67882.5, 40520.0], [67912.5, 59810.0], [67980.0, 160.0]]}}}
{"jsonrpc": "2.0", "method": "subscription", "params": {"channel": "book.BTC-13MAR26.none.20.100ms", "data": {"timestamp": 1772553492663, "change_id": 143404475461, "instrument_name": "BTC-13MAR26", "bids": [[67605.0, 2400.0], [67602.5, 900.0], [67600.0, 900.0], [67592.5, 760.0], [67590.0, 2550.0], [67535.0, 3090.0], [67532.5, 10340.0], [67472.5, 12970.0], [67470.0, 43450.0], [67447.5, 30210.0], [67397.5, 30860.0], [67367.5, 35810.0], [67365.0, 3420.0], [67312.5, 50.0], [67310.0, 50000.0], [67247.5, 29330.0], [67202.5, 160.0], [67170.0, 50000.0], [67167.5, 300000.0], [67105.0, 29660.0]], "asks": [[67607.5, 3450.0], [67610.0, 270.0], [67612.5, 1180.0], [67615.0, 950.0], [67617.5, 270.0], [67620.0, 900.0], [67625.0, 450.0], [67627.5, 1500.0], [67630.0, 600.0], [67632.5, 2270.0], [67635.0, 900.0], [67637.5, 270.0], [67640.0, 900.0], [67642.5, 500.0], [67655.0, 3000.0], [67657.5, 10060.0], [67660.0, 300.0], [67662.5, 1000.0], [67687.5, 1370.0], [67690.0, 4890.0]]}}}
{"jsonrpc": "2.0", "method": "subscription", "params": {"channel": "book.BTC-6MAR26.none.20.100ms", "data": {"timestamp": 1772553492688, "change_id": 143404475540, "instrument_name": "BTC-6MAR26", "bids": [[67570.0, 2900.0], [67565.0, 1400.0], [67562.5, 2150.0], [67560.0, 2510.0], [67460.0, 3000.0], [67457.5, 10040.0], [67425.0, 12840.0], [67422.5, 43000.0], [67402.5, 40670.0], [67335.0, 39610.0], [67320.0, 1700.0], [67285.0, 10.0], [67280.0, 200.0], [67277.5, 50000.0], [67257.5, 27300.0], [67217.5, 6820.0], [67212.5, 59590.0], [67192.5, 50000.0], [67167.5, 300000.0], [67145.0, 20.0]], "asks": [[67577.5, 3910.0], [67580.0, 1400.0], [67590.0, 450.0], [67592.5, 1920.0], [67595.0, 1400.0], [67665.0, 2980.0], [67667.5, 9980.0], [67675.0, 14930.0], [67677.5, 63640.0], [67680.0, 45690.0], [67805.0, 40.0], [67827.5, 1700.0], [67832.5, 19580.0], [67850.0, 40570.0], [67852.5, 10.0], [67855.0, 6820.0], [67865.0, 50000.0], [67882.5, 40520.0], [67912.5, 59810.0], [67980.0, 160.0]]}}}
{"jsonrpc": "2.0", "method": "subscription", "params": {"channel": "book.BTC-13MAR26.none.20.100ms", "data": {"timestamp": 1772553493186, "change_id": 143404477048, "instrument_name": "BTC-13MAR26", "bids": [[67607.5, 720.0], [67605.0, 2670.0], [67602.5, 1170.0], [67600.0, 900.0], [67595.0, 2550.0], [67535.0, 3090.0], [67532.5, 10340.0], [67477.5, 4380.0], [67475.0, 14660.0], [67472.5, 12970.0], [67470.0, 43450.0], [67447.5, 30210.0], [67397.5, 30860.0], [67367.5, 35810.0], [67365.0, 3420.0], [67312.5, 50.0], [67310.0, 50000.0], [67247.5, 29330.0], [67202.5, 160.0], [67170.0, 50000.0]], "asks": [[67627.5, 950.0], [67630.0, 600.0], [67632.5, 2270.0], [67635.0, 900.0], [67637.5, 270.0], [67640.0, 900.0], [67642.5, 500.0], [67652.5, 1000.0], [67655.0, 3000.0], [67657.5, 10060.0], [67660.0, 300.0], [67687.5, 1370.0], [67690.0, 4890.0], [67692.5, 1000.0], [67727.5, 10.0], [67735.0, 14930.0], [67737.5, 63770.0], [67740.0, 46140.0], [67790.0, 130.0], [67795.0, 4960.0]]}}}
{"jsonrpc": "2.0", "method": "subscription", "params": {"channel": "book.BTC-6MAR26.none.20.100ms", "data": {"timestamp": 1772553493191, "change_id": 143404477118, "instrument_name": "BTC-6MAR26", "bids": [[67580.0, 1400.0], [67577.5, 2270.0], [67575.0, 2900.0], [67572.5, 420.0], [67570.0, 1400.0], [67567.5, 700.0], [67565.0, 2510.0], [67462.5, 20390.0], [67460.0, 3000.0], [67457.5, 10040.0], [67432.5, 5840.0], [67430.0, 19580.0], [67425.0, 12840.0], [67422.5, 43000.0], [67402.5, 40670.0], [67335.0, 39610.0], [67320.0, 1700.0], [67285.0, 10.0], [67280.0, 200.0], [67277.5, 50000.0]], "asks": [[67595.0, 1400.0], [67665.0, 2980.0], [67667.5, 9980.0], [67675.0, 14930.0], [67677.5, 63640.0], [67680.0, 45690.0], [67800.0, 19670.0], [67805.0, 40.0], [67827.5, 1700.0], [67832.5, 19580.0], [67850.0, 40570.0], [67852.5, 10.0], [67855.0, 6820.0], [67865.0, 50000.0], [67882.5, 40520.0], [67912.5, 59810.0], [67980.0, 160.0], [67982.5, 27290.0], [67985.0, 50000.0], [67987.5, 59630.0]]}}}
{"jsonrpc": "2.0", "method": "subscription", "params": {"channel": "book.BTC-13MAR26.none.20.100ms", "data": {"timestamp": 1772553493401, "change_id": 143404479079, "instrument_name": "BTC-13MAR26", "bids": [[67607.5, 720.0], [67605.0, 3400.0], [67602.5, 3450.0], [67535.0, 3090.0], [67532.5, 10340.0], [67495.0, 4380.0], [67492.5, 14660.0], [67482.5, 1520.0], [67480.0, 5080.0], [67472.5, 12970.0], [67470.0, 43450.0], [67447.5, 30210.0], [67397.5, 30860.0], [67367.5, 35810.0], [67365.0, 3420.0], [67312.5, 50.0], [67310.0, 50000.0], [67247.5, 29330.0], [67212.5, 300000.0], [67202.5, 160.0]], "asks": [[67622.5, 3450.0], [67625.0, 1180.0], [67627.5, 950.0], [67632.5, 270.0], [67635.0, 900.0], [67637.5, 270.0], [67640.0, 900.0], [67642.5, 500.0], [67650.0, 600.0], [67652.5, 2000.0], [67655.0, 3000.0], [67657.5, 10060.0], [67680.0, 300.0], [67682.5, 1000.0], [67687.5, 1370.0], [67690.0, 4590.0], [67710.0, 300.0], [67712.5, 1000.0], [67727.5, 10.0], [67735.0, 14930.0]]}}}
{"jsonrpc": "2.0", "method": "subscription", "params": {"channel": "book.BTC-6MAR26.none.20.100ms", "data": {"timestamp": 1772553493428, "change_id": 143404479198, "instrument_name": "BTC-6MAR26", "bids": [[67580.0, 1400.0], [67577.5, 1400.0], [67575.0, 3650.0], [67572.5, 2510.0], [67465.0, 6090.0], [67462.5, 20390.0], [67460.0, 3000.0], [67457.5, 10040.0], [67432.5, 5840.0], [67430.0, 19580.0], [67425.0, 12840.0], [67422.5, 43000.0], [67402.5, 40670.0], [67335.0, 39610.0], [67320.0, 1700.0], [67285.0, 10.0], [67280.0, 200.0], [67277.5, 50000.0], [67257.5, 27300.0], [67217.5, 6820.0]], "asks": [[67590.0, 3910.0], [67595.0, 1400.0], [67665.0, 2980.0], [67667.5, 9980.0], [67675.0, 14930.0], [67677.5, 63640.0], [67680.0, 45690.0], [67800.0, 19670.0], [67805.0, 40.0], [67827.5, 1700.0], [67832.5, 19580.0], [67850.0, 40570.0], [67852.5, 10.0], [67855.0, 6820.0], [67865.0, 50000.0], [67882.5, 40520.0], [67912.5, 59810.0], [67980.0, 160.0], [67982.5, 27290.0], [67985.0, 50000.0]]}}}
{"jsonrpc": "2.0", "method": "subscription", "params": {"channel": "book.BTC-13MAR26.none.20.100ms", "data": {"timestamp": 1772553493828, "change_id": 143404480833, "instrument_name": "BTC-13MAR26", "bids": [[67625.0, 1170.0], [67622.5, 1620.0], [67620.0, 2400.0], [67615.0, 760.0], [67612.5, 2550.0], [67607.5, 270.0], [67605.0, 1170.0], [67602.5, 900.0], [67535.0, 3090.0], [67532.5, 10340.0], [67497.5, 1520.0], [67495.0, 9460.0], [67492.5, 14660.0], [67472.5, 12970.0], [67470.0, 43450.0], [67447.5, 30210.0], [67397.5, 30860.0], [67367.5, 35810.0], [67365.0, 53420.0], [67312.5, 50.0]], "asks": [[67632.5, 2820.0], [67635.0, 900.0], [67637.5, 320.0], [67640.0, 1350.0], [67642.5, 1500.0], [67645.0, 260.0], [67647.5, 1000.0], [67655.0, 3000.0], [67657.5, 10060.0], [67675.0, 300.0], [67677.5, 1000.0], [67687.5, 1370.0], [67690.0, 4590.0], [67705.0, 300.0], [67707.5, 1000.0], [67727.5, 10.0], [67735.0, 14930.0], [67737.5, 63770.0], [67740.0, 46140.0], [67790.0, 130.0]]}}}
{"jsonrpc": "2.0", "method": "subscription", "params": {"channel": "book.BTC-6MAR26.none.20.100ms", "data": {"timestamp": 1772553493819, "change_id": 143404480795, "instrument_name": "BTC-6MAR26", "bids": [[67590.0, 420.0], [67587.5, 2270.0], [67585.0, 3650.0], [67582.5, 2930.0], [67580.0, 1820.0], [67577.5, 1400.0], [67460.0, 3000.0], [67457.5, 15880.0], [67455.0, 19580.0], [67430.0, 12140.0], [67427.5, 40670.0], [67425.0, 12840.0], [67422.5, 43000.0], [67335.0, 89610.0], [67320.0, 1700.0], [67285.0, 10.0], [67280.0, 200.0], [67277.5, 50000.0], [67257.5, 27300.0], [67217.5, 6820.0]], "asks": [[67597.5, 2510.0], [67665.0, 2980.0], [67667.5, 9980.0], [67675.0, 14930.0], [67677.5, 63640.0], [67680.0, 45690.0], [67802.5, 19670.0], [67805.0, 40.0], [67827.5, 1700.0], [67842.5, 19580.0], [67852.5, 10.0], [67855.0, 6820.0], [67860.0, 40570.0], [67865.0, 50000.0], [67912.5, 59810.0], [67962.5, 40520.0], [67980.0, 160.0], [67982.5, 27290.0], [67985.0, 50000.0], [67987.5, 59630.0]]}}}
{"jsonrpc": "2.0", "method": "subscription", "params": {"channel": "book.BTC-13MAR26.none.20.100ms", "data": {"timestamp": 1772553494173, "change_id": 143404481587, "instrument_name": "BTC-13MAR26", "bids": [[67622.5, 1620.0], [67620.0, 2400.0], [67610.0, 760.0], [67607.5, 2820.0], [67605.0, 1170.0], [67602.5, 900.0], [67535.0, 3090.0], [67532.5, 10340.0], [67497.5, 1520.0], [67495.0, 9460.0], [67492.5, 14660.0], [67472.5, 12970.0], [67470.0, 43450.0], [67447.5, 30210.0], [67397.5, 30860.0], [67367.5, 35810.0], [67365.0, 53420.0], [67312.5, 50.0], [67247.5, 29330.0], [67212.5, 300000.0]], "asks": [[67627.5, 3450.0], [67632.5, 270.0], [67635.0, 900.0], [67637.5, 320.0], [67640.0, 900.0], [67642.5, 500.0], [67650.0, 300.0], [67652.5, 1000.0], [67655.0, 3000.0], [67657.5, 10060.0], [67660.0, 300.0], [67662.5, 1000.0], [67687.5, 1370.0], [67690.0, 4890.0], [67692.5, 1000.0], [67720.0, 300.0], [67722.5, 1000.0], [67727.5, 10.0], [67735.0, 14930.0], [67737.5, 63770.0]]}}}
{"jsonrpc": "2.0", "method": "subscription", "params": {"channel": "book.BTC-6MAR26.none.20.100ms", "data": {"timestamp": 1772553494137, "change_id": 143404481445, "instrument_name": "BTC-6MAR26", "bids": [[67595.0, 1500.0], [67587.5, 1820.0], [67585.0, 1400.0], [67582.5, 420.0], [67580.0, 2510.0], [67577.5, 3910.0], [67460.0, 3000.0], [67457.5, 15880.0], [67455.0, 19580.0], [67430.0, 12140.0], [67427.5, 40670.0], [67425.0, 12840.0], [67422.5, 43000.0], [67335.0, 89610.0], [67320.0, 1700.0], [67285.0, 10.0], [67280.0, 200.0], [67277.5, 50000.0], [67257.5, 27300.0], [67217.5, 6820.0]], "asks": [[67597.5, 2510.0], [67665.0, 2980.0], [67667.5, 9980.0], [67675.0, 14930.0], [67677.5, 63640.0], [67680.0, 45690.0], [67802.5, 19670.0], [67805.0, 40.0], [67827.5, 1700.0], [67842.5, 19580.0], [67852.5, 10.0], [67855.0, 6820.0], [67860.0, 40570.0], [67865.0, 50000.0], [67912.5, 59810.0], [67962.5, 40520.0], [67980.0, 160.0], [67982.5, 27290.0], [67985.0, 50000.0], [67987.5, 59630.0]]}}}
{"jsonrpc": "2.0", "method": "subscription", "params": {"channel": "book.BTC-13MAR26.none.20.100ms", "data": {"timestamp": 1772553494496, "change_id": 143404483724, "instrument_name": "BTC-13MAR26", "bids": [[67610.0, 900.0], [67605.0, 2550.0], [67532.5, 10340.0], [67492.5, 14660.0], [67477.5, 5080.0], [67470.0, 43450.0], [67447.5, 30210.0], [67397.5, 30860.0], [67367.5, 35810.0], [67365.0, 53420.0], [67312.5, 50.0], [67247.5, 29330.0], [67212.5, 300000.0], [67202.5, 160.0], [67170.0, 50000.0], [67105.0, 29660.0], [67090.0, 230.0], [67052.5, 109190.0], [67050.0, 50000.0], [67025.0, 300000.0]], "asks": [[67632.5, 50.0], [67635.0, 900.0], [67640.0, 900.0], [67650.0, 900.0], [67652.5, 500.0], [67657.5, 10060.0], [67662.5, 2000.0], [67690.0, 4590.0], [67692.5, 1000.0], [67722.5, 1000.0], [67727.5, 10.0], [67737.5, 50000.0], [67740.0, 46140.0], [67790.0, 130.0], [67795.0, 4960.0], [67812.5, 20.0], [67832.5, 80.0], [67850.0, 40.0], [67852.5, 34110.0], [67857.5, 16950.0]]}}}
{"jsonrpc": "2.0", "method": "subscription", "params": {"channel": "book.BTC-6MAR26.none.20.100ms", "data": {"timestamp": 1772553494512, "change_id": 143404483838, "instrument_name": "BTC-6MAR26", "bids": [[67580.0, 1400.0], [67577.5, 3910.0], [67457.5, 10040.0], [67427.5, 40670.0], [67422.5, 43000.0], [67335.0, 89610.0], [67320.0, 1700.0], [67285.0, 10.0], [67280.0, 200.0], [67277.5, 50000.0], [67257.5, 27300.0], [67217.5, 6820.0], [67212.5, 59590.0], [67167.5, 300000.0], [67145.0, 20.0], [67112.5, 58800.0], [67110.0, 50000.0], [67067.5, 109210.0], [67010.0, 40180.0], [66965.0, 640.0]], "asks": [[67662.5, 1400.0], [67665.0, 50000.0], [67667.5, 9980.0], [67677.5, 50000.0], [67680.0, 45690.0], [67800.0, 19670.0], [67805.0, 40.0], [67827.5, 1700.0], [67852.5, 10.0], [67855.0, 6820.0], [67865.0, 50000.0], [67910.0, 19580.0], [67912.5, 59810.0], [67962.5, 40520.0], [67980.0, 160.0], [67982.5, 27290.0], [67985.0, 50000.0], [67987.5, 59630.0], [68102.5, 50000.0], [68162.5, 109190.0]]}}}
{"jsonrpc": "2.0", "method": "subscription", "params": {"channel": "book.BTC-13MAR26.none.20.100ms", "data": {"timestamp": 1772553494764, "change_id": 143404485175, "instrument_name": "BTC-13MAR26", "bids": [[67610.0, 900.0], [67602.5, 2550.0], [67532.5, 10340.0], [67495.0, 5080.0], [67492.5, 14660.0], [67470.0, 43450.0], [67447.5, 30210.0], [67397.5, 30860.0], [67367.5, 35810.0], [67365.0, 53420.0], [67312.5, 50.0], [67247.5, 29330.0], [67212.5, 300000.0], [67202.5, 160.0], [67170.0, 50000.0], [67105.0, 29660.0], [67090.0, 230.0], [67052.5, 109190.0], [67050.0, 50000.0], [67025.0, 300000.0]], "asks": [[67622.5, 2550.0], [67627.5, 900.0], [67635.0, 50.0], [67640.0, 900.0], [67650.0, 900.0], [67652.5, 500.0], [67657.5, 10060.0], [67662.5, 2000.0], [67690.0, 4590.0], [67692.5, 1000.0], [67722.5, 1000.0], [67727.5, 10.0], [67737.5, 50000.0], [67740.0, 46140.0], [67790.0, 130.0], [67795.0, 4960.0], [67812.5, 20.0], [67832.5, 80.0], [67850.0, 40.0], [67852.5, 34110.0]]}}}
{"jsonrpc": "2.0", "method": "subscription", "params": {"channel": "book.BTC-6MAR26.none.20.100ms", "data": {"timestamp": 1772553494845, "change_id": 143404485746, "instrument_name": "BTC-6MAR26", "bids": [[67585.0, 1400.0], [67575.0, 2510.0], [67460.0, 19580.0], [67457.5, 10040.0], [67427.5, 40670.0], [67422.5, 43000.0], [67335.0, 89610.0], [67320.0, 1700.0], [67285.0, 10.0], [67280.0, 200.0], [67257.5, 27300.0], [67217.5, 6820.0], [67212.5, 59590.0], [67167.5, 300000.0], [67145.0, 20.0], [67112.5, 58800.0], [67110.0, 50000.0], [67067.5, 109210.0], [67050.0, 50000.0], [67010.0, 40180.0]], "asks": [[67592.5, 2510.0], [67597.5, 1400.0], [67662.5, 1400.0], [67665.0, 50000.0], [67667.5, 9980.0], [67677.5, 50000.0], [67680.0, 45690.0], [67800.0, 19670.0], [67805.0, 40.0], [67827.5, 1700.0], [67852.5, 10.0], [67855.0, 6820.0], [67865.0, 50000.0], [67907.5, 19580.0], [67912.5, 59810.0], [67925.0, 40570.0], [67962.5, 40520.0], [67980.0, 160.0], [67982.5, 27290.0], [67985.0, 50000.0]]}}}
{"jsonrpc": "2.0", "method": "subscription", "params": {"channel": "book.BTC-13MAR26.none.20.100ms", "data": {"timestamp": 1772553495062, "change_id": 143404486357, "instrument_name": "BTC-13MAR26", "bids": [[67620.0, 1500.0], [67612.5, 270.0], [67610.0, 900.0], [67605.0, 760.0], [67602.5, 2550.0], [67535.0, 3090.0], [67532.5, 10340.0], [67497.5, 1520.0], [67495.0, 9460.0], [67492.5, 14660.0], [67470.0, 43450.0], [67447.5, 30210.0], [67397.5, 30860.0], [67367.5, 35810.0], [67365.0, 53420.0], [67312.5, 50.0], [67247.5, 29330.0], [67212.5, 300000.0], [67202.5, 160.0], [67170.0, 50000.0]], "asks": [[67622.5, 2550.0], [67627.5, 900.0], [67635.0, 50.0], [67637.5, 270.0], [67640.0, 900.0], [67642.5, 450.0], [67645.0, 1500.0], [67647.5, 270.0], [67650.0, 900.0], [67652.5, 500.0], [67655.0, 3000.0], [67657.5, 10060.0], [67660.0, 600.0], [67662.5, 2000.0], [67687.5, 1370.0], [67690.0, 4890.0], [67692.5, 1000.0], [67720.0, 300.0], [67722.5, 1000.0], [67727.5, 10.0]]}}}
{"jsonrpc": "2.0", "method": "subscription", "params": {"channel": "book.BTC-6MAR26.none.20.100ms", "data": {"timestamp": 1772553495091, "change_id": 143404486430, "instrument_name": "BTC-6MAR26", "bids": [[67590.0, 1500.0], [67577.5, 750.0], [67575.0, 2510.0], [67462.5, 5840.0], [67460.0, 22580.0], [67457.5, 10040.0], [67427.5, 40670.0], [67422.5, 43000.0], [67335.0, 89610.0], [67320.0, 1700.0], [67285.0, 10.0], [67280.0, 200.0], [67257.5, 27300.0], [67217.5, 6820.0], [67212.5, 59590.0], [67167.5, 300000.0], [67145.0, 20.0], [67112.5, 58800.0], [67110.0, 50000.0], [67067.5, 109210.0]], "asks": [[67592.5, 2510.0], [67597.5, 1400.0], [67610.0, 450.0], [67612.5, 1500.0], [67660.0, 420.0], [67662.5, 16330.0], [67665.0, 52980.0], [67667.5, 9980.0], [67677.5, 50000.0], [67680.0, 45690.0], [67800.0, 19670.0], [67805.0, 40.0], [67827.5, 1700.0], [67852.5, 10.0], [67855.0, 6820.0], [67865.0, 50000.0], [67907.5, 19580.0], [67912.5, 59810.0], [67925.0, 40570.0], [67962.5, 40520.0]]}}}
{"jsonrpc": "2.0", "method": "subscription", "params": {"channel": "book.BTC-13MAR26.none.20.100ms", "data": {"timestamp": 1772553495222, "change_id": 143404487213, "instrument_name": "BTC-13MAR26", "bids": [[67620.0, 1500.0], [67607.5, 270.0], [67605.0, 1660.0], [67602.5, 2550.0], [67535.0, 3090.0], [67532.5, 10340.0], [67497.5, 1520.0], [67495.0, 9460.0], [67492.5, 14660.0], [67470.0, 43450.0], [67447.5, 30210.0], [67397.5, 30860.0], [67367.5, 35810.0], [67365.0, 53420.0], [67312.5, 50.0], [67247.5, 29330.0], [67212.5, 300000.0], [67202.5, 160.0], [67170.0, 50000.0], [67105.0, 29660.0]], "asks": [[67622.5, 3450.0], [67635.0, 50.0], [67637.5, 270.0], [67640.0, 900.0], [67642.5, 660.0], [67645.0, 2400.0], [67647.5, 270.0], [67650.0, 900.0], [67652.5, 500.0], [67655.0, 3000.0], [67657.5, 10060.0], [67660.0, 600.0], [67662.5, 2000.0], [67687.5, 1370.0], [67690.0, 4890.0], [67692.5, 1000.0], [67720.0, 300.0], [67722.5, 1000.0], [67727.5, 10.0], [67737.5, 50000.0]]}}}
{"jsonrpc": "2.0", "method": "subscription", "params": {"channel": "book.BTC-6MAR26.none.20.100ms", "data": {"timestamp": 1772553495512, "change_id": 143404488588, "instrument_name": "BTC-6MAR26", "bids": [[67590.0, 1500.0], [67570.0, 2510.0], [67462.5, 5840.0], [67460.0, 22580.0], [67457.5, 10040.0], [67430.0, 12140.0], [67427.5, 40670.0], [67422.5, 43000.0], [67335.0, 89610.0], [67320.0, 1700.0], [67285.0, 10.0], [67280.0, 200.0], [67257.5, 27300.0], [67217.5, 6820.0], [67212.5, 59590.0], [67167.5, 300000.0], [67145.0, 20.0], [67112.5, 58800.0], [67110.0, 50000.0], [67067.5, 109210.0]], "asks": [[67592.5, 3910.0], [67605.0, 450.0], [67607.5, 1500.0], [67660.0, 420.0], [67662.5, 1400.0], [67665.0, 2980.0], [67667.5, 9980.0], [67677.5, 50000.0], [67680.0, 45690.0], [67800.0, 19670.0], [67805.0, 40.0], [67827.5, 1700.0], [67852.5, 10.0], [67855.0, 6820.0], [67865.0, 50000.0], [67907.5, 19580.0], [67912.5, 59810.0], [67925.0, 40570.0], [67962.5, 40520.0], [67980.0, 160.0]]}}}
{"jsonrpc": "2.0", "method": "subscription", "params": {"channel": "book.BTC-13MAR26.none.20.100ms", "data": {"timestamp": 1772553495770, "change_id": 143404489089, "instrument_name": "BTC-13MAR26", "bids": [[67620.0, 1500.0], [67607.5, 270.0], [67605.0, 1660.0], [67602.5, 2550.0], [67535.0, 3090.0], [67532.5, 10340.0], [67497.5, 1520.0], [67495.0, 9460.0], [67492.5, 14660.0], [67470.0, 43450.0], [67447.5, 30210.0], [67397.5, 30860.0], [67370.0, 34110.0], [67367.5, 1700.0], [67365.0, 53420.0], [67312.5, 50.0], [67247.5, 29330.0], [67212.5, 300000.0], [67202.5, 160.0], [67170.0, 50000.0]], "asks": [[67622.5, 3450.0], [67635.0, 50.0], [67637.5, 270.0], [67640.0, 900.0], [67642.5, 660.0], [67645.0, 2400.0], [67647.5, 270.0], [67650.0, 900.0], [67652.5, 500.0], [67655.0, 3000.0], [67657.5, 10060.0], [67660.0, 600.0], [67662.5, 2000.0], [67687.5, 1370.0], [67690.0, 4890.0], [67692.5, 1000.0], [67720.0, 300.0], [67722.5, 1000.0], [67727.5, 10.0], [67737.5, 50000.0]]}}}
{"jsonrpc": "2.0", "method": "subscription", "params": {"channel": "book.BTC-6MAR26.none.20.100ms", "data": {"timestamp": 1772553495513, "change_id": 143404488596, "instrument_name": "BTC-6MAR26", "bids": [[67590.0, 1500.0], [67572.5, 750.0], [67570.0, 2510.0], [67462.5, 5840.0], [67460.0, 22580.0], [67457.5, 10040.0], [67430.0, 12140.0], [67427.5, 40670.0], [67422.5, 43000.0], [67335.0, 89610.0], [67320.0, 1700.0], [67285.0, 10.0], [67280.0, 200.0], [67257.5, 27300.0], [67217.5, 6820.0], [67212.5, 59590.0], [67167.5, 300000.0], [67145.0, 20.0], [67112.5, 58800.0], [67110.0, 50000.0]], "asks": [[67592.5, 3910.0], [67605.0, 450.0], [67607.5, 1500.0], [67660.0, 420.0], [67662.5, 1400.0], [67665.0, 2980.0], [67667.5, 9980.0], [67677.5, 50000.0], [67680.0, 45690.0], [67800.0, 19670.0], [67805.0, 40.0], [67827.5, 1700.0], [67852.5, 10.0], [67855.0, 6820.0], [67865.0, 50000.0], [67907.5, 19580.0], [67912.5, 59810.0], [67925.0, 40570.0], [67962.5, 40520.0], [67980.0, 160.0]]}}}
{"jsonrpc": "2.0", "method": "subscription", "params": {"channel": "book.BTC-13MAR26.none.20.100ms", "data": {"timestamp": 1772553496164, "change_id": 143404490141, "instrument_name": "BTC-13MAR26", "bids": [[67607.5, 270.0], [67605.0, 900.0], [67600.0, 760.0], [67597.5, 2550.0], [67535.0, 3090.0], [67532.5, 10340.0], [67497.5, 1520.0], [67495.0, 9460.0], [67492.5, 14660.0], [67470.0, 43450.0], [67447.5, 30210.0], [67397.5, 30860.0], [67370.0, 35810.0], [67365.0, 53420.0], [67312.5, 50.0], [67247.5, 29330.0], [67212.5, 300000.0], [67202.5, 160.0], [67170.0, 50000.0], [67105.0, 29660.0]], "asks": [[67617.5, 2550.0], [67622.5, 900.0], [67627.5, 50.0], [67637.5, 680.0], [67640.0, 2400.0], [67642.5, 2210.0], [67645.0, 900.0], [67647.5, 270.0], [67650.0, 900.0], [67652.5, 500.0], [67655.0, 3000.0], [67657.5, 10060.0], [67660.0, 600.0], [67662.5, 2000.0], [67687.5, 1370.0], [67690.0, 4890.0], [67692.5, 1000.0], [67720.0, 300.0], [67722.5, 1000.0], [67727.5, 10.0]]}}}
{"jsonrpc": "2.0", "method": "subscription", "params": {"channel": "book.BTC-6MAR26.none.20.100ms", "data": {"timestamp": 1772553496118, "change_id": 143404489933, "instrument_name": "BTC-6MAR26", "bids": [[67585.0, 1410.0], [67582.5, 2900.0], [67572.5, 750.0], [67570.0, 2510.0], [67462.5, 5840.0], [67460.0, 22580.0], [67457.5, 10040.0], [67430.0, 12140.0], [67427.5, 40670.0], [67422.5, 43000.0], [67335.0, 89610.0], [67320.0, 1700.0], [67285.0, 10.0], [67280.0, 200.0], [67257.5, 27300.0], [67217.5, 6820.0], [67212.5, 59590.0], [67167.5, 300000.0], [67145.0, 20.0], [67112.5, 58800.0]], "asks": [[67587.5, 3910.0], [67592.5, 1400.0], [67605.0, 450.0], [67607.5, 1500.0], [67660.0, 420.0], [67662.5, 1400.0], [67665.0, 2980.0], [67667.5, 9980.0], [67677.5, 50000.0], [67680.0, 45690.0], [67800.0, 19670.0], [67805.0, 40.0], [67827.5, 1700.0], [67852.5, 10.0], [67855.0, 6820.0], [67865.0, 50000.0], [67907.5, 19580.0], [67912.5, 59810.0], [67925.0, 40570.0], [67962.5, 40520.0]]}}}
{"jsonrpc": "2.0", "method": "subscription", "params": {"channel": "book.BTC-13MAR26.none.20.100ms", "data": {"timestamp": 1772553496493, "change_id": 143404491382, "instrument_name": "BTC-13MAR26", "bids": [[67615.0, 1500.0], [67602.5, 270.0], [67600.0, 900.0], [67595.0, 760.0], [67592.5, 2550.0], [67535.0, 3090.0], [67532.5, 10340.0], [67497.5, 1520.0], [67495.0, 9460.0], [67492.5, 14660.0], [67470.0, 43450.0], [67447.5, 30210.0], [67397.5, 30860.0], [67370.0, 35810.0], [67365.0, 53420.0], [67312.5, 50.0], [67247.5, 29330.0], [67212.5, 300000.0], [67202.5, 160.0], [67170.0, 50000.0]], "asks": [[67617.5, 2550.0], [67627.5, 50.0], [67637.5, 680.0], [67640.0, 2400.0], [67642.5, 210.0], [67645.0, 900.0], [67647.5, 270.0], [67650.0, 900.0], [67652.5, 500.0], [67655.0, 3000.0], [67657.5, 10060.0], [67660.0, 600.0], [67662.5, 2000.0], [67687.5, 1370.0], [67690.0, 4890.0], [67692.5, 1000.0], [67720.0, 300.0], [67722.5, 1000.0], [67727.5, 10.0], [67737.5, 50000.0]]}}}
{"jsonrpc": "2.0", "method": "subscription", "params": {"channel": "book.BTC-6MAR26.none.20.100ms", "data": {"timestamp": 1772553496485, "change_id": 143404491366, "instrument_name": "BTC-6MAR26", "bids": [[67585.0, 10.0], [67582.5, 1500.0], [67572.5, 1400.0], [67567.5, 750.0], [67565.0, 2510.0], [67462.5, 5840.0], [67460.0, 22580.0], [67457.5, 10040.0], [67430.0, 12140.0], [67427.5, 40670.0], [67422.5, 43000.0], [67335.0, 89610.0], [67320.0, 1700.0], [67285.0, 10.0], [67280.0, 200.0], [67257.5, 27300.0], [67217.5, 6820.0], [67212.5, 59590.0], [67167.5, 300000.0], [67145.0, 20.0]], "asks": [[67587.5, 3910.0], [67605.0, 450.0], [67607.5, 1500.0], [67660.0, 420.0], [67662.5, 1400.0], [67665.0, 2980.0], [67667.5, 9980.0], [67677.5, 50000.0], [67680.0, 45690.0], [67800.0, 19670.0], [67805.0, 40.0], [67827.5, 1700.0], [67852.5, 10.0], [67855.0, 6820.0], [67865.0, 50000.0], [67907.5, 19580.0], [67912.5, 59810.0], [67925.0, 40570.0], [67962.5, 40520.0], [67980.0, 160.0]]}}}
{"jsonrpc": "2.0", "method": "subscription", "params": {"channel": "book.BTC-13MAR26.none.20.100ms", "data": {"timestamp": 1772553496683, "change_id": 143404492018, "instrument_name": "BTC-13MAR26", "bids": [[67615.0, 1500.0], [67602.5, 270.0], [67600.0, 900.0], [67595.0, 760.0], [67592.5, 2550.0], [67535.0, 3090.0], [67532.5, 10340.0], [67497.5, 1520.0], [67495.0, 9460.0], [67492.5, 14660.0], [67470.0, 43450.0], [67447.5, 30210.0], [67397.5, 30860.0], [67370.0, 35810.0], [67365.0, 53420.0], [67312.5, 50.0], [67247.5, 29330.0], [67212.5, 300000.0], [67202.5, 160.0], [67170.0, 50000.0]], "asks": [[67617.5, 2550.0], [67627.5, 50.0], [67635.0, 1500.0], [67637.5, 270.0], [67640.0, 900.0], [67642.5, 210.0], [67645.0, 900.0], [67647.5, 270.0], [67650.0, 900.0], [67652.5, 500.0], [67655.0, 3000.0], [67657.5, 10060.0], [67660.0, 600.0], [67662.5, 2000.0], [67687.5, 1370.0], [67690.0, 4890.0], [67692.5, 1000.0], [67720.0, 300.0], [67722.5, 1000.0], [67727.5, 10.0]]}}}
{"jsonrpc": "2.0", "method": "subscription", "params": {"channel": "book.BTC-6MAR26.none.20.100ms", "data": {"timestamp": 1772553496645, "change_id": 143404491964, "instrument_name": "BTC-6MAR26", "bids": [[67585.0, 10.0], [67582.5, 1500.0], [67572.5, 1400.0], [67567.5, 750.0], [67565.0, 2510.0], [67462.5, 5840.0], [67460.0, 22580.0], [67457.5, 10040.0], [67430.0, 12140.0], [67427.5, 40670.0], [67422.5, 43000.0], [67335.0, 89610.0], [67320.0, 1700.0], [67285.0, 10.0], [67280.0, 200.0], [67257.5, 27300.0], [67217.5, 6820.0], [67212.5, 59590.0], [67167.5, 300000.0], [67145.0, 20.0]], "asks": [[67587.5, 3910.0], [67597.5, 450.0], [67600.0, 1500.0], [67660.0, 420.0], [67662.5, 1400.0], [67665.0, 2980.0], [67667.5, 9980.0], [67677.5, 50000.0], [67680.0, 45690.0], [67800.0, 19670.0], [67805.0, 40.0], [67827.5, 1700.0], [67852.5, 10.0], [67855.0, 6820.0], [67865.0, 50000.0], [67907.5, 19580.0], [67912.5, 59810.0], [67925.0, 40570.0], [67962.5, 40520.0], [67980.0, 160.0]]}}}
{"jsonrpc": "2.0", "method": "subscription", "params": {"channel": "book.BTC-6MAR26.none.20.100ms", "data": {"timestamp": 1772553497133, "change_id": 143404493461, "instrument_name": "BTC-6MAR26", "bids": [[67585.0, 10.0], [67572.5, 1400.0], [67557.5, 750.0], [67555.0, 2510.0], [67465.0, 6090.0], [67462.5, 20390.0], [67460.0, 3000.0], [67457.5, 10040.0], [67447.5, 5840.0], [67445.0, 19580.0], [67430.0, 12140.0], [67427.5, 40670.0], [67422.5, 43000.0], [67335.0, 89610.0], [67320.0, 1700.0], [67285.0, 10.0], [67280.0, 200.0], [67257.5, 27300.0], [67217.5, 6820.0], [67212.5, 59590.0]], "asks": [[67587.5, 3910.0], [67597.5, 450.0], [67600.0, 1500.0], [67660.0, 420.0], [67662.5, 1400.0], [67665.0, 2980.0], [67667.5, 9980.0], [67677.5, 50000.0], [67680.0, 45690.0], [67797.5, 19670.0], [67805.0, 40.0], [67827.5, 1700.0], [67842.5, 19580.0], [67852.5, 10.0], [67855.0, 6820.0], [67860.0, 40570.0], [67865.0, 50000.0], [67912.5, 59810.0], [67962.5, 40520.0], [67980.0, 160.0]]}}}
{"jsonrpc": "2.0", "method": "subscription", "params": {"channel": "book.BTC-13MAR26.none.20.100ms", "data": {"timestamp": 1772553497139, "change_id": 143404493509, "instrument_name": "BTC-13MAR26", "bids": [[67607.5, 1500.0], [67602.5, 270.0], [67600.0, 900.0], [67585.0, 2550.0], [67535.0, 3090.0], [67532.5, 10340.0], [67495.0, 4380.0], [67492.5, 14660.0], [67472.5, 18050.0], [67470.0, 43450.0], [67447.5, 30210.0], [67397.5, 30860.0], [67370.0, 35810.0], [67365.0, 53420.0], [67312.5, 50.0], [67247.5, 29330.0], [67212.5, 300000.0], [67202.5, 160.0], [67170.0, 50000.0], [67105.0, 29660.0]], "asks": [[67610.0, 3450.0], [67612.5, 270.0], [67615.0, 900.0], [67620.0, 50.0], [67627.5, 450.0], [67630.0, 1500.0], [67632.5, 2000.0], [67637.5, 270.0], [67640.0, 900.0], [67642.5, 210.0], [67645.0, 900.0], [67647.5, 270.0], [67650.0, 900.0], [67652.5, 500.0], [67655.0, 3000.0], [67657.5, 10060.0], [67660.0, 300.0], [67662.5, 1000.0], [67687.5, 1370.0], [67690.0, 4890.0]]}}}
{"jsonrpc": "2.0", "method": "subscription", "params": {"channel": "book.BTC-13MAR26.none.20.100ms", "data": {"timestamp": 1772553497495, "change_id": 143404494918, "instrument_name": "BTC-13MAR26", "bids": [[67607.5, 1500.0], [67585.0, 2550.0], [67535.0, 3090.0], [67532.5, 10340.0], [67495.0, 4380.0], [67492.5, 14660.0], [67472.5, 18050.0], [67470.0, 43450.0], [67447.5, 30210.0], [67397.5, 30860.0], [67370.0, 35810.0], [67365.0, 53420.0], [67312.5, 50.0], [67247.5, 29330.0], [67212.5, 300000.0], [67202.5, 160.0], [67170.0, 50000.0], [67105.0, 29660.0], [67090.0, 230.0], [67052.5, 109190.0]], "asks": [[67610.0, 2550.0], [67620.0, 50.0], [67622.5, 450.0], [67625.0, 1500.0], [67630.0, 900.0], [67632.5, 4000.0], [67637.5, 270.0], [67640.0, 900.0], [67642.5, 210.0], [67645.0, 900.0], [67647.5, 270.0], [67650.0, 900.0], [67652.5, 500.0], [67655.0, 3000.0], [67657.5, 10060.0], [67660.0, 300.0], [67662.5, 1000.0], [67687.5, 1370.0], [67690.0, 4890.0], [67692.5, 1000.0]]}}}
{"jsonrpc": "2.0", "method": "subscription", "params": {"channel": "book.BTC-6MAR26.none.20.100ms", "data": {"timestamp": 1772553497439, "change_id": 143404494827, "instrument_name": "BTC-6MAR26", "bids": [[67572.5, 1460.0], [67570.0, 1500.0], [67557.5, 750.0], [67555.0, 2510.0], [67470.0, 6090.0], [67467.5, 20390.0], [67460.0, 3000.0], [67457.5, 10040.0], [67447.5, 5840.0], [67445.0, 19580.0], [67430.0, 12140.0], [67427.5, 40670.0], [67422.5, 43000.0], [67335.0, 89610.0], [67320.0, 1700.0], [67285.0, 10.0], [67280.0, 200.0], [67257.5, 27300.0], [67217.5, 6820.0], [67212.5, 59590.0]], "asks": [[67575.0, 2510.0], [67587.5, 1400.0], [67590.0, 450.0], [67592.5, 1500.0], [67660.0, 420.0], [67662.5, 1400.0], [67665.0, 2980.0], [67667.5, 9980.0], [67677.5, 50000.0], [67680.0, 45690.0], [67795.0, 19670.0], [67805.0, 40.0], [67827.5, 1700.0], [67842.5, 19580.0], [67852.5, 10.0], [67855.0, 6820.0], [67860.0, 40570.0], [67865.0, 50000.0], [67912.5, 59810.0], [67962.5, 40520.0]]}}}
{"jsonrpc": "2.0", "method": "subscription", "params": {"channel": "book.BTC-13MAR26.none.20.100ms", "data": {"timestamp": 1772553497795, "change_id": 143404495914, "instrument_name": "BTC-13MAR26", "bids": [[67617.5, 1500.0], [67602.5, 760.0], [67600.0, 2550.0], [67535.0, 3090.0], [67532.5, 10340.0], [67495.0, 4380.0], [67492.5, 14660.0], [67472.5, 18050.0], [67470.0, 43450.0], [67447.5, 30210.0], [67397.5, 30860.0], [67370.0, 35810.0], [67365.0, 53420.0], [67312.5, 50.0], [67247.5, 29330.0], [67212.5, 300000.0], [67202.5, 160.0], [67170.0, 50000.0], [67105.0, 29660.0], [67090.0, 230.0]], "asks": [[67620.0, 2600.0], [67627.5, 270.0], [67630.0, 900.0], [67637.5, 270.0], [67640.0, 900.0], [67642.5, 210.0], [67645.0, 1350.0], [67647.5, 1770.0], [67650.0, 900.0], [67652.5, 500.0], [67655.0, 3000.0], [67657.5, 10060.0], [67660.0, 300.0], [67662.5, 2000.0], [67687.5, 1370.0], [67690.0, 4890.0], [67692.5, 1000.0], [67722.5, 1000.0], [67727.5, 10.0], [67737.5, 50000.0]]}}}
{"jsonrpc": "2.0", "method": "subscription", "params": {"channel": "book.BTC-6MAR26.none.20.100ms", "data": {"timestamp": 1772553497777, "change_id": 143404495837, "instrument_name": "BTC-6MAR26", "bids": [[67580.0, 2900.0], [67577.5, 420.0], [67575.0, 1840.0], [67572.5, 2150.0], [67570.0, 2510.0], [67470.0, 6090.0], [67467.5, 20390.0], [67460.0, 3000.0], [67457.5, 10040.0], [67447.5, 5840.0], [67445.0, 19580.0], [67430.0, 12140.0], [67427.5, 40670.0], [67422.5, 43000.0], [67335.0, 89610.0], [67320.0, 1700.0], [67285.0, 10.0], [67280.0, 200.0], [67257.5, 27300.0], [67217.5, 6820.0]], "asks": [[67585.0, 2510.0], [67587.5, 1400.0], [67607.5, 450.0], [67610.0, 1500.0], [67660.0, 420.0], [67662.5, 1400.0], [67665.0, 2980.0], [67667.5, 9980.0], [67677.5, 50000.0], [67680.0, 45690.0], [67795.0, 19670.0], [67805.0, 40.0], [67827.5, 1700.0], [67842.5, 19580.0], [67852.5, 10.0], [67855.0, 6820.0], [67860.0, 40570.0], [67865.0, 50000.0], [67912.5, 59810.0], [67962.5, 40520.0]]}}}
