{"jsonrpc": "2.0", "method": "subscription", "params": {"channel": "book.BTC-11APR25.none.20.100ms", "data": {"timestamp": 1743435013871, "change_id": 94985545356, "instrument_name": "BTC-11APR25", "bids": [[83720.0, 3000.0], [83712.5, 8500.0], [83710.0, 3000.0], [83707.5, 23000.0], [83700.0, 8370.0], [83697.5, 2590.0], [83690.0, 8570.0], [83685.0, 50000.0], [83682.5, 10000.0], [83677.5, 8410.0], [83670.0, 2590.0], [83667.5, 8480.0], [83657.5, 8410.0], [83637.5, 8570.0], [83627.5, 8370.0], [83622.5, 6160.0], [83610.0, 8400.0], [83600.0, 8610.0], [83580.0, 8570.0], [83570.0, 8370.0]], "asks": [[83722.5, 8510.0], [83727.5, 20000.0], [83730.0, 2590.0], [83737.5, 18370.0], [83745.0, 39470.0], [83747.5, 8580.0], [83750.0, 2000.0], [83760.0, 11170.0], [83775.0, 8430.0], [83785.0, 14720.0], [83795.0, 8580.0], [83800.0, 20.0], [83860.0, 8610.0], [83865.0, 19210.0], [83867.5, 20.0], [83870.0, 8570.0], [83877.5, 105000.0], [83880.0, 8580.0], [83930.0, 8510.0], [83935.0, 20.0]]}}}
{"jsonrpc": "2.0", "method": "subscription", "params": {"channel": "book.BTC-4APR25.none.20.100ms", "data": {"timestamp": 1743435014343, "change_id": 94985545979, "instrument_name": "BTC-4APR25", "bids": [[83690.0, 1270.0], [83670.0, 2100.0], [83667.5, 40.0], [83662.5, 2490.0], [83657.5, 10000.0], [83650.0, 11490.0], [83647.5, 120.0], [83637.5, 11550.0], [83630.0, 50000.0], [83627.5, 14040.0], [83620.0, 820.0], [83612.5, 12350.0], [83610.0, 11660.0], [83600.0, 11580.0], [83580.0, 11550.0], [83570.0, 11550.0], [83565.0, 26530.0], [83560.0, 11490.0], [83550.0, 36690.0], [83540.0, 11740.0]], "asks": [[83692.5, 54600.0], [83695.0, 2220.0], [83697.5, 3300.0], [83707.5, 39450.0], [83710.0, 10000.0], [83717.5, 2000.0], [83727.5, 11490.0], [83730.0, 25320.0], [83737.5, 2490.0], [83752.5, 11550.0], [83795.0, 11630.0], [83800.0, 40.0], [83820.0, 25360.0], [83825.0, 11550.0], [83845.0, 116550.0], [83847.5, 17940.0], [83855.0, 11550.0], [83865.0, 11310.0], [83867.5, 40.0], [83885.0, 11670.0]]}}}
{"jsonrpc": "2.0", "method": "subscription", "params": {"channel": "book.BTC-11APR25.none.20.100ms", "data": {"timestamp": 1743435014343, "change_id": 94985545982, "instrument_name": "BTC-11APR25", "bids": [[83725.0, 3010.0], [83722.5, 8500.0], [83720.0, 8500.0], [83710.0, 11370.0], [83707.5, 20000.0], [83702.5, 3000.0], [83700.0, 8370.0], [83690.0, 8570.0], [83685.0, 50000.0], [83682.5, 10000.0], [83677.5, 8410.0], [83670.0, 2590.0], [83667.5, 8480.0], [83657.5, 8410.0], [83637.5, 8570.0], [83627.5, 8370.0], [83622.5, 6160.0], [83610.0, 8400.0], [83600.0, 8610.0], [83580.0, 8570.0]], "asks": [[83727.5, 20000.0], [83730.0, 2590.0], [83737.5, 10000.0], [83745.0, 39470.0], [83747.5, 8580.0], [83750.0, 2000.0], [83760.0, 11170.0], [83775.0, 8430.0], [83785.0, 14720.0], [83795.0, 8580.0], [83800.0, 20.0], [83860.0, 8610.0], [83865.0, 19210.0], [83867.5, 20.0], [83870.0, 8570.0], [83877.5, 105000.0], [83880.0, 8580.0], [83930.0, 8510.0], [83935.0, 20.0], [83947.5, 3570.0]]}}}
{"jsonrpc": "2.0", "method": "subscription", "params": {"channel": "book.BTC-11APR25.none.20.100ms", "data": {"timestamp": 1743435014521, "change_id": 94985546332, "instrument_name": "BTC-11APR25", "bids": [[83725.0, 3000.0], [83710.0, 11370.0], [83707.5, 20000.0], [83705.0, 2590.0], [83702.5, 3000.0], [83700.0, 8370.0], [83690.0, 8570.0], [83685.0, 50000.0], [83682.5, 10000.0], [83677.5, 8410.0], [83670.0, 2590.0], [83667.5, 8480.0], [83657.5, 8410.0], [83637.5, 8570.0], [83627.5, 8370.0], [83622.5, 6160.0], [83610.0, 8400.0], [83600.0, 8610.0], [83580.0, 8570.0], [83570.0, 8370.0]], "asks": [[83727.5, 28510.0], [83735.0, 2590.0], [83737.5, 18370.0], [83745.0, 39470.0], [83747.5, 8580.0], [83750.0, 2000.0], [83760.0, 11170.0], [83775.0, 8430.0], [83785.0, 14720.0], [83795.0, 8580.0], [83800.0, 20.0], [83860.0, 8610.0], [83865.0, 19210.0], [83867.5, 20.0], [83870.0, 8570.0], [83877.5, 105000.0], [83880.0, 8580.0], [83930.0, 8510.0], [83935.0, 20.0], [83947.5, 3570.0]]}}}
{"jsonrpc": "2.0", "method": "subscription", "params": {"channel": "book.BTC-4APR25.none.20.100ms", "data": {"timestamp": 1743435014672, "change_id": 94985546645, "instrument_name": "BTC-4APR25", "bids": [[83690.0, 1270.0], [83670.0, 4590.0], [83667.5, 40.0], [83657.5, 10000.0], [83650.0, 11490.0], [83647.5, 120.0], [83637.5, 11550.0], [83630.0, 50000.0], [83627.5, 14040.0], [83620.0, 820.0], [83612.5, 12350.0], [83610.0, 11660.0], [83600.0, 11580.0], [83580.0, 11550.0], [83570.0, 11550.0], [83565.0, 26530.0], [83560.0, 11490.0], [83550.0, 36690.0], [83540.0, 11740.0], [83532.5, 40.0]], "asks": [[83692.5, 52110.0], [83695.0, 2220.0], [83697.5, 5790.0], [83710.0, 10000.0], [83717.5, 2000.0], [83727.5, 11490.0], [83730.0, 25320.0], [83737.5, 2490.0], [83752.5, 11550.0], [83795.0, 11630.0], [83800.0, 40.0], [83820.0, 25360.0], [83825.0, 11550.0], [83845.0, 116550.0], [83847.5, 17940.0], [83855.0, 11550.0], [83865.0, 11310.0], [83867.5, 40.0], [83885.0, 11670.0], [83892.5, 410.0]]}}}
{"jsonrpc": "2.0", "method": "subscription", "params": {"channel": "book.BTC-4APR25.none.20.100ms", "data": {"timestamp": 1743435014796, "change_id": 94985546859, "instrument_name": "BTC-4APR25", "bids": [[83690.0, 1270.0], [83670.0, 4590.0], [83667.5, 40.0], [83657.5, 10000.0], [83650.0, 11490.0], [83647.5, 120.0], [83637.5, 11550.0], [83630.0, 50000.0], [83627.5, 14040.0], [83620.0, 820.0], [83615.0, 12350.0], [83610.0, 11660.0], [83600.0, 11580.0], [83580.0, 11550.0], [83570.0, 11550.0], [83565.0, 26530.0], [83560.0, 11490.0], [83550.0, 36690.0], [83540.0, 11740.0], [83532.5, 40.0]], "asks": [[83692.5, 52110.0], [83695.0, 2220.0], [83697.5, 5790.0], [83710.0, 10000.0], [83717.5, 2000.0], [83727.5, 11490.0], [83730.0, 25320.0], [83737.5, 2490.0], [83752.5, 11550.0], [83795.0, 11630.0], [83800.0, 40.0], [83820.0, 25360.0], [83825.0, 11550.0], [83845.0, 116550.0], [83847.5, 17940.0], [83855.0, 11550.0], [83865.0, 11310.0], [83867.5, 40.0], [83885.0, 11670.0], [83892.5, 410.0]]}}}
{"jsonrpc": "2.0", "method": "subscription", "params": {"channel": "book.BTC-11APR25.none.20.100ms", "data": {"timestamp": 1743435014675, "change_id": 94985546650, "instrument_name": "BTC-11APR25", "bids": [[83725.0, 3000.0], [83710.0, 11370.0], [83707.5, 20000.0], [83705.0, 2590.0], [83702.5, 3000.0], [83700.0, 8370.0], [83690.0, 8570.0], [83685.0, 50000.0], [83682.5, 10000.0], [83677.5, 8410.0], [83670.0, 2590.0], [83667.5, 8480.0], [83657.5, 8410.0], [83637.5, 8570.0], [83627.5, 8370.0], [83622.5, 6160.0], [83610.0, 8400.0], [83600.0, 8610.0], [83580.0, 8570.0], [83570.0, 8370.0]], "asks": [[83727.5, 28510.0], [83735.0, 2590.0], [83737.5, 18370.0], [83747.5, 8580.0], [83750.0, 2000.0], [83760.0, 11170.0], [83775.0, 8430.0], [83785.0, 14720.0], [83795.0, 8580.0], [83800.0, 20.0], [83860.0, 8610.0], [83865.0, 19210.0], [83867.5, 20.0], [83870.0, 8570.0], [83877.5, 105000.0], [83880.0, 8580.0], [83930.0, 8510.0], [83935.0, 20.0], [83947.5, 3570.0], [83950.0, 8430.0]]}}}
{"jsonrpc": "2.0", "method": "subscription", "params": {"channel": "book.BTC-11APR25.none.20.100ms", "data": {"timestamp": 1743435015324, "change_id": 94985547850, "instrument_name": "BTC-11APR25", "bids": [[83735.0, 3010.0], [83732.5, 8500.0], [83730.0, 3000.0], [83727.5, 8500.0], [83722.5, 8370.0], [83712.5, 20000.0], [83710.0, 61370.0], [83707.5, 3000.0], [83705.0, 2590.0], [83702.5, 3000.0], [83700.0, 8370.0], [83690.0, 8570.0], [83682.5, 10000.0], [83677.5, 8410.0], [83670.0, 2590.0], [83667.5, 8480.0], [83657.5, 8410.0], [83637.5, 8570.0], [83627.5, 8370.0], [83622.5, 6160.0]], "asks": [[83737.5, 98540.0], [83747.5, 8580.0], [83760.0, 11170.0], [83770.0, 2000.0], [83775.0, 8430.0], [83785.0, 14720.0], [83795.0, 8580.0], [83800.0, 20.0], [83860.0, 8610.0], [83865.0, 19210.0], [83867.5, 20.0], [83870.0, 8570.0], [83877.5, 105000.0], [83880.0, 8580.0], [83930.0, 8510.0], [83935.0, 20.0], [83947.5, 3570.0], [83950.0, 8430.0], [83952.5, 37850.0], [83960.0, 8580.0]]}}}
{"jsonrpc": "2.0", "method": "subscription", "params": {"channel": "book.BTC-4APR25.none.20.100ms", "data": {"timestamp": 1743435015332, "change_id": 94985547874, "instrument_name": "BTC-4APR25", "bids": [[83690.0, 3370.0], [83670.0, 4590.0], [83667.5, 40.0], [83657.5, 10120.0], [83650.0, 11490.0], [83637.5, 11550.0], [83630.0, 50000.0], [83627.5, 14040.0], [83620.0, 820.0], [83615.0, 12350.0], [83610.0, 11660.0], [83600.0, 11580.0], [83580.0, 11550.0], [83570.0, 11550.0], [83565.0, 26530.0], [83560.0, 11490.0], [83550.0, 36690.0], [83540.0, 11740.0], [83532.5, 40.0], [83530.0, 11550.0]], "asks": [[83692.5, 50000.0], [83695.0, 120.0], [83697.5, 3300.0], [83700.0, 60010.0], [83710.0, 10000.0], [83717.5, 2000.0], [83730.0, 25320.0], [83737.5, 2490.0], [83752.5, 11550.0], [83795.0, 11630.0], [83800.0, 40.0], [83820.0, 25360.0], [83825.0, 11550.0], [83845.0, 116550.0], [83847.5, 17940.0], [83855.0, 11550.0], [83865.0, 11310.0], [83867.5, 40.0], [83885.0, 11670.0], [83892.5, 410.0]]}}}
{"jsonrpc": "2.0", "method": "subscription", "params": {"channel": "book.BTC-11APR25.none.20.100ms", "data": {"timestamp": 1743435015481, "change_id": 94985548766, "instrument_name": "BTC-11APR25", "bids": [[83740.0, 3000.0], [83722.5, 8370.0], [83715.0, 20000.0], [83710.0, 11370.0], [83707.5, 3000.0], [83705.0, 52590.0], [83702.5, 3000.0], [83700.0, 8370.0], [83692.5, 10000.0], [83690.0, 8570.0], [83677.5, 8410.0], [83670.0, 2590.0], [83667.5, 8480.0], [83657.5, 8410.0], [83640.0, 6160.0], [83637.5, 8570.0], [83627.5, 8370.0], [83610.0, 8400.0], [83600.0, 8610.0], [83580.0, 8570.0]], "asks": [[83742.5, 8510.0], [83745.0, 8370.0], [83747.5, 28500.0], [83750.0, 10000.0], [83757.5, 2590.0], [83760.0, 8580.0], [83770.0, 2000.0], [83775.0, 8430.0], [83785.0, 14720.0], [83790.0, 2590.0], [83795.0, 8580.0], [83800.0, 20.0], [83860.0, 8610.0], [83865.0, 19210.0], [83867.5, 20.0], [83870.0, 8570.0], [83877.5, 105000.0], [83880.0, 8580.0], [83930.0, 8510.0], [83935.0, 20.0]]}}}
{"jsonrpc": "2.0", "method": "subscription", "params": {"channel": "book.BTC-4APR25.none.20.100ms", "data": {"timestamp": 1743435015605, "change_id": 94985548759, "instrument_name": "BTC-4APR25", "bids": [[83690.0, 3370.0], [83685.0, 2490.0], [83670.0, 2100.0], [83667.5, 10160.0], [83660.0, 11580.0], [83655.0, 2490.0], [83650.0, 11490.0], [83640.0, 50000.0], [83637.5, 11550.0], [83632.5, 12350.0], [83627.5, 11550.0], [83620.0, 820.0], [83610.0, 11660.0], [83600.0, 11580.0], [83580.0, 11550.0], [83570.0, 11550.0], [83567.5, 25140.0], [83565.0, 26530.0], [83560.0, 11490.0], [83550.0, 11550.0]], "asks": [[83692.5, 50010.0], [83697.5, 3300.0], [83707.5, 120.0], [83717.5, 2490.0], [83725.0, 10000.0], [83730.0, 25320.0], [83737.5, 4490.0], [83752.5, 11550.0], [83795.0, 11630.0], [83800.0, 40.0], [83820.0, 25360.0], [83825.0, 11550.0], [83845.0, 116550.0], [83847.5, 17940.0], [83855.0, 11550.0], [83865.0, 11310.0], [83867.5, 40.0], [83885.0, 11670.0], [83892.5, 410.0], [83895.0, 11760.0]]}}}
{"jsonrpc": "2.0", "method": "subscription", "params": {"channel": "book.BTC-11APR25.none.20.100ms", "data": {"timestamp": 1743435015792, "change_id": 94985549557, "instrument_name": "BTC-11APR25", "bids": [[83740.0, 3000.0], [83722.5, 8370.0], [83715.0, 20000.0], [83710.0, 11370.0], [83707.5, 3000.0], [83705.0, 52590.0], [83702.5, 3000.0], [83700.0, 8370.0], [83692.5, 10000.0], [83690.0, 8570.0], [83677.5, 8410.0], [83670.0, 2590.0], [83667.5, 8480.0], [83657.5, 8410.0], [83640.0, 6160.0], [83637.5, 8570.0], [83627.5, 8370.0], [83610.0, 8400.0], [83600.0, 8610.0], [83580.0, 8570.0]], "asks": [[83742.5, 8510.0], [83745.0, 25530.0], [83747.5, 28500.0], [83750.0, 12590.0], [83760.0, 8580.0], [83770.0, 2000.0], [83775.0, 8430.0], [83785.0, 14720.0], [83790.0, 2590.0], [83795.0, 8580.0], [83800.0, 20.0], [83860.0, 8610.0], [83865.0, 19210.0], [83867.5, 20.0], [83870.0, 8570.0], [83877.5, 105000.0], [83880.0, 8580.0], [83930.0, 8510.0], [83935.0, 20.0], [83947.5, 3570.0]]}}}
{"jsonrpc": "2.0", "method": "subscription", "params": {"channel": "book.BTC-4APR25.none.20.100ms", "data": {"timestamp": 1743435015944, "change_id": 94985549558, "instrument_name": "BTC-4APR25", "bids": [[83690.0, 3370.0], [83685.0, 2490.0], [83670.0, 2100.0], [83667.5, 10160.0], [83660.0, 11580.0], [83655.0, 2490.0], [83650.0, 11490.0], [83640.0, 50000.0], [83637.5, 11550.0], [83632.5, 12350.0], [83627.5, 11550.0], [83620.0, 820.0], [83610.0, 11660.0], [83600.0, 11580.0], [83580.0, 11550.0], [83570.0, 11550.0], [83567.5, 25140.0], [83565.0, 26530.0], [83560.0, 11490.0], [83550.0, 11550.0]], "asks": [[83692.5, 50010.0], [83697.5, 3300.0], [83707.5, 25630.0], [83710.0, 2490.0], [83725.0, 10000.0], [83730.0, 25320.0], [83737.5, 4490.0], [83752.5, 11550.0], [83795.0, 11630.0], [83800.0, 40.0], [83820.0, 25360.0], [83825.0, 11550.0], [83845.0, 116550.0], [83847.5, 17940.0], [83855.0, 11550.0], [83865.0, 11310.0], [83867.5, 40.0], [83885.0, 11670.0], [83892.5, 410.0], [83895.0, 11760.0]]}}}
{"jsonrpc": "2.0", "method": "subscription", "params": {"channel": "book.BTC-4APR25.none.20.100ms", "data": {"timestamp": 1743435016303, "change_id": 94985550022, "instrument_name": "BTC-4APR25", "bids": [[83690.0, 3370.0], [83687.5, 2100.0], [83685.0, 2490.0], [83670.0, 2100.0], [83667.5, 10160.0], [83660.0, 11580.0], [83655.0, 2490.0], [83650.0, 11490.0], [83640.0, 50000.0], [83637.5, 11550.0], [83632.5, 12350.0], [83627.5, 11550.0], [83620.0, 820.0], [83610.0, 11660.0], [83600.0, 11580.0], [83580.0, 11550.0], [83570.0, 11550.0], [83567.5, 25140.0], [83565.0, 26530.0], [83560.0, 11490.0]], "asks": [[83692.5, 50010.0], [83697.5, 3300.0], [83707.5, 25630.0], [83710.0, 2490.0], [83725.0, 10000.0], [83730.0, 25320.0], [83737.5, 4490.0], [83752.5, 11550.0], [83795.0, 11630.0], [83800.0, 40.0], [83820.0, 25360.0], [83825.0, 11550.0], [83845.0, 116550.0], [83847.5, 17940.0], [83855.0, 11550.0], [83865.0, 11310.0], [83867.5, 40.0], [83885.0, 11670.0], [83892.5, 410.0], [83895.0, 11760.0]]}}}
{"jsonrpc": "2.0", "method": "subscription", "params": {"channel": "book.BTC-11APR25.none.20.100ms", "data": {"timestamp": 1743435016324, "change_id": 94985550050, "instrument_name": "BTC-11APR25", "bids": [[83722.5, 11500.0], [83720.0, 8370.0], [83715.0, 20000.0], [83710.0, 11370.0], [83707.5, 3000.0], [83705.0, 52590.0], [83702.5, 3000.0], [83700.0, 8370.0], [83692.5, 10000.0], [83690.0, 8570.0], [83677.5, 8410.0], [83670.0, 2590.0], [83667.5, 8480.0], [83657.5, 8410.0], [83642.5, 6160.0], [83637.5, 8570.0], [83627.5, 8370.0], [83610.0, 8400.0], [83600.0, 8610.0], [83580.0, 8570.0]], "asks": [[83742.5, 8510.0], [83745.0, 25530.0], [83747.5, 28500.0], [83750.0, 12590.0], [83760.0, 8580.0], [83770.0, 2000.0], [83775.0, 8430.0], [83785.0, 14720.0], [83790.0, 2590.0], [83795.0, 8580.0], [83800.0, 20.0], [83860.0, 8610.0], [83865.0, 19210.0], [83867.5, 20.0], [83870.0, 8570.0], [83877.5, 105000.0], [83880.0, 8580.0], [83930.0, 8510.0], [83935.0, 20.0], [83947.5, 3570.0]]}}}
{"jsonrpc": "2.0", "method": "subscription", "params": {"channel": "book.BTC-4APR25.none.20.100ms", "data": {"timestamp": 1743435016330, "change_id": 94985550054, "instrument_name": "BTC-4APR25", "bids": [[83690.0, 3370.0], [83687.5, 2100.0], [83685.0, 2490.0], [83670.0, 2100.0], [83667.5, 10160.0], [83660.0, 11580.0], [83655.0, 2490.0], [83650.0, 11490.0], [83640.0, 50000.0], [83637.5, 11550.0], [83632.5, 12350.0], [83627.5, 11550.0], [83620.0, 820.0], [83610.0, 11660.0], [83600.0, 11580.0], [83580.0, 11550.0], [83570.0, 11550.0], [83567.5, 25140.0], [83565.0, 26530.0], [83550.0, 11550.0]], "asks": [[83692.5, 50010.0], [83697.5, 3300.0], [83707.5, 25630.0], [83710.0, 2490.0], [83725.0, 10000.0], [83730.0, 25320.0], [83737.5, 4490.0], [83752.5, 11550.0], [83795.0, 11630.0], [83800.0, 40.0], [83820.0, 25360.0], [83825.0, 11550.0], [83845.0, 116550.0], [83847.5, 17940.0], [83855.0, 11550.0], [83865.0, 11310.0], [83867.5, 40.0], [83885.0, 11670.0], [83892.5, 410.0], [83895.0, 11760.0]]}}}
{"jsonrpc": "2.0", "method": "subscription", "params": {"channel": "book.BTC-11APR25.none.20.100ms", "data": {"timestamp": 1743435016329, "change_id": 94985550053, "instrument_name": "BTC-11APR25", "bids": [[83722.5, 11500.0], [83720.0, 8370.0], [83712.5, 20000.0], [83710.0, 11370.0], [83707.5, 3000.0], [83705.0, 52590.0], [83702.5, 3000.0], [83700.0, 8370.0], [83692.5, 10000.0], [83690.0, 8570.0], [83677.5, 8410.0], [83670.0, 2590.0], [83667.5, 8480.0], [83657.5, 8410.0], [83642.5, 6160.0], [83637.5, 8570.0], [83627.5, 8370.0], [83610.0, 8400.0], [83600.0, 8610.0], [83580.0, 8570.0]], "asks": [[83742.5, 8510.0], [83745.0, 25530.0], [83747.5, 28500.0], [83750.0, 12590.0], [83760.0, 8580.0], [83770.0, 2000.0], [83775.0, 8430.0], [83785.0, 14720.0], [83790.0, 2590.0], [83795.0, 8580.0], [83800.0, 20.0], [83860.0, 8610.0], [83865.0, 19210.0], [83867.5, 20.0], [83870.0, 8570.0], [83877.5, 105000.0], [83880.0, 8580.0], [83930.0, 8510.0], [83935.0, 20.0], [83947.5, 3570.0]]}}}
{"jsonrpc": "2.0", "method": "subscription", "params": {"channel": "book.BTC-11APR25.none.20.100ms", "data": {"timestamp": 1743435016957, "change_id": 94985551444, "instrument_name": "BTC-11APR25", "bids": [[83725.0, 3000.0], [83722.5, 11500.0], [83712.5, 20000.0], [83710.0, 11370.0], [83707.5, 3000.0], [83705.0, 52590.0], [83702.5, 3000.0], [83700.0, 8370.0], [83692.5, 10000.0], [83690.0, 8570.0], [83677.5, 8410.0], [83670.0, 2590.0], [83667.5, 8480.0], [83657.5, 8410.0], [83642.5, 6160.0], [83637.5, 8570.0], [83627.5, 8370.0], [83610.0, 8400.0], [83600.0, 8610.0], [83580.0, 8570.0]], "asks": [[83727.5, 10.0], [83732.5, 8500.0], [83740.0, 16870.0], [83742.5, 2590.0], [83745.0, 25530.0], [83747.5, 20000.0], [83750.0, 10000.0], [83760.0, 8580.0], [83770.0, 2000.0], [83775.0, 8430.0], [83785.0, 14720.0], [83790.0, 2590.0], [83795.0, 8580.0], [83800.0, 20.0], [83860.0, 8610.0], [83865.0, 19210.0], [83867.5, 20.0], [83870.0, 8570.0], [83877.5, 105000.0], [83880.0, 8580.0]]}}}
{"jsonrpc": "2.0", "method": "subscription", "params": {"channel": "book.BTC-4APR25.none.20.100ms", "data": {"timestamp": 1743435016892, "change_id": 94985551272, "instrument_name": "BTC-4APR25", "bids": [[83690.0, 1270.0], [83687.5, 2100.0], [83672.5, 2490.0], [83670.0, 2100.0], [83667.5, 10160.0], [83655.0, 2490.0], [83650.0, 11490.0], [83637.5, 11550.0], [83635.0, 50000.0], [83632.5, 12350.0], [83627.5, 11550.0], [83620.0, 820.0], [83610.0, 11660.0], [83600.0, 11580.0], [83580.0, 11550.0], [83570.0, 11550.0], [83567.5, 25140.0], [83565.0, 26530.0], [83550.0, 11550.0], [83540.0, 11740.0]], "asks": [[83692.5, 50010.0], [83697.5, 3300.0], [83702.5, 2490.0], [83707.5, 25630.0], [83720.0, 2000.0], [83725.0, 10000.0], [83730.0, 25320.0], [83732.5, 11580.0], [83737.5, 2490.0], [83752.5, 11550.0], [83795.0, 11630.0], [83800.0, 40.0], [83820.0, 25360.0], [83825.0, 11550.0], [83845.0, 116550.0], [83847.5, 17940.0], [83855.0, 11550.0], [83865.0, 11310.0], [83867.5, 40.0], [83885.0, 11670.0]]}}}
{"jsonrpc": "2.0", "method": "subscription", "params": {"channel": "book.BTC-4APR25.none.20.100ms", "data": {"timestamp": 1743435017158, "change_id": 94985551713, "instrument_name": "BTC-4APR25", "bids": [[83690.0, 1270.0], [83675.0, 2100.0], [83672.5, 2490.0], [83670.0, 2100.0], [83667.5, 10160.0], [83655.0, 2490.0], [83650.0, 11490.0], [83637.5, 11550.0], [83635.0, 50000.0], [83632.5, 12350.0], [83627.5, 11550.0], [83620.0, 820.0], [83610.0, 11660.0], [83600.0, 11580.0], [83580.0, 11550.0], [83570.0, 11550.0], [83567.5, 25140.0], [83565.0, 26530.0], [83550.0, 11550.0], [83540.0, 11740.0]], "asks": [[83692.5, 52110.0], [83695.0, 2100.0], [83697.5, 3300.0], [83702.5, 2490.0], [83707.5, 25630.0], [83720.0, 2000.0], [83725.0, 10000.0], [83730.0, 25320.0], [83732.5, 11580.0], [83737.5, 2490.0], [83752.5, 11550.0], [83795.0, 11630.0], [83800.0, 40.0], [83820.0, 25360.0], [83825.0, 11550.0], [83845.0, 116550.0], [83847.5, 17940.0], [83855.0, 11550.0], [83865.0, 11310.0], [83867.5, 40.0]]}}}
{"jsonrpc": "2.0", "method": "subscription", "params": {"channel": "book.BTC-11APR25.none.20.100ms", "data": {"timestamp": 1743435017171, "change_id": 94985551731, "instrument_name": "BTC-11APR25", "bids": [[83725.0, 3000.0], [83715.0, 3000.0], [83712.5, 20000.0], [83710.0, 8370.0], [83707.5, 3000.0], [83705.0, 2590.0], [83702.5, 53000.0], [83700.0, 8370.0], [83692.5, 10000.0], [83690.0, 8570.0], [83677.5, 8410.0], [83670.0, 2590.0], [83667.5, 8480.0], [83657.5, 8410.0], [83642.5, 6160.0], [83637.5, 8570.0], [83627.5, 8370.0], [83610.0, 8400.0], [83600.0, 8610.0], [83580.0, 8570.0]], "asks": [[83727.5, 10.0], [83732.5, 8500.0], [83740.0, 16870.0], [83742.5, 2590.0], [83745.0, 25530.0], [83747.5, 20000.0], [83750.0, 10000.0], [83760.0, 8580.0], [83770.0, 2000.0], [83775.0, 8430.0], [83785.0, 14720.0], [83790.0, 2590.0], [83795.0, 8580.0], [83800.0, 20.0], [83860.0, 8610.0], [83865.0, 19210.0], [83867.5, 20.0], [83870.0, 8570.0], [83877.5, 105000.0], [83880.0, 8580.0]]}}}
{"jsonrpc": "2.0", "method": "subscription", "params": {"channel": "book.BTC-11APR25.none.20.100ms", "data": {"timestamp": 1743435017479, "change_id": 94985552185, "instrument_name": "BTC-11APR25", "bids": [[83730.0, 3000.0], [83727.5, 3000.0], [83725.0, 8500.0], [83715.0, 3000.0], [83712.5, 20000.0], [83710.0, 8370.0], [83707.5, 3000.0], [83705.0, 2590.0], [83702.5, 53000.0], [83700.0, 8370.0], [83692.5, 10000.0], [83690.0, 8570.0], [83677.5, 8410.0], [83670.0, 2590.0], [83667.5, 8480.0], [83657.5, 8410.0], [83642.5, 6160.0], [83637.5, 8570.0], [83627.5, 8370.0], [83610.0, 8400.0]], "asks": [[83732.5, 8510.0], [83737.5, 20000.0], [83742.5, 11230.0], [83745.0, 25530.0], [83750.0, 10000.0], [83760.0, 8580.0], [83770.0, 2000.0], [83775.0, 8430.0], [83785.0, 14720.0], [83790.0, 2590.0], [83795.0, 8580.0], [83800.0, 20.0], [83860.0, 8610.0], [83865.0, 19210.0], [83867.5, 20.0], [83870.0, 8570.0], [83877.5, 105000.0], [83880.0, 8580.0], [83930.0, 8510.0], [83935.0, 20.0]]}}}
{"jsonrpc": "2.0", "method": "subscription", "params": {"channel": "book.BTC-4APR25.none.20.100ms", "data": {"timestamp": 1743435017898, "change_id": 94985552815, "instrument_name": "BTC-4APR25", "bids": [[83690.0, 1270.0], [83675.0, 2100.0], [83672.5, 2490.0], [83670.0, 2100.0], [83667.5, 10160.0], [83655.0, 2490.0], [83650.0, 11490.0], [83637.5, 11550.0], [83635.0, 50000.0], [83632.5, 12350.0], [83627.5, 11550.0], [83620.0, 820.0], [83610.0, 11660.0], [83600.0, 11580.0], [83580.0, 11550.0], [83570.0, 11550.0], [83567.5, 25140.0], [83565.0, 26530.0], [83550.0, 11550.0], [83540.0, 11740.0]], "asks": [[83692.5, 52110.0], [83695.0, 2100.0], [83697.5, 3420.0], [83702.5, 2490.0], [83707.5, 25510.0], [83715.0, 10000.0], [83720.0, 2000.0], [83730.0, 25320.0], [83732.5, 11580.0], [83737.5, 2490.0], [83752.5, 11550.0], [83795.0, 11630.0], [83800.0, 40.0], [83820.0, 25360.0], [83825.0, 11550.0], [83845.0, 116550.0], [83847.5, 17940.0], [83855.0, 11550.0], [83865.0, 11310.0], [83867.5, 40.0]]}}}
{"jsonrpc": "2.0", "method": "subscription", "params": {"channel": "book.BTC-11APR25.none.20.100ms", "data": {"timestamp": 1743435017806, "change_id": 94985552465, "instrument_name": "BTC-11APR25", "bids": [[83730.0, 3000.0], [83727.5, 3000.0], [83725.0, 8500.0], [83715.0, 3000.0], [83712.5, 20000.0], [83710.0, 8370.0], [83707.5, 3000.0], [83705.0, 2590.0], [83702.5, 53000.0], [83700.0, 8370.0], [83692.5, 10000.0], [83690.0, 8570.0], [83677.5, 8410.0], [83670.0, 2590.0], [83667.5, 8480.0], [83657.5, 8410.0], [83642.5, 6160.0], [83637.5, 8570.0], [83627.5, 8370.0], [83610.0, 8400.0]], "asks": [[83732.5, 8510.0], [83737.5, 20000.0], [83742.5, 11230.0], [83745.0, 25530.0], [83750.0, 10000.0], [83760.0, 8580.0], [83770.0, 2000.0], [83775.0, 8430.0], [83785.0, 14720.0], [83790.0, 2590.0], [83795.0, 8580.0], [83800.0, 20.0], [83860.0, 8610.0], [83865.0, 19210.0], [83867.5, 20.0], [83870.0, 8570.0], [83877.5, 105000.0], [83880.0, 8580.0], [83930.0, 8510.0], [83935.0, 20.0]]}}}
{"jsonrpc": "2.0", "method": "subscription", "params": {"channel": "book.BTC-4APR25.none.20.100ms", "data": {"timestamp": 1743435018275, "change_id": 94985553800, "instrument_name": "BTC-4APR25", "bids": [[83690.0, 14880.0], [83687.5, 2490.0], [83677.5, 10000.0], [83670.0, 2100.0], [83667.5, 160.0], [83660.0, 11580.0], [83655.0, 2490.0], [83650.0, 11490.0], [83640.0, 62350.0], [83637.5, 11550.0], [83627.5, 11550.0], [83620.0, 820.0], [83610.0, 11660.0], [83600.0, 11580.0], [83580.0, 11550.0], [83572.5, 25140.0], [83570.0, 11550.0], [83565.0, 26530.0], [83550.0, 11550.0], [83540.0, 11740.0]], "asks": [[83692.5, 50000.0], [83697.5, 3300.0], [83715.0, 120.0], [83722.5, 2490.0], [83727.5, 10000.0], [83730.0, 25320.0], [83737.5, 2490.0], [83740.0, 2000.0], [83752.5, 11550.0], [83795.0, 11630.0], [83800.0, 40.0], [83820.0, 25360.0], [83825.0, 11550.0], [83845.0, 116550.0], [83847.5, 17940.0], [83855.0, 11550.0], [83865.0, 11310.0], [83867.5, 40.0], [83885.0, 11670.0], [83892.5, 410.0]]}}}
{"jsonrpc": "2.0", "method": "subscription", "params": {"channel": "book.BTC-11APR25.none.20.100ms", "data": {"timestamp": 1743435018286, "change_id": 94985553849, "instrument_name": "BTC-11APR25", "bids": [[83745.0, 10.0], [83740.0, 3000.0], [83737.5, 8500.0], [83730.0, 11640.0], [83722.5, 2590.0], [83720.0, 8640.0], [83717.5, 3000.0], [83715.0, 70000.0], [83710.0, 8370.0], [83707.5, 3000.0], [83705.0, 2590.0], [83702.5, 10000.0], [83700.0, 8370.0], [83690.0, 8570.0], [83677.5, 8410.0], [83667.5, 8480.0], [83657.5, 8410.0], [83645.0, 6160.0], [83637.5, 8570.0], [83627.5, 8370.0]], "asks": [[83750.0, 8510.0], [83752.5, 30000.0], [83757.5, 2590.0], [83760.0, 8580.0], [83770.0, 2000.0], [83775.0, 8430.0], [83785.0, 14720.0], [83790.0, 2590.0], [83795.0, 8580.0], [83800.0, 20.0], [83860.0, 8610.0], [83865.0, 19210.0], [83867.5, 20.0], [83870.0, 8570.0], [83877.5, 105000.0], [83880.0, 8580.0], [83930.0, 8510.0], [83935.0, 20.0], [83947.5, 3570.0], [83950.0, 8430.0]]}}}
{"jsonrpc": "2.0", "method": "subscription", "params": {"channel": "book.BTC-11APR25.none.20.100ms", "data": {"timestamp": 1743435018577, "change_id": 94985554395, "instrument_name": "BTC-11APR25", "bids": [[83742.5, 8510.0], [83740.0, 11500.0], [83730.0, 11640.0], [83722.5, 2590.0], [83720.0, 8640.0], [83717.5, 3000.0], [83715.0, 70000.0], [83710.0, 8370.0], [83707.5, 3000.0], [83705.0, 2590.0], [83702.5, 10000.0], [83700.0, 8370.0], [83690.0, 8570.0], [83677.5, 8410.0], [83667.5, 8480.0], [83657.5, 8410.0], [83645.0, 6160.0], [83637.5, 8570.0], [83627.5, 8370.0], [83610.0, 8400.0]], "asks": [[83745.0, 81850.0], [83750.0, 8500.0], [83752.5, 30000.0], [83757.5, 2590.0], [83760.0, 8580.0], [83770.0, 2000.0], [83775.0, 8430.0], [83785.0, 14720.0], [83790.0, 2590.0], [83795.0, 8580.0], [83800.0, 20.0], [83860.0, 8610.0], [83865.0, 19210.0], [83867.5, 20.0], [83870.0, 8570.0], [83877.5, 105000.0], [83880.0, 8580.0], [83930.0, 8510.0], [83935.0, 20.0], [83947.5, 3570.0]]}}}
{"jsonrpc": "2.0", "method": "subscription", "params": {"channel": "book.BTC-4APR25.none.20.100ms", "data": {"timestamp": 1743435018429, "change_id": 94985554135, "instrument_name": "BTC-4APR25", "bids": [[83690.0, 14880.0], [83687.5, 2490.0], [83677.5, 10000.0], [83670.0, 2100.0], [83667.5, 160.0], [83660.0, 11580.0], [83655.0, 2490.0], [83650.0, 11490.0], [83640.0, 62350.0], [83637.5, 11550.0], [83627.5, 11550.0], [83620.0, 820.0], [83610.0, 11660.0], [83600.0, 11580.0], [83580.0, 11550.0], [83572.5, 25140.0], [83570.0, 11550.0], [83565.0, 26530.0], [83550.0, 11550.0], [83540.0, 11740.0]], "asks": [[83692.5, 50000.0], [83697.5, 3300.0], [83707.5, 81810.0], [83715.0, 120.0], [83722.5, 2490.0], [83727.5, 10000.0], [83730.0, 25320.0], [83737.5, 2490.0], [83740.0, 2000.0], [83752.5, 11550.0], [83795.0, 11630.0], [83800.0, 40.0], [83820.0, 25360.0], [83825.0, 11550.0], [83845.0, 116550.0], [83847.5, 17940.0], [83855.0, 11550.0], [83865.0, 11310.0], [83867.5, 40.0], [83885.0, 11670.0]]}}}
{"jsonrpc": "2.0", "method": "subscription", "params": {"channel": "book.BTC-4APR25.none.20.100ms", "data": {"timestamp": 1743435018965, "change_id": 94985555521, "instrument_name": "BTC-4APR25", "bids": [[83690.0, 14880.0], [83687.5, 2490.0], [83677.5, 10120.0], [83670.0, 2100.0], [83667.5, 40.0], [83660.0, 11580.0], [83655.0, 2490.0], [83650.0, 11490.0], [83640.0, 62350.0], [83637.5, 11550.0], [83627.5, 11550.0], [83620.0, 820.0], [83610.0, 11660.0], [83600.0, 11580.0], [83580.0, 11550.0], [83572.5, 25140.0], [83570.0, 11550.0], [83565.0, 26530.0], [83550.0, 11550.0], [83540.0, 11740.0]], "asks": [[83692.5, 50000.0], [83697.5, 3300.0], [83715.0, 120.0], [83722.5, 2490.0], [83727.5, 10000.0], [83730.0, 25320.0], [83737.5, 2490.0], [83740.0, 2000.0], [83752.5, 11550.0], [83795.0, 11630.0], [83800.0, 40.0], [83820.0, 25360.0], [83825.0, 11550.0], [83845.0, 116550.0], [83847.5, 17940.0], [83855.0, 11550.0], [83865.0, 11310.0], [83867.5, 40.0], [83885.0, 11670.0], [83892.5, 410.0]]}}}
{"jsonrpc": "2.0", "method": "subscription", "params": {"channel": "book.BTC-11APR25.none.20.100ms", "data": {"timestamp": 1743435018957, "change_id": 94985555501, "instrument_name": "BTC-11APR25", "bids": [[83750.0, 3010.0], [83747.5, 10.0], [83730.0, 8640.0], [83722.5, 2590.0], [83720.0, 8640.0], [83717.5, 3000.0], [83715.0, 20000.0], [83712.5, 50000.0], [83710.0, 8370.0], [83707.5, 3000.0], [83705.0, 2590.0], [83702.5, 10000.0], [83700.0, 8370.0], [83690.0, 8570.0], [83677.5, 8410.0], [83667.5, 8480.0], [83657.5, 8410.0], [83645.0, 6160.0], [83637.5, 8570.0], [83627.5, 8370.0]], "asks": [[83752.5, 38500.0], [83762.5, 8640.0], [83770.0, 2000.0], [83775.0, 8430.0], [83785.0, 14720.0], [83790.0, 2590.0], [83795.0, 8580.0], [83800.0, 20.0], [83860.0, 8610.0], [83865.0, 19210.0], [83867.5, 20.0], [83870.0, 8570.0], [83877.5, 105000.0], [83880.0, 8580.0], [83930.0, 8510.0], [83935.0, 20.0], [83947.5, 3570.0], [83950.0, 8430.0], [83952.5, 37850.0], [83960.0, 8580.0]]}}}
{"jsonrpc": "2.0", "method": "subscription", "params": {"channel": "book.BTC-4APR25.none.20.100ms", "data": {"timestamp": 1743435019294, "change_id": 94985556841, "instrument_name": "BTC-4APR25", "bids": [[83700.0, 2100.0], [83692.5, 2100.0], [83690.0, 14870.0], [83687.5, 2490.0], [83677.5, 10120.0], [83670.0, 2100.0], [83667.5, 40.0], [83660.0, 11580.0], [83655.0, 2490.0], [83652.5, 50000.0], [83650.0, 11490.0], [83640.0, 12350.0], [83637.5, 11550.0], [83630.0, 820.0], [83627.5, 11550.0], [83610.0, 11660.0], [83600.0, 11580.0], [83580.0, 11550.0], [83572.5, 25140.0], [83570.0, 11550.0]], "asks": [[83702.5, 52110.0], [83707.5, 600.0], [83715.0, 27890.0], [83720.0, 2100.0], [83722.5, 2490.0], [83727.5, 10000.0], [83730.0, 25320.0], [83740.0, 2000.0], [83752.5, 11550.0], [83765.0, 2490.0], [83772.5, 11580.0], [83795.0, 11630.0], [83800.0, 40.0], [83820.0, 25360.0], [83825.0, 11550.0], [83845.0, 116550.0], [83847.5, 17940.0], [83855.0, 11550.0], [83865.0, 11310.0], [83867.5, 40.0]]}}}
{"jsonrpc": "2.0", "method": "subscription", "params": {"channel": "book.BTC-11APR25.none.20.100ms", "data": {"timestamp": 1743435019293, "change_id": 94985556837, "instrument_name": "BTC-11APR25", "bids": [[83750.0, 3000.0], [83730.0, 11230.0], [83720.0, 8640.0], [83717.5, 23000.0], [83712.5, 50000.0], [83710.0, 8370.0], [83707.5, 3000.0], [83705.0, 2590.0], [83702.5, 10000.0], [83700.0, 8370.0], [83690.0, 8570.0], [83677.5, 8410.0], [83667.5, 8480.0], [83657.5, 8410.0], [83645.0, 6160.0], [83637.5, 8570.0], [83627.5, 8370.0], [83610.0, 8400.0], [83600.0, 8610.0], [83582.5, 6340.0]], "asks": [[83752.5, 66290.0], [83762.5, 8640.0], [83765.0, 2590.0], [83772.5, 3000.0], [83775.0, 8430.0], [83785.0, 14720.0], [83790.0, 4590.0], [83795.0, 8580.0], [83800.0, 20.0], [83860.0, 8610.0], [83865.0, 19210.0], [83867.5, 20.0], [83870.0, 8570.0], [83877.5, 105000.0], [83880.0, 8580.0], [83930.0, 8510.0], [83935.0, 20.0], [83947.5, 3570.0], [83950.0, 8430.0], [83952.5, 37850.0]]}}}
{"jsonrpc": "2.0", "method": "subscription", "params": {"channel": "book.BTC-11APR25.none.20.100ms", "data": {"timestamp": 1743435019516, "change_id": 94985557207, "instrument_name": "BTC-11APR25", "bids": [[83750.0, 3000.0], [83730.0, 11230.0], [83720.0, 8640.0], [83717.5, 23000.0], [83712.5, 50000.0], [83710.0, 8370.0], [83707.5, 3000.0], [83705.0, 2590.0], [83702.5, 10000.0], [83700.0, 8370.0], [83690.0, 8570.0], [83677.5, 8410.0], [83667.5, 8480.0], [83657.5, 8410.0], [83645.0, 6160.0], [83637.5, 8570.0], [83627.5, 8370.0], [83610.0, 8400.0], [83600.0, 8610.0], [83582.5, 6340.0]], "asks": [[83752.5, 66290.0], [83757.5, 2590.0], [83762.5, 8640.0], [83772.5, 3000.0], [83775.0, 8430.0], [83785.0, 14720.0], [83790.0, 4590.0], [83795.0, 8580.0], [83800.0, 20.0], [83860.0, 8610.0], [83865.0, 19210.0], [83867.5, 20.0], [83870.0, 8570.0], [83877.5, 105000.0], [83880.0, 8580.0], [83930.0, 8510.0], [83935.0, 20.0], [83947.5, 3570.0], [83950.0, 8430.0], [83952.5, 37850.0]]}}}
{"jsonrpc": "2.0", "method": "subscription", "params": {"channel": "book.BTC-4APR25.none.20.100ms", "data": {"timestamp": 1743435019542, "change_id": 94985557232, "instrument_name": "BTC-4APR25", "bids": [[83700.0, 6730.0], [83692.5, 2100.0], [83690.0, 13600.0], [83687.5, 2490.0], [83677.5, 10120.0], [83670.0, 2100.0], [83667.5, 40.0], [83660.0, 11580.0], [83657.5, 50000.0], [83655.0, 2490.0], [83650.0, 11490.0], [83640.0, 12350.0], [83637.5, 11550.0], [83630.0, 820.0], [83627.5, 11550.0], [83610.0, 11660.0], [83600.0, 11580.0], [83580.0, 11550.0], [83572.5, 25140.0], [83570.0, 11550.0]], "asks": [[83702.5, 52110.0], [83707.5, 600.0], [83715.0, 27890.0], [83720.0, 2100.0], [83722.5, 2490.0], [83727.5, 10000.0], [83730.0, 25320.0], [83740.0, 2000.0], [83752.5, 11550.0], [83765.0, 2490.0], [83772.5, 11580.0], [83795.0, 11630.0], [83800.0, 40.0], [83820.0, 25360.0], [83825.0, 11550.0], [83845.0, 116550.0], [83847.5, 17940.0], [83855.0, 11550.0], [83865.0, 11310.0], [83867.5, 40.0]]}}}
{"jsonrpc": "2.0", "method": "subscription", "params": {"channel": "book.BTC-4APR25.none.20.100ms", "data": {"timestamp": 1743435019949, "change_id": 94985558023, "instrument_name": "BTC-4APR25", "bids": [[83700.0, 6730.0], [83692.5, 2100.0], [83690.0, 2100.0], [83687.5, 2490.0], [83677.5, 10120.0], [83670.0, 2100.0], [83667.5, 40.0], [83660.0, 11580.0], [83655.0, 2490.0], [83652.5, 50000.0], [83650.0, 11490.0], [83640.0, 12350.0], [83637.5, 11550.0], [83630.0, 820.0], [83627.5, 11550.0], [83610.0, 11660.0], [83600.0, 11580.0], [83580.0, 11550.0], [83572.5, 25140.0], [83570.0, 11550.0]], "asks": [[83702.5, 50010.0], [83707.5, 600.0], [83715.0, 27890.0], [83720.0, 2100.0], [83722.5, 2490.0], [83727.5, 10000.0], [83730.0, 25320.0], [83740.0, 2000.0], [83752.5, 11550.0], [83765.0, 2490.0], [83772.5, 11580.0], [83795.0, 11630.0], [83800.0, 40.0], [83820.0, 25360.0], [83825.0, 11550.0], [83845.0, 116550.0], [83847.5, 17940.0], [83855.0, 11550.0], [83865.0, 11310.0], [83867.5, 40.0]]}}}
{"jsonrpc": "2.0", "method": "subscription", "params": {"channel": "book.BTC-4APR25.none.20.100ms", "data": {"timestamp": 1743435020123, "change_id": 94985558214, "instrument_name": "BTC-4APR25", "bids": [[83700.0, 4630.0], [83690.0, 2100.0], [83687.5, 2490.0], [83680.0, 2100.0], [83677.5, 10120.0], [83670.0, 2100.0], [83667.5, 40.0], [83660.0, 11580.0], [83655.0, 2490.0], [83652.5, 50000.0], [83650.0, 11490.0], [83640.0, 12350.0], [83637.5, 11550.0], [83630.0, 820.0], [83627.5, 11550.0], [83610.0, 11660.0], [83600.0, 11580.0], [83580.0, 11550.0], [83572.5, 25140.0], [83570.0, 11550.0]], "asks": [[83702.5, 52110.0], [83707.5, 600.0], [83712.5, 2100.0], [83715.0, 27890.0], [83720.0, 2100.0], [83722.5, 2490.0], [83727.5, 10000.0], [83730.0, 25320.0], [83740.0, 2000.0], [83752.5, 11550.0], [83765.0, 2490.0], [83772.5, 11580.0], [83795.0, 11630.0], [83800.0, 40.0], [83820.0, 25360.0], [83825.0, 11550.0], [83845.0, 116550.0], [83847.5, 17940.0], [83855.0, 11550.0], [83865.0, 11310.0]]}}}
{"jsonrpc": "2.0", "method": "subscription", "params": {"channel": "book.BTC-11APR25.none.20.100ms", "data": {"timestamp": 1743435019981, "change_id": 94985558069, "instrument_name": "BTC-11APR25", "bids": [[83750.0, 3000.0], [83732.5, 3000.0], [83730.0, 11230.0], [83720.0, 8640.0], [83717.5, 20000.0], [83712.5, 50000.0], [83710.0, 8370.0], [83707.5, 3000.0], [83705.0, 2590.0], [83702.5, 10000.0], [83700.0, 8370.0], [83690.0, 8570.0], [83677.5, 8410.0], [83667.5, 8480.0], [83657.5, 8410.0], [83645.0, 6160.0], [83637.5, 8570.0], [83627.5, 8370.0], [83610.0, 8400.0], [83600.0, 8610.0]], "asks": [[83752.5, 66290.0], [83757.5, 2590.0], [83762.5, 8640.0], [83772.5, 3000.0], [83775.0, 8430.0], [83785.0, 14720.0], [83790.0, 4590.0], [83795.0, 8580.0], [83800.0, 20.0], [83860.0, 8610.0], [83865.0, 19210.0], [83867.5, 20.0], [83870.0, 8570.0], [83877.5, 105000.0], [83880.0, 8580.0], [83930.0, 8510.0], [83935.0, 20.0], [83947.5, 3570.0], [83950.0, 8430.0], [83952.5, 37850.0]]}}}
{"jsonrpc": "2.0", "method": "subscription", "params": {"channel": "book.BTC-11APR25.none.20.100ms", "data": {"timestamp": 1743435020607, "change_id": 94985558827, "instrument_name": "BTC-11APR25", "bids": [[83735.0, 11500.0], [83732.5, 3000.0], [83730.0, 11230.0], [83722.5, 20000.0], [83720.0, 8640.0], [83712.5, 50000.0], [83710.0, 8370.0], [83707.5, 3000.0], [83705.0, 2590.0], [83702.5, 10000.0], [83700.0, 8370.0], [83690.0, 8570.0], [83677.5, 8410.0], [83667.5, 8480.0], [83657.5, 8410.0], [83645.0, 6160.0], [83637.5, 8570.0], [83627.5, 8370.0], [83610.0, 8400.0], [83600.0, 8610.0]], "asks": [[83750.0, 8500.0], [83752.5, 66290.0], [83757.5, 2590.0], [83762.5, 8640.0], [83772.5, 3000.0], [83775.0, 8430.0], [83785.0, 14720.0], [83790.0, 4590.0], [83795.0, 8580.0], [83800.0, 20.0], [83860.0, 8610.0], [83865.0, 19210.0], [83867.5, 20.0], [83870.0, 8570.0], [83877.5, 105000.0], [83880.0, 8580.0], [83930.0, 8510.0], [83935.0, 20.0], [83947.5, 3570.0], [83950.0, 8430.0]]}}}
{"jsonrpc": "2.0", "method": "subscription", "params": {"channel": "book.BTC-11APR25.none.20.100ms", "data": {"timestamp": 1743435020827, "change_id": 94985559468, "instrument_name": "BTC-11APR25", "bids": [[83735.0, 11500.0], [83732.5, 3000.0], [83727.5, 2590.0], [83722.5, 20000.0], [83720.0, 8640.0], [83712.5, 50000.0], [83710.0, 8370.0], [83707.5, 3000.0], [83705.0, 2590.0], [83702.5, 10000.0], [83700.0, 8370.0], [83690.0, 8570.0], [83677.5, 8410.0], [83667.5, 8480.0], [83657.5, 8410.0], [83645.0, 6160.0], [83637.5, 8570.0], [83627.5, 8370.0], [83610.0, 8400.0], [83600.0, 8610.0]], "asks": [[83750.0, 8500.0], [83752.5, 66290.0], [83757.5, 2590.0], [83762.5, 8640.0], [83772.5, 5000.0], [83775.0, 8430.0], [83785.0, 14720.0], [83790.0, 2590.0], [83795.0, 8580.0], [83800.0, 20.0], [83860.0, 8610.0], [83865.0, 19210.0], [83867.5, 20.0], [83870.0, 8570.0], [83877.5, 105000.0], [83880.0, 8580.0], [83930.0, 8510.0], [83935.0, 20.0], [83947.5, 3570.0], [83950.0, 8430.0]]}}}
{"jsonrpc": "2.0", "method": "subscription", "params": {"channel": "book.BTC-4APR25.none.20.100ms", "data": {"timestamp": 1743435021226, "change_id": 94985560088, "instrument_name": "BTC-4APR25", "bids": [[83700.0, 4630.0], [83690.0, 2100.0], [83687.5, 2490.0], [83680.0, 2100.0], [83677.5, 10120.0], [83670.0, 2100.0], [83667.5, 40.0], [83660.0, 11580.0], [83655.0, 2490.0], [83652.5, 50000.0], [83650.0, 11490.0], [83640.0, 12350.0], [83637.5, 11550.0], [83630.0, 820.0], [83627.5, 11550.0], [83610.0, 11660.0], [83600.0, 11580.0], [83580.0, 11550.0], [83572.5, 25140.0], [83570.0, 11550.0]], "asks": [[83702.5, 52110.0], [83705.0, 2100.0], [83707.5, 600.0], [83712.5, 2100.0], [83715.0, 27890.0], [83720.0, 2100.0], [83722.5, 2490.0], [83727.5, 10000.0], [83730.0, 25320.0], [83732.5, 11580.0], [83737.5, 2490.0], [83740.0, 2000.0], [83752.5, 11550.0], [83772.5, 11580.0], [83795.0, 11630.0], [83800.0, 40.0], [83820.0, 25360.0], [83825.0, 11550.0], [83845.0, 116550.0], [83847.5, 17940.0]]}}}
{"jsonrpc": "2.0", "method": "subscription", "params": {"channel": "book.BTC-11APR25.none.20.100ms", "data": {"timestamp": 1743435021264, "change_id": 94985560235, "instrument_name": "BTC-11APR25", "bids": [[83735.0, 3000.0], [83725.0, 3000.0], [83712.5, 20000.0], [83710.0, 8370.0], [83707.5, 3000.0], [83705.0, 2590.0], [83702.5, 60000.0], [83700.0, 8370.0], [83690.0, 8570.0], [83677.5, 8410.0], [83667.5, 8480.0], [83657.5, 8410.0], [83645.0, 6160.0], [83637.5, 8570.0], [83627.5, 8370.0], [83610.0, 8400.0], [83600.0, 8610.0], [83582.5, 6340.0], [83580.0, 8570.0], [83560.0, 8370.0]], "asks": [[83737.5, 10.0], [83742.5, 8500.0], [83745.0, 8640.0], [83750.0, 8500.0], [83752.5, 57780.0], [83757.5, 2590.0], [83762.5, 8640.0], [83772.5, 5000.0], [83775.0, 8430.0], [83785.0, 14720.0], [83790.0, 2590.0], [83795.0, 8580.0], [83800.0, 20.0], [83860.0, 8610.0], [83865.0, 19210.0], [83867.5, 20.0], [83870.0, 8570.0], [83877.5, 105000.0], [83880.0, 8580.0], [83930.0, 8510.0]]}}}
{"jsonrpc": "2.0", "method": "subscription", "params": {"channel": "book.BTC-4APR25.none.20.100ms", "data": {"timestamp": 1743435021595, "change_id": 94985561017, "instrument_name": "BTC-4APR25", "bids": [[83700.0, 4630.0], [83680.0, 2100.0], [83677.5, 2490.0], [83670.0, 2100.0], [83667.5, 40.0], [83665.0, 10120.0], [83655.0, 2490.0], [83650.0, 11490.0], [83640.0, 12350.0], [83637.5, 61550.0], [83630.0, 820.0], [83627.5, 11550.0], [83610.0, 11660.0], [83600.0, 11580.0], [83580.0, 11550.0], [83572.5, 25140.0], [83570.0, 11550.0], [83565.0, 26530.0], [83550.0, 11550.0], [83540.0, 11740.0]], "asks": [[83702.5, 52110.0], [83705.0, 4710.0], [83707.5, 600.0], [83712.5, 2100.0], [83715.0, 27770.0], [83717.5, 10000.0], [83720.0, 4100.0], [83730.0, 25320.0], [83732.5, 11580.0], [83737.5, 2490.0], [83752.5, 11550.0], [83772.5, 11580.0], [83795.0, 11630.0], [83800.0, 40.0], [83820.0, 25360.0], [83825.0, 11550.0], [83845.0, 116550.0], [83847.5, 17940.0], [83855.0, 11550.0], [83865.0, 11310.0]]}}}
{"jsonrpc": "2.0", "method": "subscription", "params": {"channel": "book.BTC-11APR25.none.20.100ms", "data": {"timestamp": 1743435021600, "change_id": 94985561043, "instrument_name": "BTC-11APR25", "bids": [[83715.0, 11500.0], [83710.0, 28370.0], [83707.5, 3000.0], [83705.0, 2590.0], [83700.0, 8370.0], [83692.5, 50000.0], [83690.0, 18570.0], [83677.5, 8410.0], [83670.0, 2590.0], [83667.5, 8480.0], [83657.5, 8410.0], [83637.5, 8570.0], [83630.0, 6160.0], [83627.5, 8370.0], [83610.0, 8400.0], [83600.0, 8610.0], [83580.0, 8570.0], [83570.0, 6340.0], [83560.0, 8370.0], [83540.0, 18970.0]], "asks": [[83732.5, 8500.0], [83735.0, 8510.0], [83740.0, 2590.0], [83742.5, 20000.0], [83745.0, 8640.0], [83752.5, 37780.0], [83762.5, 8640.0], [83772.5, 3000.0], [83775.0, 8430.0], [83785.0, 14720.0], [83790.0, 2590.0], [83795.0, 8580.0], [83800.0, 20.0], [83860.0, 8610.0], [83865.0, 19210.0], [83867.5, 20.0], [83870.0, 8570.0], [83877.5, 105000.0], [83880.0, 8580.0], [83930.0, 8510.0]]}}}
{"jsonrpc": "2.0", "method": "subscription", "params": {"channel": "book.BTC-11APR25.none.20.100ms", "data": {"timestamp": 1743435021834, "change_id": 94985561443, "instrument_name": "BTC-11APR25", "bids": [[83715.0, 11500.0], [83710.0, 28370.0], [83707.5, 3000.0], [83705.0, 2590.0], [83700.0, 8370.0], [83692.5, 50000.0], [83690.0, 18570.0], [83677.5, 8410.0], [83670.0, 2590.0], [83667.5, 8480.0], [83657.5, 8410.0], [83637.5, 8570.0], [83630.0, 6160.0], [83627.5, 8370.0], [83610.0, 8400.0], [83600.0, 8610.0], [83580.0, 8570.0], [83570.0, 6340.0], [83560.0, 8370.0], [83540.0, 18970.0]], "asks": [[83732.5, 8500.0], [83735.0, 8510.0], [83740.0, 2590.0], [83742.5, 30000.0], [83745.0, 8640.0], [83762.5, 8640.0], [83772.5, 3000.0], [83775.0, 8430.0], [83785.0, 14720.0], [83790.0, 2590.0], [83795.0, 8580.0], [83800.0, 20.0], [83860.0, 8610.0], [83865.0, 19210.0], [83867.5, 20.0], [83870.0, 8570.0], [83877.5, 105000.0], [83880.0, 8580.0], [83930.0, 8510.0], [83935.0, 20.0]]}}}
{"jsonrpc": "2.0", "method": "subscription", "params": {"channel": "book.BTC-4APR25.none.20.100ms", "data": {"timestamp": 1743435021759, "change_id": 94985561444, "instrument_name": "BTC-4APR25", "bids": [[83700.0, 4630.0], [83680.0, 2100.0], [83670.0, 4590.0], [83667.5, 40.0], [83665.0, 10120.0], [83655.0, 2490.0], [83650.0, 11490.0], [83640.0, 12350.0], [83637.5, 61550.0], [83630.0, 820.0], [83627.5, 11550.0], [83610.0, 11660.0], [83600.0, 11580.0], [83580.0, 11550.0], [83572.5, 25140.0], [83570.0, 11550.0], [83565.0, 26530.0], [83550.0, 11550.0], [83540.0, 11740.0], [83532.5, 40.0]], "asks": [[83702.5, 52110.0], [83705.0, 4710.0], [83707.5, 600.0], [83712.5, 2100.0], [83717.5, 10000.0], [83720.0, 4100.0], [83730.0, 25320.0], [83732.5, 11580.0], [83737.5, 2490.0], [83752.5, 11550.0], [83772.5, 11580.0], [83795.0, 11630.0], [83800.0, 40.0], [83820.0, 25360.0], [83825.0, 11550.0], [83845.0, 116550.0], [83847.5, 17940.0], [83855.0, 11550.0], [83865.0, 11310.0], [83867.5, 40.0]]}}}
{"jsonrpc": "2.0", "method": "subscription", "params": {"channel": "book.BTC-11APR25.none.20.100ms", "data": {"timestamp": 1743435022267, "change_id": 94985562577, "instrument_name": "BTC-11APR25", "bids": [[83730.0, 10.0], [83725.0, 11500.0], [83720.0, 11230.0], [83717.5, 3000.0], [83710.0, 28370.0], [83700.0, 8370.0], [83692.5, 50000.0], [83690.0, 18570.0], [83677.5, 8410.0], [83670.0, 2590.0], [83667.5, 8480.0], [83657.5, 8410.0], [83637.5, 8570.0], [83632.5, 6160.0], [83627.5, 8370.0], [83610.0, 8400.0], [83600.0, 8610.0], [83580.0, 8570.0], [83567.5, 6340.0], [83560.0, 8370.0]], "asks": [[83737.5, 8500.0], [83740.0, 83730.0], [83742.5, 10000.0], [83745.0, 20000.0], [83747.5, 2590.0], [83762.5, 8640.0], [83772.5, 3000.0], [83775.0, 8430.0], [83785.0, 14720.0], [83790.0, 2590.0], [83795.0, 8580.0], [83800.0, 20.0], [83860.0, 8610.0], [83865.0, 19210.0], [83867.5, 20.0], [83870.0, 8570.0], [83877.5, 105000.0], [83880.0, 8580.0], [83930.0, 8510.0], [83935.0, 20.0]]}}}
{"jsonrpc": "2.0", "method": "subscription", "params": {"channel": "book.BTC-4APR25.none.20.100ms", "data": {"timestamp": 1743435022263, "change_id": 94985562571, "instrument_name": "BTC-4APR25", "bids": [[83700.0, 4630.0], [83670.0, 2100.0], [83667.5, 40.0], [83665.0, 10120.0], [83660.0, 11580.0], [83655.0, 2490.0], [83650.0, 11490.0], [83642.5, 50000.0], [83640.0, 12350.0], [83637.5, 11550.0], [83630.0, 820.0], [83627.5, 11550.0], [83610.0, 11660.0], [83600.0, 11580.0], [83580.0, 11550.0], [83572.5, 25140.0], [83570.0, 11550.0], [83565.0, 26530.0], [83550.0, 11550.0], [83540.0, 11740.0]], "asks": [[83702.5, 135810.0], [83705.0, 2220.0], [83707.5, 600.0], [83712.5, 2490.0], [83717.5, 10000.0], [83720.0, 2000.0], [83730.0, 25320.0], [83732.5, 11580.0], [83737.5, 2490.0], [83752.5, 11550.0], [83772.5, 11580.0], [83795.0, 11630.0], [83800.0, 40.0], [83820.0, 25360.0], [83825.0, 11550.0], [83845.0, 116550.0], [83847.5, 17940.0], [83855.0, 11550.0], [83865.0, 11310.0], [83867.5, 40.0]]}}}
{"jsonrpc": "2.0", "method": "subscription", "params": {"channel": "book.BTC-11APR25.none.20.100ms", "data": {"timestamp": 1743435022583, "change_id": 94985563041, "instrument_name": "BTC-11APR25", "bids": [[83735.0, 3000.0], [83725.0, 8500.0], [83720.0, 11230.0], [83710.0, 28370.0], [83700.0, 8370.0], [83692.5, 50000.0], [83690.0, 18570.0], [83677.5, 8410.0], [83670.0, 2590.0], [83667.5, 8480.0], [83657.5, 8410.0], [83637.5, 8570.0], [83632.5, 6160.0], [83627.5, 8370.0], [83610.0, 8400.0], [83600.0, 8610.0], [83580.0, 8570.0], [83567.5, 6340.0], [83560.0, 8370.0], [83540.0, 18970.0]], "asks": [[83737.5, 8510.0], [83742.5, 10000.0], [83745.0, 20000.0], [83747.5, 11230.0], [83755.0, 2000.0], [83762.5, 8640.0], [83772.5, 3000.0], [83775.0, 8430.0], [83785.0, 14720.0], [83790.0, 2590.0], [83795.0, 8580.0], [83800.0, 20.0], [83860.0, 8610.0], [83865.0, 19210.0], [83867.5, 20.0], [83870.0, 8570.0], [83877.5, 105000.0], [83880.0, 8580.0], [83930.0, 8510.0], [83935.0, 20.0]]}}}
{"jsonrpc": "2.0", "method": "subscription", "params": {"channel": "book.BTC-4APR25.none.20.100ms", "data": {"timestamp": 1743435022551, "change_id": 94985562982, "instrument_name": "BTC-4APR25", "bids": [[83700.0, 4630.0], [83685.0, 2490.0], [83670.0, 2100.0], [83667.5, 40.0], [83665.0, 10120.0], [83660.0, 11580.0], [83655.0, 2490.0], [83650.0, 11490.0], [83642.5, 50000.0], [83640.0, 12350.0], [83637.5, 11550.0], [83630.0, 820.0], [83627.5, 11550.0], [83610.0, 11660.0], [83600.0, 11580.0], [83580.0, 11550.0], [83572.5, 25140.0], [83570.0, 11550.0], [83565.0, 26530.0], [83550.0, 11550.0]], "asks": [[83702.5, 52110.0], [83705.0, 2220.0], [83707.5, 600.0], [83712.5, 2490.0], [83717.5, 10000.0], [83720.0, 2000.0], [83730.0, 25320.0], [83732.5, 11580.0], [83737.5, 2490.0], [83752.5, 11550.0], [83772.5, 11580.0], [83795.0, 11630.0], [83800.0, 40.0], [83820.0, 25360.0], [83825.0, 11550.0], [83845.0, 116550.0], [83847.5, 17940.0], [83855.0, 11550.0], [83865.0, 11310.0], [83867.5, 40.0]]}}}
{"jsonrpc": "2.0", "method": "subscription", "params": {"channel": "book.BTC-11APR25.none.20.100ms", "data": {"timestamp": 1743435022841, "change_id": 94985563517, "instrument_name": "BTC-11APR25", "bids": [[83735.0, 3000.0], [83725.0, 8500.0], [83720.0, 2590.0], [83710.0, 28370.0], [83700.0, 8370.0], [83692.5, 50000.0], [83690.0, 18570.0], [83677.5, 8410.0], [83670.0, 2590.0], [83667.5, 8480.0], [83657.5, 8410.0], [83637.5, 8570.0], [83632.5, 6160.0], [83627.5, 8370.0], [83610.0, 8400.0], [83600.0, 8610.0], [83580.0, 8570.0], [83567.5, 6340.0], [83560.0, 8370.0], [83540.0, 18970.0]], "asks": [[83737.5, 8510.0], [83742.5, 10000.0], [83745.0, 20000.0], [83747.5, 11230.0], [83762.5, 8640.0], [83772.5, 3000.0], [83775.0, 8430.0], [83785.0, 14720.0], [83790.0, 2590.0], [83795.0, 8580.0], [83800.0, 20.0], [83860.0, 8610.0], [83865.0, 19210.0], [83867.5, 20.0], [83870.0, 8570.0], [83877.5, 105000.0], [83880.0, 8580.0], [83930.0, 8510.0], [83935.0, 20.0], [83947.5, 3570.0]]}}}
{"jsonrpc": "2.0", "method": "subscription", "params": {"channel": "book.BTC-4APR25.none.20.100ms", "data": {"timestamp": 1743435023240, "change_id": 94985564494, "instrument_name": "BTC-4APR25", "bids": [[83700.0, 4630.0], [83687.5, 2100.0], [83685.0, 2490.0], [83670.0, 2100.0], [83667.5, 40.0], [83665.0, 10120.0], [83660.0, 11580.0], [83655.0, 2490.0], [83650.0, 11490.0], [83642.5, 50000.0], [83640.0, 12350.0], [83637.5, 11550.0], [83630.0, 820.0], [83627.5, 11550.0], [83610.0, 11660.0], [83600.0, 11580.0], [83580.0, 11550.0], [83572.5, 25140.0], [83570.0, 11550.0], [83565.0, 26530.0]], "asks": [[83702.5, 52110.0], [83705.0, 64190.0], [83707.5, 600.0], [83712.5, 2490.0], [83717.5, 10000.0], [83720.0, 2000.0], [83730.0, 25320.0], [83732.5, 11580.0], [83737.5, 2490.0], [83772.5, 11580.0], [83795.0, 11630.0], [83800.0, 40.0], [83820.0, 25360.0], [83825.0, 11550.0], [83845.0, 116550.0], [83847.5, 17940.0], [83855.0, 11550.0], [83865.0, 11310.0], [83867.5, 40.0], [83885.0, 11670.0]]}}}
{"jsonrpc": "2.0", "method": "subscription", "params": {"channel": "book.BTC-11APR25.none.20.100ms", "data": {"timestamp": 1743435023213, "change_id": 94985564386, "instrument_name": "BTC-11APR25", "bids": [[83740.0, 3000.0], [83737.5, 11500.0], [83735.0, 8500.0], [83727.5, 3000.0], [83725.0, 28640.0], [83720.0, 2590.0], [83700.0, 8370.0], [83692.5, 50000.0], [83690.0, 18570.0], [83677.5, 8410.0], [83670.0, 2590.0], [83667.5, 8480.0], [83657.5, 8410.0], [83637.5, 8570.0], [83632.5, 6160.0], [83627.5, 8370.0], [83610.0, 8400.0], [83600.0, 8610.0], [83580.0, 8570.0], [83567.5, 6340.0]], "asks": [[83742.5, 80510.0], [83745.0, 20000.0], [83747.5, 2590.0], [83762.5, 8640.0], [83772.5, 3000.0], [83775.0, 8430.0], [83785.0, 14720.0], [83790.0, 2590.0], [83795.0, 8580.0], [83800.0, 20.0], [83860.0, 8610.0], [83865.0, 19210.0], [83867.5, 20.0], [83870.0, 8570.0], [83877.5, 105000.0], [83880.0, 8580.0], [83930.0, 8510.0], [83935.0, 20.0], [83947.5, 3570.0], [83950.0, 8430.0]]}}}
{"jsonrpc": "2.0", "method": "subscription", "params": {"channel": "book.BTC-4APR25.none.20.100ms", "data": {"timestamp": 1743435023563, "change_id": 94985565051, "instrument_name": "BTC-4APR25", "bids": [[83700.0, 4630.0], [83687.5, 2100.0], [83685.0, 2490.0], [83675.0, 10000.0], [83670.0, 2100.0], [83667.5, 40.0], [83665.0, 120.0], [83660.0, 11580.0], [83655.0, 2490.0], [83650.0, 11490.0], [83642.5, 50000.0], [83640.0, 12350.0], [83637.5, 11550.0], [83630.0, 820.0], [83627.5, 11550.0], [83610.0, 11660.0], [83600.0, 11580.0], [83580.0, 11550.0], [83572.5, 25140.0], [83570.0, 11550.0]], "asks": [[83702.5, 52110.0], [83705.0, 64190.0], [83707.5, 600.0], [83717.5, 10000.0], [83720.0, 2490.0], [83730.0, 25320.0], [83737.5, 2490.0], [83740.0, 2000.0], [83772.5, 11580.0], [83795.0, 11630.0], [83800.0, 40.0], [83820.0, 25360.0], [83825.0, 11550.0], [83845.0, 116550.0], [83847.5, 17940.0], [83855.0, 11550.0], [83865.0, 11310.0], [83867.5, 40.0], [83885.0, 11670.0], [83892.5, 410.0]]}}}
{"jsonrpc": "2.0", "method": "subscription", "params": {"channel": "book.BTC-11APR25.none.20.100ms", "data": {"timestamp": 1743435023584, "change_id": 94985565074, "instrument_name": "BTC-11APR25", "bids": [[83740.0, 11510.0], [83737.5, 3000.0], [83735.0, 8500.0], [83727.5, 3000.0], [83725.0, 28640.0], [83720.0, 2590.0], [83715.0, 8640.0], [83700.0, 20960.0], [83692.5, 50000.0], [83690.0, 8570.0], [83677.5, 8410.0], [83667.5, 8480.0], [83657.5, 8410.0], [83637.5, 8570.0], [83632.5, 6160.0], [83627.5, 8370.0], [83610.0, 8400.0], [83600.0, 8610.0], [83580.0, 8570.0], [83567.5, 6340.0]], "asks": [[83742.5, 70510.0], [83745.0, 20000.0], [83752.5, 8640.0], [83755.0, 12590.0], [83762.5, 8640.0], [83772.5, 3000.0], [83775.0, 8430.0], [83785.0, 14720.0], [83790.0, 2590.0], [83795.0, 8580.0], [83800.0, 20.0], [83860.0, 8610.0], [83865.0, 19210.0], [83867.5, 20.0], [83870.0, 8570.0], [83877.5, 105000.0], [83880.0, 8580.0], [83930.0, 8510.0], [83935.0, 20.0], [83947.5, 3570.0]]}}}
{"jsonrpc": "2.0", "method": "subscription", "params": {"channel": "book.BTC-4APR25.none.20.100ms", "data": {"timestamp": 1743435023824, "change_id": 94985565584, "instrument_name": "BTC-4APR25", "bids": [[83700.0, 4630.0], [83687.5, 2100.0], [83685.0, 2490.0], [83675.0, 10000.0], [83670.0, 2100.0], [83667.5, 40.0], [83665.0, 120.0], [83660.0, 11580.0], [83655.0, 2490.0], [83650.0, 11490.0], [83642.5, 50000.0], [83640.0, 12350.0], [83637.5, 11550.0], [83630.0, 820.0], [83627.5, 11550.0], [83610.0, 11660.0], [83600.0, 11580.0], [83580.0, 11550.0], [83570.0, 36690.0], [83565.0, 26530.0]], "asks": [[83702.5, 52110.0], [83705.0, 2220.0], [83707.5, 600.0], [83720.0, 2490.0], [83730.0, 35320.0], [83737.5, 2490.0], [83740.0, 2000.0], [83772.5, 11580.0], [83795.0, 11630.0], [83800.0, 40.0], [83820.0, 25360.0], [83825.0, 11550.0], [83845.0, 116550.0], [83847.5, 17940.0], [83855.0, 11550.0], [83865.0, 11310.0], [83867.5, 40.0], [83885.0, 11670.0], [83892.5, 410.0], [83895.0, 11760.0]]}}}
{"jsonrpc": "2.0", "method": "subscription", "params": {"channel": "book.BTC-11APR25.none.20.100ms", "data": {"timestamp": 1743435023848, "change_id": 94985565588, "instrument_name": "BTC-11APR25", "bids": [[83740.0, 3000.0], [83737.5, 3000.0], [83727.5, 3000.0], [83722.5, 20000.0], [83720.0, 2590.0], [83715.0, 8640.0], [83700.0, 20960.0], [83692.5, 50000.0], [83690.0, 8570.0], [83677.5, 8410.0], [83667.5, 8480.0], [83657.5, 8410.0], [83637.5, 8570.0], [83632.5, 6160.0], [83627.5, 8370.0], [83610.0, 8400.0], [83600.0, 8610.0], [83580.0, 8570.0], [83567.5, 6340.0], [83560.0, 8370.0]], "asks": [[83742.5, 8510.0], [83745.0, 20000.0], [83752.5, 8640.0], [83755.0, 12590.0], [83762.5, 8640.0], [83772.5, 3000.0], [83775.0, 8430.0], [83785.0, 14720.0], [83790.0, 2590.0], [83795.0, 8580.0], [83800.0, 20.0], [83860.0, 8610.0], [83865.0, 19210.0], [83867.5, 20.0], [83870.0, 8570.0], [83877.5, 105000.0], [83880.0, 8580.0], [83930.0, 8510.0], [83935.0, 20.0], [83947.5, 3570.0]]}}}
{"jsonrpc": "2.0", "method": "subscription", "params": {"channel": "book.BTC-11APR25.none.20.100ms", "data": {"timestamp": 1743435024252, "change_id": 94985566447, "instrument_name": "BTC-11APR25", "bids": [[83740.0, 3000.0], [83725.0, 3000.0], [83720.0, 2590.0], [83717.5, 20000.0], [83715.0, 8640.0], [83700.0, 20960.0], [83692.5, 50000.0], [83690.0, 8570.0], [83677.5, 8410.0], [83667.5, 8480.0], [83657.5, 8410.0], [83637.5, 8570.0], [83632.5, 6160.0], [83627.5, 8370.0], [83610.0, 8400.0], [83600.0, 8610.0], [83580.0, 8570.0], [83567.5, 6340.0], [83560.0, 8370.0], [83540.0, 18970.0]], "asks": [[83742.5, 92250.0], [83745.0, 20000.0], [83752.5, 8640.0], [83755.0, 12590.0], [83762.5, 8640.0], [83772.5, 3000.0], [83775.0, 8430.0], [83785.0, 14720.0], [83790.0, 2590.0], [83795.0, 8580.0], [83800.0, 20.0], [83860.0, 8610.0], [83865.0, 19210.0], [83867.5, 20.0], [83870.0, 8570.0], [83877.5, 105000.0], [83880.0, 8580.0], [83930.0, 8510.0], [83935.0, 20.0], [83947.5, 3570.0]]}}}
{"jsonrpc": "2.0", "method": "subscription", "params": {"channel": "book.BTC-4APR25.none.20.100ms", "data": {"timestamp": 1743435024256, "change_id": 94985566450, "instrument_name": "BTC-4APR25", "bids": [[83700.0, 4630.0], [83687.5, 2100.0], [83685.0, 2490.0], [83677.5, 2100.0], [83675.0, 10000.0], [83670.0, 2100.0], [83667.5, 40.0], [83665.0, 120.0], [83660.0, 11580.0], [83655.0, 2490.0], [83650.0, 11490.0], [83642.5, 50000.0], [83640.0, 12350.0], [83637.5, 11550.0], [83630.0, 820.0], [83627.5, 11550.0], [83610.0, 11660.0], [83600.0, 11580.0], [83580.0, 11550.0], [83570.0, 36690.0]], "asks": [[83702.5, 52110.0], [83705.0, 2220.0], [83707.5, 84300.0], [83712.5, 2490.0], [83730.0, 35320.0], [83737.5, 2490.0], [83740.0, 2000.0], [83772.5, 11580.0], [83795.0, 11630.0], [83800.0, 40.0], [83820.0, 25360.0], [83825.0, 11550.0], [83845.0, 116550.0], [83847.5, 17940.0], [83855.0, 11550.0], [83865.0, 11310.0], [83867.5, 40.0], [83885.0, 11670.0], [83892.5, 410.0], [83895.0, 11760.0]]}}}
{"jsonrpc": "2.0", "method": "subscription", "params": {"channel": "book.BTC-4APR25.none.20.100ms", "data": {"timestamp": 1743435024492, "change_id": 94985566836, "instrument_name": "BTC-4APR25", "bids": [[83700.0, 4630.0], [83687.5, 2100.0], [83677.5, 4590.0], [83670.0, 2100.0], [83667.5, 40.0], [83665.0, 120.0], [83662.5, 10000.0], [83655.0, 2490.0], [83650.0, 11490.0], [83642.5, 50000.0], [83640.0, 12350.0], [83637.5, 11550.0], [83630.0, 820.0], [83627.5, 11550.0], [83610.0, 11660.0], [83600.0, 11580.0], [83580.0, 11550.0], [83570.0, 36690.0], [83565.0, 26530.0], [83550.0, 11550.0]], "asks": [[83702.5, 52110.0], [83705.0, 2220.0], [83707.5, 84300.0], [83712.5, 2490.0], [83730.0, 35320.0], [83732.5, 11580.0], [83737.5, 2490.0], [83740.0, 2000.0], [83772.5, 11580.0], [83795.0, 11630.0], [83800.0, 40.0], [83820.0, 25360.0], [83825.0, 11550.0], [83845.0, 116550.0], [83847.5, 17940.0], [83855.0, 11550.0], [83865.0, 11310.0], [83867.5, 40.0], [83885.0, 11670.0], [83892.5, 410.0]]}}}
{"jsonrpc": "2.0", "method": "subscription", "params": {"channel": "book.BTC-11APR25.none.20.100ms", "data": {"timestamp": 1743435024494, "change_id": 94985566840, "instrument_name": "BTC-11APR25", "bids": [[83725.0, 3000.0], [83717.5, 20000.0], [83715.0, 8640.0], [83712.5, 2590.0], [83700.0, 8370.0], [83690.0, 58570.0], [83687.5, 10000.0], [83677.5, 8410.0], [83670.0, 2590.0], [83667.5, 8480.0], [83657.5, 8410.0], [83637.5, 8570.0], [83632.5, 6160.0], [83627.5, 8370.0], [83610.0, 8400.0], [83600.0, 8610.0], [83580.0, 8570.0], [83567.5, 6340.0], [83560.0, 8370.0], [83540.0, 18970.0]], "asks": [[83735.0, 10.0], [83740.0, 17140.0], [83742.5, 92240.0], [83745.0, 20000.0], [83747.5, 2590.0], [83752.5, 8640.0], [83755.0, 10000.0], [83762.5, 8640.0], [83772.5, 3000.0], [83775.0, 10430.0], [83785.0, 14720.0], [83790.0, 2590.0], [83795.0, 8580.0], [83800.0, 20.0], [83860.0, 8610.0], [83865.0, 19210.0], [83867.5, 20.0], [83870.0, 8570.0], [83877.5, 105000.0], [83880.0, 8580.0]]}}}
{"jsonrpc": "2.0", "method": "subscription", "params": {"channel": "book.BTC-4APR25.none.20.100ms", "data": {"timestamp": 1743435024714, "change_id": 94985567263, "instrument_name": "BTC-4APR25", "bids": [[83700.0, 4630.0], [83687.5, 2100.0], [83677.5, 4590.0], [83670.0, 2100.0], [83667.5, 40.0], [83665.0, 120.0], [83662.5, 10000.0], [83655.0, 2490.0], [83650.0, 11490.0], [83642.5, 50000.0], [83640.0, 12350.0], [83637.5, 11550.0], [83630.0, 820.0], [83627.5, 11550.0], [83610.0, 11660.0], [83600.0, 11580.0], [83580.0, 11550.0], [83570.0, 36690.0], [83565.0, 26530.0], [83550.0, 11550.0]], "asks": [[83702.5, 52110.0], [83705.0, 4710.0], [83707.5, 84300.0], [83720.0, 10000.0], [83730.0, 25320.0], [83732.5, 11580.0], [83737.5, 2490.0], [83740.0, 2000.0], [83772.5, 11580.0], [83795.0, 11630.0], [83800.0, 40.0], [83820.0, 25360.0], [83825.0, 11550.0], [83845.0, 116550.0], [83847.5, 17940.0], [83855.0, 11550.0], [83865.0, 11310.0], [83867.5, 40.0], [83885.0, 11670.0], [83892.5, 410.0]]}}}
{"jsonrpc": "2.0", "method": "subscription", "params": {"channel": "book.BTC-11APR25.none.20.100ms", "data": {"timestamp": 1743435024855, "change_id": 94985567586, "instrument_name": "BTC-11APR25", "bids": [[83725.0, 3000.0], [83712.5, 2590.0], [83702.5, 20000.0], [83700.0, 8370.0], [83690.0, 58570.0], [83687.5, 10000.0], [83677.5, 8410.0], [83670.0, 2590.0], [83667.5, 8480.0], [83657.5, 8410.0], [83637.5, 8570.0], [83632.5, 6160.0], [83627.5, 8370.0], [83610.0, 8400.0], [83600.0, 8610.0], [83580.0, 8570.0], [83567.5, 6340.0], [83560.0, 8370.0], [83540.0, 18970.0], [83537.5, 8480.0]], "asks": [[83735.0, 10.0], [83740.0, 17140.0], [83742.5, 92240.0], [83745.0, 30000.0], [83747.5, 2590.0], [83752.5, 8640.0], [83762.5, 8640.0], [83772.5, 3000.0], [83775.0, 10430.0], [83785.0, 14720.0], [83790.0, 2590.0], [83795.0, 8580.0], [83800.0, 20.0], [83860.0, 8610.0], [83865.0, 19210.0], [83867.5, 20.0], [83870.0, 8570.0], [83877.5, 105000.0], [83880.0, 8580.0], [83930.0, 8510.0]]}}}
{"jsonrpc": "2.0", "method": "subscription", "params": {"channel": "book.BTC-11APR25.none.20.100ms", "data": {"timestamp": 1743435025240, "change_id": 94985569106, "instrument_name": "BTC-11APR25", "bids": [[83712.5, 3010.0], [83710.0, 10.0], [83705.0, 3000.0], [83692.5, 20000.0], [83690.0, 8570.0], [83677.5, 8410.0], [83672.5, 50000.0], [83670.0, 2590.0], [83667.5, 8480.0], [83657.5, 8410.0], [83637.5, 8570.0], [83630.0, 6160.0], [83627.5, 8370.0], [83610.0, 8400.0], [83600.0, 8610.0], [83580.0, 8570.0], [83565.0, 6340.0], [83560.0, 8370.0], [83540.0, 18970.0], [83537.5, 8480.0]], "asks": [[83715.0, 8500.0], [83725.0, 20000.0], [83727.5, 8640.0], [83740.0, 11230.0], [83742.5, 83740.0], [83745.0, 10000.0], [83752.5, 8640.0], [83762.5, 8640.0], [83772.5, 3000.0], [83775.0, 8430.0], [83785.0, 14720.0], [83790.0, 2590.0], [83795.0, 8580.0], [83800.0, 20.0], [83860.0, 8610.0], [83865.0, 19210.0], [83867.5, 20.0], [83870.0, 8570.0], [83877.5, 105000.0], [83880.0, 8580.0]]}}}
{"jsonrpc": "2.0", "method": "subscription", "params": {"channel": "book.BTC-4APR25.none.20.100ms", "data": {"timestamp": 1743435025247, "change_id": 94985569122, "instrument_name": "BTC-4APR25", "bids": [[83667.5, 40.0], [83655.0, 2490.0], [83647.5, 120.0], [83627.5, 11550.0], [83615.0, 13170.0], [83612.5, 50000.0], [83610.0, 11660.0], [83600.0, 11580.0], [83580.0, 11550.0], [83570.0, 11550.0], [83565.0, 26530.0], [83560.0, 11580.0], [83550.0, 11550.0], [83547.5, 25140.0], [83540.0, 11740.0], [83532.5, 40.0], [83530.0, 11550.0], [83515.0, 3570.0], [83512.5, 24360.0], [83510.0, 11310.0]], "asks": [[83690.0, 13610.0], [83695.0, 2100.0], [83700.0, 13610.0], [83702.5, 55100.0], [83705.0, 4710.0], [83707.5, 83700.0], [83712.5, 11580.0], [83720.0, 10000.0], [83722.5, 13580.0], [83730.0, 25320.0], [83732.5, 11580.0], [83737.5, 2490.0], [83772.5, 11580.0], [83795.0, 11630.0], [83800.0, 40.0], [83820.0, 25360.0], [83825.0, 11550.0], [83845.0, 116550.0], [83847.5, 17940.0], [83855.0, 11550.0]]}}}
{"jsonrpc": "2.0", "method": "subscription", "params": {"channel": "book.BTC-11APR25.none.20.100ms", "data": {"timestamp": 1743435025568, "change_id": 94985570452, "instrument_name": "BTC-11APR25", "bids": [[83712.5, 3010.0], [83710.0, 10.0], [83705.0, 3000.0], [83692.5, 2590.0], [83690.0, 8570.0], [83677.5, 8410.0], [83670.0, 12590.0], [83667.5, 8480.0], [83660.0, 50000.0], [83657.5, 8410.0], [83642.5, 20000.0], [83637.5, 8570.0], [83630.0, 6160.0], [83627.5, 8370.0], [83610.0, 8400.0], [83600.0, 8610.0], [83580.0, 8570.0], [83565.0, 6340.0], [83560.0, 8370.0], [83540.0, 18970.0]], "asks": [[83715.0, 8500.0], [83722.5, 2590.0], [83725.0, 20000.0], [83727.5, 18640.0], [83740.0, 8640.0], [83752.5, 8640.0], [83760.0, 2590.0], [83762.5, 8640.0], [83772.5, 3000.0], [83775.0, 8430.0], [83785.0, 14720.0], [83795.0, 8580.0], [83800.0, 20.0], [83860.0, 8610.0], [83865.0, 19210.0], [83867.5, 20.0], [83870.0, 8570.0], [83877.5, 105000.0], [83880.0, 8580.0], [83930.0, 8510.0]]}}}
{"jsonrpc": "2.0", "method": "subscription", "params": {"channel": "book.BTC-4APR25.none.20.100ms", "data": {"timestamp": 1743435025504, "change_id": 94985570254, "instrument_name": "BTC-4APR25", "bids": [[83667.5, 3900.0], [83655.0, 2490.0], [83647.5, 120.0], [83645.0, 10000.0], [83627.5, 14040.0], [83615.0, 820.0], [83612.5, 62350.0], [83610.0, 11660.0], [83600.0, 11580.0], [83580.0, 11550.0], [83570.0, 11550.0], [83565.0, 26530.0], [83550.0, 11550.0], [83542.5, 25140.0], [83540.0, 11740.0], [83532.5, 40.0], [83530.0, 11550.0], [83515.0, 3570.0], [83512.5, 24360.0], [83510.0, 11310.0]], "asks": [[83682.5, 4710.0], [83690.0, 61510.0], [83700.0, 13610.0], [83702.5, 5100.0], [83705.0, 14590.0], [83722.5, 11580.0], [83730.0, 25320.0], [83732.5, 11580.0], [83772.5, 11580.0], [83795.0, 11630.0], [83800.0, 40.0], [83820.0, 25360.0], [83825.0, 11550.0], [83845.0, 116550.0], [83847.5, 17940.0], [83855.0, 11550.0], [83865.0, 11310.0], [83867.5, 40.0], [83885.0, 11670.0], [83892.5, 410.0]]}}}
{"jsonrpc": "2.0", "method": "subscription", "params": {"channel": "book.BTC-4APR25.none.20.100ms", "data": {"timestamp": 1743435025884, "change_id": 94985571377, "instrument_name": "BTC-4APR25", "bids": [[83667.5, 3900.0], [83655.0, 2490.0], [83647.5, 120.0], [83645.0, 10000.0], [83627.5, 14040.0], [83615.0, 820.0], [83612.5, 62350.0], [83610.0, 11660.0], [83600.0, 11580.0], [83580.0, 11550.0], [83570.0, 11550.0], [83565.0, 26530.0], [83550.0, 11550.0], [83542.5, 25140.0], [83540.0, 11740.0], [83532.5, 40.0], [83530.0, 11550.0], [83515.0, 3570.0], [83512.5, 24360.0], [83510.0, 11310.0]], "asks": [[83682.5, 4710.0], [83690.0, 61510.0], [83700.0, 13610.0], [83702.5, 5100.0], [83705.0, 14590.0], [83722.5, 11580.0], [83730.0, 25320.0], [83732.5, 11580.0], [83772.5, 11580.0], [83795.0, 11630.0], [83800.0, 40.0], [83820.0, 25360.0], [83825.0, 11550.0], [83845.0, 116550.0], [83847.5, 17940.0], [83855.0, 11550.0], [83865.0, 11310.0], [83867.5, 40.0], [83885.0, 11670.0], [83892.5, 410.0]]}}}
{"jsonrpc": "2.0", "method": "subscription", "params": {"channel": "book.BTC-11APR25.none.20.100ms", "data": {"timestamp": 1743435025862, "change_id": 94985571346, "instrument_name": "BTC-11APR25", "bids": [[83712.5, 3010.0], [83710.0, 10.0], [83705.0, 3000.0], [83692.5, 2590.0], [83690.0, 8570.0], [83677.5, 8410.0], [83672.5, 70000.0], [83670.0, 12590.0], [83667.5, 8480.0], [83657.5, 8410.0], [83637.5, 8570.0], [83627.5, 8370.0], [83612.5, 6160.0], [83610.0, 8400.0], [83600.0, 8610.0], [83580.0, 8570.0], [83560.0, 8370.0], [83552.5, 6340.0], [83550.0, 8640.0], [83540.0, 18970.0]], "asks": [[83715.0, 8500.0], [83722.5, 2590.0], [83725.0, 20000.0], [83727.5, 18640.0], [83740.0, 8640.0], [83752.5, 8640.0], [83760.0, 2590.0], [83762.5, 8640.0], [83772.5, 3000.0], [83775.0, 8430.0], [83785.0, 14720.0], [83795.0, 8580.0], [83800.0, 20.0], [83860.0, 8610.0], [83865.0, 19210.0], [83867.5, 20.0], [83870.0, 8570.0], [83877.5, 105000.0], [83880.0, 8580.0], [83930.0, 8510.0]]}}}
{"jsonrpc": "2.0", "method": "subscription", "params": {"channel": "book.BTC-11APR25.none.20.100ms", "data": {"timestamp": 1743435026131, "change_id": 94985571920, "instrument_name": "BTC-11APR25", "bids": [[83712.5, 3010.0], [83710.0, 10.0], [83692.5, 22590.0], [83690.0, 8570.0], [83677.5, 8410.0], [83670.0, 12590.0], [83667.5, 8480.0], [83660.0, 50000.0], [83657.5, 8410.0], [83637.5, 8570.0], [83627.5, 8370.0], [83612.5, 6160.0], [83610.0, 8400.0], [83600.0, 8610.0], [83580.0, 8570.0], [83560.0, 8370.0], [83552.5, 6340.0], [83550.0, 8640.0], [83540.0, 18970.0], [83537.5, 8480.0]], "asks": [[83715.0, 8500.0], [83722.5, 2590.0], [83725.0, 103720.0], [83727.5, 18640.0], [83740.0, 8640.0], [83752.5, 8640.0], [83760.0, 2590.0], [83762.5, 8640.0], [83772.5, 3000.0], [83775.0, 8430.0], [83785.0, 14720.0], [83795.0, 8580.0], [83800.0, 20.0], [83860.0, 8610.0], [83865.0, 19210.0], [83867.5, 20.0], [83870.0, 8570.0], [83877.5, 105000.0], [83880.0, 8580.0], [83930.0, 8510.0]]}}}
{"jsonrpc": "2.0", "method": "subscription", "params": {"channel": "book.BTC-4APR25.none.20.100ms", "data": {"timestamp": 1743435026056, "change_id": 94985571829, "instrument_name": "BTC-4APR25", "bids": [[83667.5, 6000.0], [83655.0, 2490.0], [83647.5, 2220.0], [83645.0, 10000.0], [83627.5, 14040.0], [83615.0, 820.0], [83612.5, 62350.0], [83610.0, 11660.0], [83600.0, 11580.0], [83580.0, 11550.0], [83570.0, 11550.0], [83565.0, 26530.0], [83550.0, 11550.0], [83542.5, 25140.0], [83540.0, 11740.0], [83532.5, 40.0], [83530.0, 11550.0], [83515.0, 3570.0], [83512.5, 24360.0], [83510.0, 11310.0]], "asks": [[83682.5, 4710.0], [83687.5, 2100.0], [83690.0, 145190.0], [83700.0, 13610.0], [83702.5, 3000.0], [83705.0, 12490.0], [83722.5, 11580.0], [83730.0, 25320.0], [83732.5, 11580.0], [83772.5, 11580.0], [83795.0, 11630.0], [83800.0, 40.0], [83820.0, 25360.0], [83825.0, 11550.0], [83845.0, 116550.0], [83847.5, 17940.0], [83855.0, 11550.0], [83865.0, 11310.0], [83867.5, 40.0], [83885.0, 11670.0]]}}}
{"jsonrpc": "2.0", "method": "subscription", "params": {"channel": "book.BTC-11APR25.none.20.100ms", "data": {"timestamp": 1743435026405, "change_id": 94985572453, "instrument_name": "BTC-11APR25", "bids": [[83712.5, 10.0], [83710.0, 10.0], [83692.5, 22590.0], [83690.0, 8570.0], [83677.5, 8410.0], [83670.0, 12590.0], [83667.5, 8480.0], [83660.0, 50000.0], [83657.5, 8410.0], [83637.5, 8570.0], [83627.5, 8370.0], [83615.0, 6160.0], [83610.0, 8400.0], [83600.0, 8610.0], [83580.0, 8570.0], [83560.0, 8370.0], [83552.5, 6340.0], [83550.0, 8640.0], [83540.0, 18970.0], [83537.5, 8480.0]], "asks": [[83715.0, 8500.0], [83722.5, 2590.0], [83725.0, 20000.0], [83727.5, 8640.0], [83737.5, 2000.0], [83740.0, 18640.0], [83752.5, 8640.0], [83760.0, 2590.0], [83762.5, 8640.0], [83772.5, 3000.0], [83775.0, 8430.0], [83785.0, 14720.0], [83795.0, 8580.0], [83800.0, 20.0], [83860.0, 8610.0], [83865.0, 19210.0], [83867.5, 20.0], [83870.0, 8570.0], [83877.5, 105000.0], [83880.0, 8580.0]]}}}
{"jsonrpc": "2.0", "method": "subscription", "params": {"channel": "book.BTC-4APR25.none.20.100ms", "data": {"timestamp": 1743435026459, "change_id": 94985572423, "instrument_name": "BTC-4APR25", "bids": [[83667.5, 3900.0], [83655.0, 2490.0], [83647.5, 2220.0], [83645.0, 10000.0], [83627.5, 14040.0], [83615.0, 820.0], [83612.5, 62350.0], [83610.0, 11660.0], [83600.0, 11580.0], [83580.0, 11550.0], [83570.0, 11550.0], [83565.0, 26530.0], [83550.0, 11550.0], [83542.5, 25140.0], [83540.0, 11740.0], [83532.5, 40.0], [83530.0, 11550.0], [83515.0, 3570.0], [83512.5, 24360.0], [83510.0, 11310.0]], "asks": [[83682.5, 4590.0], [83687.5, 2100.0], [83690.0, 61510.0], [83695.0, 120.0], [83700.0, 13610.0], [83702.5, 5000.0], [83705.0, 12490.0], [83722.5, 11580.0], [83730.0, 25320.0], [83732.5, 11580.0], [83772.5, 11580.0], [83795.0, 11630.0], [83800.0, 40.0], [83820.0, 25360.0], [83825.0, 11550.0], [83845.0, 116550.0], [83847.5, 17940.0], [83855.0, 11550.0], [83865.0, 11310.0], [83867.5, 40.0]]}}}
{"jsonrpc": "2.0", "method": "subscription", "params": {"channel": "book.BTC-4APR25.none.20.100ms", "data": {"timestamp": 1743435026877, "change_id": 94985573198, "instrument_name": "BTC-4APR25", "bids": [[83667.5, 3900.0], [83660.0, 2490.0], [83647.5, 2220.0], [83645.0, 10000.0], [83627.5, 14040.0], [83615.0, 820.0], [83612.5, 62350.0], [83610.0, 11660.0], [83600.0, 11580.0], [83580.0, 11550.0], [83570.0, 11550.0], [83565.0, 26530.0], [83550.0, 11550.0], [83542.5, 25140.0], [83540.0, 11740.0], [83532.5, 40.0], [83530.0, 11550.0], [83512.5, 24360.0], [83510.0, 11310.0], [83500.0, 11770.0]], "asks": [[83682.5, 4710.0], [83687.5, 2100.0], [83690.0, 145190.0], [83700.0, 13610.0], [83702.5, 5000.0], [83705.0, 12490.0], [83722.5, 11580.0], [83730.0, 25320.0], [83732.5, 11580.0], [83772.5, 11580.0], [83795.0, 11630.0], [83800.0, 40.0], [83820.0, 25360.0], [83825.0, 11550.0], [83845.0, 116550.0], [83847.5, 17940.0], [83855.0, 11550.0], [83865.0, 11310.0], [83867.5, 40.0], [83885.0, 11670.0]]}}}
{"jsonrpc": "2.0", "method": "subscription", "params": {"channel": "book.BTC-11APR25.none.20.100ms", "data": {"timestamp": 1743435026869, "change_id": 94985573278, "instrument_name": "BTC-11APR25", "bids": [[83712.5, 10.0], [83710.0, 10.0], [83692.5, 2590.0], [83690.0, 8570.0], [83680.0, 20000.0], [83677.5, 8410.0], [83670.0, 62590.0], [83667.5, 8480.0], [83657.5, 8410.0], [83637.5, 8570.0], [83627.5, 8370.0], [83615.0, 6160.0], [83610.0, 8400.0], [83600.0, 8610.0], [83580.0, 8570.0], [83560.0, 8370.0], [83552.5, 6340.0], [83550.0, 8640.0], [83540.0, 18970.0], [83537.5, 8480.0]], "asks": [[83715.0, 8500.0], [83722.5, 2590.0], [83725.0, 30000.0], [83727.5, 92360.0], [83737.5, 2000.0], [83740.0, 8640.0], [83752.5, 8640.0], [83760.0, 2590.0], [83762.5, 8640.0], [83772.5, 3000.0], [83775.0, 8430.0], [83785.0, 14720.0], [83795.0, 8580.0], [83800.0, 20.0], [83860.0, 8610.0], [83865.0, 19210.0], [83867.5, 20.0], [83870.0, 8570.0], [83877.5, 105000.0], [83880.0, 8580.0]]}}}
{"jsonrpc": "2.0", "method": "subscription", "params": {"channel": "book.BTC-11APR25.none.20.100ms", "data": {"timestamp": 1743435027038, "change_id": 94985574188, "instrument_name": "BTC-11APR25", "bids": [[83712.5, 10.0], [83710.0, 10.0], [83690.0, 8570.0], [83685.0, 2590.0], [83677.5, 8410.0], [83670.0, 12590.0], [83667.5, 8480.0], [83657.5, 8410.0], [83640.0, 50000.0], [83637.5, 8570.0], [83635.0, 20000.0], [83627.5, 8370.0], [83612.5, 6160.0], [83610.0, 8400.0], [83600.0, 8610.0], [83580.0, 8570.0], [83560.0, 8370.0], [83550.0, 14980.0], [83540.0, 18970.0], [83537.5, 8480.0]], "asks": [[83715.0, 28500.0], [83722.5, 2590.0], [83725.0, 10000.0], [83727.5, 92360.0], [83737.5, 2000.0], [83740.0, 8640.0], [83752.5, 8640.0], [83760.0, 2590.0], [83762.5, 8640.0], [83772.5, 3000.0], [83775.0, 8430.0], [83785.0, 14720.0], [83795.0, 8580.0], [83800.0, 20.0], [83860.0, 8610.0], [83865.0, 19210.0], [83867.5, 20.0], [83870.0, 8570.0], [83877.5, 105000.0], [83880.0, 8580.0]]}}}
{"jsonrpc": "2.0", "method": "subscription", "params": {"channel": "book.BTC-4APR25.none.20.100ms", "data": {"timestamp": 1743435027119, "change_id": 94985574184, "instrument_name": "BTC-4APR25", "bids": [[83667.5, 3900.0], [83652.5, 2490.0], [83647.5, 2100.0], [83645.0, 10000.0], [83635.0, 120.0], [83627.5, 2490.0], [83610.0, 11660.0], [83602.5, 62350.0], [83600.0, 12400.0], [83580.0, 11550.0], [83570.0, 11550.0], [83565.0, 26530.0], [83550.0, 11550.0], [83542.5, 25140.0], [83540.0, 11740.0], [83532.5, 40.0], [83530.0, 11550.0], [83512.5, 24360.0], [83510.0, 11310.0], [83500.0, 11770.0]], "asks": [[83677.5, 52100.0], [83680.0, 13600.0], [83682.5, 14110.0], [83687.5, 2100.0], [83690.0, 83690.0], [83695.0, 10000.0], [83700.0, 1510.0], [83702.5, 16620.0], [83705.0, 2490.0], [83722.5, 11580.0], [83730.0, 25320.0], [83732.5, 11580.0], [83772.5, 11580.0], [83795.0, 11630.0], [83800.0, 40.0], [83820.0, 25360.0], [83825.0, 11550.0], [83845.0, 116550.0], [83847.5, 17940.0], [83855.0, 11550.0]]}}}
{"jsonrpc": "2.0", "method": "subscription", "params": {"channel": "book.BTC-4APR25.none.20.100ms", "data": {"timestamp": 1743435027489, "change_id": 94985574771, "instrument_name": "BTC-4APR25", "bids": [[83667.5, 3900.0], [83652.5, 2490.0], [83647.5, 2100.0], [83645.0, 10000.0], [83635.0, 120.0], [83627.5, 14110.0], [83610.0, 11660.0], [83607.5, 820.0], [83602.5, 62350.0], [83600.0, 11580.0], [83580.0, 11550.0], [83570.0, 11550.0], [83565.0, 26530.0], [83550.0, 11550.0], [83542.5, 25140.0], [83540.0, 11740.0], [83532.5, 40.0], [83530.0, 11550.0], [83512.5, 24360.0], [83510.0, 11310.0]], "asks": [[83677.5, 52100.0], [83680.0, 2100.0], [83682.5, 14110.0], [83687.5, 2100.0], [83690.0, 83690.0], [83695.0, 10000.0], [83700.0, 1510.0], [83702.5, 16620.0], [83705.0, 2490.0], [83722.5, 11580.0], [83730.0, 25320.0], [83732.5, 11580.0], [83772.5, 11580.0], [83795.0, 11630.0], [83800.0, 40.0], [83820.0, 25360.0], [83825.0, 11550.0], [83845.0, 116550.0], [83847.5, 17940.0], [83855.0, 11550.0]]}}}
{"jsonrpc": "2.0", "method": "subscription", "params": {"channel": "book.BTC-11APR25.none.20.100ms", "data": {"timestamp": 1743435027555, "change_id": 94985574941, "instrument_name": "BTC-11APR25", "bids": [[83712.5, 10.0], [83710.0, 10.0], [83690.0, 8570.0], [83685.0, 2590.0], [83677.5, 8410.0], [83672.5, 50000.0], [83670.0, 12590.0], [83667.5, 8480.0], [83657.5, 8410.0], [83637.5, 8570.0], [83635.0, 20000.0], [83627.5, 8370.0], [83612.5, 6160.0], [83610.0, 8400.0], [83600.0, 8610.0], [83580.0, 8570.0], [83560.0, 8370.0], [83550.0, 14980.0], [83540.0, 18970.0], [83537.5, 8480.0]], "asks": [[83715.0, 28500.0], [83722.5, 2590.0], [83725.0, 10000.0], [83727.5, 92360.0], [83737.5, 2000.0], [83740.0, 8640.0], [83752.5, 8640.0], [83760.0, 2590.0], [83762.5, 8640.0], [83772.5, 3000.0], [83775.0, 8430.0], [83785.0, 14720.0], [83795.0, 8580.0], [83800.0, 20.0], [83860.0, 8610.0], [83865.0, 19210.0], [83867.5, 20.0], [83870.0, 8570.0], [83877.5, 105000.0], [83880.0, 8580.0]]}}}
{"jsonrpc": "2.0", "method": "subscription", "params": {"channel": "book.BTC-11APR25.none.20.100ms", "data": {"timestamp": 1743435027876, "change_id": 94985575588, "instrument_name": "BTC-11APR25", "bids": [[83712.5, 10.0], [83710.0, 10.0], [83690.0, 8570.0], [83687.5, 3780.0], [83677.5, 8410.0], [83670.0, 10000.0], [83667.5, 8480.0], [83657.5, 8410.0], [83640.0, 50000.0], [83637.5, 8570.0], [83635.0, 20000.0], [83627.5, 8370.0], [83612.5, 6160.0], [83610.0, 8400.0], [83600.0, 8610.0], [83580.0, 8570.0], [83560.0, 8370.0], [83550.0, 14980.0], [83540.0, 18970.0], [83537.5, 8480.0]], "asks": [[83715.0, 28500.0], [83725.0, 13780.0], [83727.5, 92360.0], [83737.5, 2000.0], [83752.5, 8640.0], [83762.5, 8640.0], [83772.5, 3000.0], [83775.0, 8430.0], [83785.0, 14720.0], [83795.0, 8580.0], [83800.0, 20.0], [83860.0, 8610.0], [83865.0, 19210.0], [83867.5, 20.0], [83870.0, 8570.0], [83877.5, 105000.0], [83880.0, 8580.0], [83930.0, 8510.0], [83935.0, 20.0], [83947.5, 3570.0]]}}}
{"jsonrpc": "2.0", "method": "subscription", "params": {"channel": "book.BTC-4APR25.none.20.100ms", "data": {"timestamp": 1743435027788, "change_id": 94985575390, "instrument_name": "BTC-4APR25", "bids": [[83667.5, 3900.0], [83652.5, 3780.0], [83647.5, 2100.0], [83645.0, 10000.0], [83635.0, 120.0], [83627.5, 11620.0], [83610.0, 11660.0], [83607.5, 820.0], [83602.5, 62350.0], [83600.0, 11580.0], [83580.0, 11550.0], [83570.0, 11550.0], [83565.0, 26530.0], [83550.0, 11550.0], [83542.5, 25140.0], [83540.0, 11740.0], [83532.5, 40.0], [83530.0, 11550.0], [83512.5, 24360.0], [83510.0, 11310.0]], "asks": [[83677.5, 52100.0], [83680.0, 2100.0], [83682.5, 11620.0], [83687.5, 5880.0], [83690.0, 83690.0], [83695.0, 10000.0], [83700.0, 1510.0], [83702.5, 16620.0], [83722.5, 11580.0], [83730.0, 25320.0], [83772.5, 11580.0], [83795.0, 11630.0], [83800.0, 40.0], [83820.0, 25360.0], [83825.0, 11550.0], [83845.0, 116550.0], [83847.5, 17940.0], [83855.0, 11550.0], [83865.0, 11310.0], [83867.5, 40.0]]}}}
{"jsonrpc": "2.0", "method": "subscription", "params": {"channel": "book.BTC-11APR25.none.20.100ms", "data": {"timestamp": 1743435028195, "change_id": 94985576076, "instrument_name": "BTC-11APR25", "bids": [[83712.5, 10.0], [83710.0, 10.0], [83692.5, 3000.0], [83690.0, 8570.0], [83687.5, 3780.0], [83677.5, 8410.0], [83670.0, 10000.0], [83667.5, 8480.0], [83660.0, 50000.0], [83657.5, 8410.0], [83637.5, 8570.0], [83635.0, 20000.0], [83627.5, 8370.0], [83612.5, 6160.0], [83610.0, 8400.0], [83600.0, 8610.0], [83580.0, 8570.0], [83560.0, 8370.0], [83550.0, 14980.0], [83540.0, 18970.0]], "asks": [[83715.0, 28500.0], [83725.0, 13780.0], [83727.5, 92360.0], [83737.5, 2000.0], [83752.5, 8640.0], [83762.5, 8640.0], [83772.5, 3000.0], [83775.0, 8430.0], [83785.0, 14720.0], [83795.0, 8580.0], [83800.0, 20.0], [83860.0, 8610.0], [83865.0, 19210.0], [83867.5, 20.0], [83870.0, 8570.0], [83877.5, 105000.0], [83880.0, 8580.0], [83930.0, 8510.0], [83935.0, 20.0], [83947.5, 3570.0]]}}}
{"jsonrpc": "2.0", "method": "subscription", "params": {"channel": "book.BTC-4APR25.none.20.100ms", "data": {"timestamp": 1743435028166, "change_id": 94985576057, "instrument_name": "BTC-4APR25", "bids": [[83667.5, 3900.0], [83655.0, 2100.0], [83652.5, 3780.0], [83647.5, 2100.0], [83645.0, 10000.0], [83635.0, 120.0], [83627.5, 11620.0], [83610.0, 11660.0], [83607.5, 820.0], [83602.5, 62350.0], [83600.0, 11580.0], [83580.0, 11550.0], [83570.0, 11550.0], [83565.0, 26530.0], [83550.0, 11550.0], [83542.5, 25140.0], [83540.0, 11740.0], [83532.5, 40.0], [83530.0, 11550.0], [83512.5, 24360.0]], "asks": [[83677.5, 52100.0], [83680.0, 2100.0], [83682.5, 11620.0], [83687.5, 5880.0], [83690.0, 83690.0], [83695.0, 10000.0], [83700.0, 1510.0], [83702.5, 16620.0], [83722.5, 11580.0], [83730.0, 25320.0], [83772.5, 11580.0], [83795.0, 11630.0], [83800.0, 40.0], [83820.0, 25360.0], [83825.0, 11550.0], [83845.0, 116550.0], [83847.5, 17940.0], [83855.0, 11550.0], [83865.0, 11310.0], [83867.5, 40.0]]}}}
{"jsonrpc": "2.0", "method": "subscription", "params": {"channel": "book.BTC-11APR25.none.20.100ms", "data": {"timestamp": 1743435028553, "change_id": 94985576533, "instrument_name": "BTC-11APR25", "bids": [[83707.5, 3010.0], [83695.0, 28500.0], [83687.5, 3780.0], [83677.5, 8410.0], [83670.0, 10000.0], [83667.5, 8480.0], [83660.0, 50000.0], [83657.5, 8410.0], [83637.5, 8570.0], [83627.5, 8370.0], [83615.0, 6160.0], [83610.0, 8400.0], [83600.0, 8610.0], [83580.0, 8570.0], [83560.0, 8370.0], [83550.0, 14980.0], [83540.0, 18970.0], [83537.5, 8480.0], [83532.5, 20.0], [83507.5, 8510.0]], "asks": [[83710.0, 8510.0], [83712.5, 8570.0], [83715.0, 28500.0], [83725.0, 13780.0], [83727.5, 8640.0], [83737.5, 2000.0], [83752.5, 8640.0], [83762.5, 8640.0], [83772.5, 3000.0], [83775.0, 8430.0], [83785.0, 14720.0], [83795.0, 8580.0], [83800.0, 20.0], [83860.0, 8610.0], [83865.0, 19210.0], [83867.5, 20.0], [83870.0, 8570.0], [83877.5, 105000.0], [83880.0, 8580.0], [83930.0, 8510.0]]}}}
{"jsonrpc": "2.0", "method": "subscription", "params": {"channel": "book.BTC-4APR25.none.20.100ms", "data": {"timestamp": 1743435028394, "change_id": 94985576292, "instrument_name": "BTC-4APR25", "bids": [[83667.5, 3900.0], [83655.0, 2100.0], [83652.5, 3780.0], [83647.5, 2100.0], [83645.0, 10000.0], [83635.0, 120.0], [83627.5, 11620.0], [83610.0, 11660.0], [83607.5, 820.0], [83602.5, 62350.0], [83600.0, 11580.0], [83580.0, 11550.0], [83570.0, 11550.0], [83565.0, 26530.0], [83550.0, 11550.0], [83542.5, 25140.0], [83540.0, 11740.0], [83532.5, 40.0], [83530.0, 11550.0], [83512.5, 24360.0]], "asks": [[83670.0, 2110.0], [83677.5, 50000.0], [83680.0, 2100.0], [83682.5, 11620.0], [83687.5, 5880.0], [83695.0, 10000.0], [83700.0, 1510.0], [83702.5, 5000.0], [83722.5, 11580.0], [83730.0, 25320.0], [83772.5, 11580.0], [83795.0, 11630.0], [83800.0, 40.0], [83820.0, 25360.0], [83825.0, 11550.0], [83845.0, 116550.0], [83847.5, 17940.0], [83855.0, 11550.0], [83865.0, 11310.0], [83867.5, 40.0]]}}}
{"jsonrpc": "2.0", "method": "subscription", "params": {"channel": "book.BTC-4APR25.none.20.100ms", "data": {"timestamp": 1743435028847, "change_id": 94985577267, "instrument_name": "BTC-4APR25", "bids": [[83667.5, 3900.0], [83655.0, 2100.0], [83652.5, 3780.0], [83647.5, 2100.0], [83645.0, 10000.0], [83635.0, 120.0], [83627.5, 11620.0], [83610.0, 11660.0], [83607.5, 820.0], [83602.5, 62350.0], [83600.0, 11580.0], [83580.0, 11550.0], [83570.0, 11550.0], [83565.0, 26530.0], [83550.0, 11550.0], [83542.5, 25140.0], [83540.0, 11740.0], [83532.5, 40.0], [83530.0, 11550.0], [83512.5, 24360.0]], "asks": [[83670.0, 2110.0], [83677.5, 50000.0], [83680.0, 2100.0], [83682.5, 11620.0], [83685.0, 83680.0], [83687.5, 5880.0], [83695.0, 10000.0], [83700.0, 13130.0], [83702.5, 5000.0], [83722.5, 11580.0], [83730.0, 25320.0], [83772.5, 11580.0], [83795.0, 11630.0], [83800.0, 40.0], [83820.0, 25360.0], [83825.0, 11550.0], [83845.0, 116550.0], [83847.5, 17940.0], [83855.0, 11550.0], [83865.0, 11310.0]]}}}
{"jsonrpc": "2.0", "method": "subscription", "params": {"channel": "book.BTC-11APR25.none.20.100ms", "data": {"timestamp": 1743435028823, "change_id": 94985577169, "instrument_name": "BTC-11APR25", "bids": [[83707.5, 3000.0], [83695.0, 28500.0], [83687.5, 12350.0], [83677.5, 8410.0], [83670.0, 10000.0], [83667.5, 8480.0], [83660.0, 50000.0], [83657.5, 8410.0], [83637.5, 8570.0], [83627.5, 8370.0], [83615.0, 6160.0], [83610.0, 8400.0], [83600.0, 8610.0], [83580.0, 8570.0], [83560.0, 8370.0], [83550.0, 14980.0], [83540.0, 18970.0], [83537.5, 8480.0], [83532.5, 20.0], [83507.5, 8510.0]], "asks": [[83710.0, 8510.0], [83712.5, 8570.0], [83715.0, 28500.0], [83722.5, 83720.0], [83725.0, 13780.0], [83727.5, 8640.0], [83737.5, 2000.0], [83752.5, 8640.0], [83762.5, 8640.0], [83772.5, 3000.0], [83775.0, 8430.0], [83785.0, 14720.0], [83795.0, 8580.0], [83800.0, 20.0], [83860.0, 8610.0], [83865.0, 19210.0], [83867.5, 20.0], [83870.0, 8570.0], [83877.5, 105000.0], [83880.0, 8580.0]]}}}
{"jsonrpc": "2.0", "method": "subscription", "params": {"channel": "book.BTC-4APR25.none.20.100ms", "data": {"timestamp": 1743435029181, "change_id": 94985578466, "instrument_name": "BTC-4APR25", "bids": [[83667.5, 3900.0], [83647.5, 2100.0], [83635.0, 120.0], [83632.5, 10000.0], [83610.0, 11660.0], [83602.5, 62350.0], [83600.0, 11580.0], [83595.0, 820.0], [83580.0, 11550.0], [83570.0, 11550.0], [83565.0, 26530.0], [83550.0, 11550.0], [83542.5, 25140.0], [83540.0, 11740.0], [83532.5, 40.0], [83530.0, 11550.0], [83512.5, 24360.0], [83510.0, 11310.0], [83500.0, 11770.0], [83470.0, 11360.0]], "asks": [[83670.0, 2110.0], [83672.5, 120.0], [83675.0, 2100.0], [83677.5, 50000.0], [83680.0, 5880.0], [83682.5, 11500.0], [83685.0, 83680.0], [83695.0, 10000.0], [83700.0, 13130.0], [83702.5, 5000.0], [83722.5, 11580.0], [83730.0, 25320.0], [83772.5, 11580.0], [83795.0, 11630.0], [83800.0, 40.0], [83820.0, 25360.0], [83825.0, 11550.0], [83845.0, 116550.0], [83847.5, 17940.0], [83855.0, 11550.0]]}}}
{"jsonrpc": "2.0", "method": "subscription", "params": {"channel": "book.BTC-11APR25.none.20.100ms", "data": {"timestamp": 1743435029204, "change_id": 94985578527, "instrument_name": "BTC-11APR25", "bids": [[83692.5, 10.0], [83690.0, 11500.0], [83677.5, 8410.0], [83667.5, 8480.0], [83657.5, 18410.0], [83637.5, 58570.0], [83627.5, 28370.0], [83610.0, 8400.0], [83602.5, 6160.0], [83600.0, 8610.0], [83580.0, 8570.0], [83560.0, 8370.0], [83550.0, 8640.0], [83540.0, 25310.0], [83537.5, 8480.0], [83532.5, 20.0], [83507.5, 8510.0], [83475.0, 105000.0], [83472.5, 8660.0], [83467.5, 20.0]], "asks": [[83695.0, 8500.0], [83712.5, 8570.0], [83715.0, 30000.0], [83722.5, 83720.0], [83725.0, 3780.0], [83727.5, 8640.0], [83737.5, 2000.0], [83752.5, 8640.0], [83762.5, 8640.0], [83772.5, 3000.0], [83775.0, 8430.0], [83785.0, 14720.0], [83795.0, 8580.0], [83800.0, 20.0], [83860.0, 8610.0], [83865.0, 19210.0], [83867.5, 20.0], [83870.0, 8570.0], [83877.5, 105000.0], [83880.0, 8580.0]]}}}
{"jsonrpc": "2.0", "method": "subscription", "params": {"channel": "book.BTC-4APR25.none.20.100ms", "data": {"timestamp": 1743435029478, "change_id": 94985579248, "instrument_name": "BTC-4APR25", "bids": [[83667.5, 3900.0], [83647.5, 2100.0], [83642.5, 3780.0], [83635.0, 120.0], [83632.5, 10000.0], [83610.0, 11660.0], [83602.5, 62350.0], [83600.0, 11580.0], [83595.0, 820.0], [83580.0, 11550.0], [83570.0, 11550.0], [83565.0, 26530.0], [83550.0, 11550.0], [83542.5, 25140.0], [83540.0, 11740.0], [83532.5, 40.0], [83530.0, 11550.0], [83512.5, 24360.0], [83510.0, 11310.0], [83500.0, 11770.0]], "asks": [[83670.0, 2110.0], [83672.5, 3900.0], [83675.0, 2100.0], [83677.5, 50000.0], [83680.0, 2100.0], [83682.5, 11500.0], [83685.0, 10000.0], [83700.0, 13130.0], [83702.5, 5000.0], [83722.5, 11580.0], [83730.0, 25320.0], [83772.5, 11580.0], [83795.0, 11630.0], [83800.0, 40.0], [83820.0, 25360.0], [83825.0, 11550.0], [83845.0, 116550.0], [83847.5, 17940.0], [83855.0, 11550.0], [83865.0, 11310.0]]}}}
{"jsonrpc": "2.0", "method": "subscription", "params": {"channel": "book.BTC-11APR25.none.20.100ms", "data": {"timestamp": 1743435029397, "change_id": 94985579326, "instrument_name": "BTC-11APR25", "bids": [[83692.5, 3010.0], [83680.0, 3780.0], [83667.5, 8480.0], [83657.5, 18410.0], [83637.5, 8570.0], [83630.0, 50000.0], [83627.5, 28370.0], [83610.0, 8400.0], [83602.5, 6160.0], [83600.0, 8610.0], [83580.0, 8570.0], [83560.0, 8370.0], [83550.0, 8640.0], [83540.0, 25310.0], [83537.5, 8480.0], [83532.5, 20.0], [83507.5, 8510.0], [83475.0, 105000.0], [83472.5, 8660.0], [83467.5, 20.0]], "asks": [[83695.0, 8500.0], [83705.0, 20000.0], [83712.5, 12350.0], [83715.0, 10000.0], [83722.5, 83720.0], [83727.5, 8640.0], [83737.5, 2000.0], [83752.5, 8640.0], [83762.5, 8640.0], [83772.5, 3000.0], [83775.0, 8430.0], [83785.0, 14720.0], [83795.0, 8580.0], [83800.0, 20.0], [83860.0, 8610.0], [83865.0, 19210.0], [83867.5, 20.0], [83870.0, 8570.0], [83877.5, 105000.0], [83880.0, 8580.0]]}}}
{"jsonrpc": "2.0", "method": "subscription", "params": {"channel": "book.BTC-4APR25.none.20.100ms", "data": {"timestamp": 1743435029756, "change_id": 94985580049, "instrument_name": "BTC-4APR25", "bids": [[83667.5, 3900.0], [83637.5, 3780.0], [83632.5, 10000.0], [83622.5, 120.0], [83610.0, 11660.0], [83600.0, 11580.0], [83595.0, 820.0], [83585.0, 50000.0], [83582.5, 12350.0], [83580.0, 11550.0], [83570.0, 11550.0], [83565.0, 26530.0], [83550.0, 11550.0], [83540.0, 11740.0], [83532.5, 40.0], [83530.0, 11550.0], [83522.5, 25140.0], [83520.0, 11620.0], [83510.0, 11310.0], [83500.0, 11770.0]], "asks": [[83670.0, 13610.0], [83672.5, 3900.0], [83675.0, 85770.0], [83677.5, 50000.0], [83680.0, 2100.0], [83682.5, 11500.0], [83685.0, 10000.0], [83690.0, 11620.0], [83697.5, 25320.0], [83700.0, 13130.0], [83702.5, 5000.0], [83722.5, 11580.0], [83772.5, 11580.0], [83795.0, 11630.0], [83800.0, 40.0], [83820.0, 25360.0], [83825.0, 11550.0], [83845.0, 116550.0], [83847.5, 17940.0], [83855.0, 11550.0]]}}}
{"jsonrpc": "2.0", "method": "subscription", "params": {"channel": "book.BTC-11APR25.none.20.100ms", "data": {"timestamp": 1743435029705, "change_id": 94985580428, "instrument_name": "BTC-11APR25", "bids": [[83682.5, 10.0], [83677.5, 11500.0], [83675.0, 3780.0], [83670.0, 11500.0], [83667.5, 8480.0], [83657.5, 18410.0], [83637.5, 8570.0], [83630.0, 50000.0], [83627.5, 8370.0], [83622.5, 20000.0], [83610.0, 8400.0], [83600.0, 8610.0], [83582.5, 6160.0], [83580.0, 8570.0], [83560.0, 8370.0], [83550.0, 8640.0], [83540.0, 18970.0], [83537.5, 8480.0], [83532.5, 6360.0], [83527.5, 8570.0]], "asks": [[83692.5, 8500.0], [83695.0, 8510.0], [83705.0, 20000.0], [83712.5, 12350.0], [83715.0, 10000.0], [83727.5, 8640.0], [83737.5, 2000.0], [83750.0, 6150.0], [83752.5, 8640.0], [83762.5, 8640.0], [83775.0, 8430.0], [83785.0, 8570.0], [83795.0, 8580.0], [83800.0, 20.0], [83860.0, 8610.0], [83865.0, 19210.0], [83867.5, 20.0], [83870.0, 8570.0], [83877.5, 105000.0], [83880.0, 8580.0]]}}}
{"jsonrpc": "2.0", "method": "subscription", "params": {"channel": "book.BTC-4APR25.none.20.100ms", "data": {"timestamp": 1743435030196, "change_id": 94985581172, "instrument_name": "BTC-4APR25", "bids": [[83667.5, 3630.0], [83632.5, 13780.0], [83622.5, 120.0], [83610.0, 11660.0], [83600.0, 11580.0], [83595.0, 820.0], [83585.0, 50000.0], [83582.5, 12350.0], [83580.0, 11550.0], [83570.0, 11550.0], [83565.0, 26530.0], [83550.0, 11550.0], [83540.0, 11740.0], [83532.5, 40.0], [83530.0, 11550.0], [83522.5, 25140.0], [83520.0, 11620.0], [83510.0, 11310.0], [83500.0, 11770.0], [83470.0, 11360.0]], "asks": [[83670.0, 13610.0], [83672.5, 3900.0], [83675.0, 2100.0], [83677.5, 50000.0], [83680.0, 2100.0], [83682.5, 11500.0], [83685.0, 10000.0], [83690.0, 11620.0], [83697.5, 25320.0], [83700.0, 13130.0], [83702.5, 5000.0], [83735.0, 40.0], [83772.5, 11580.0], [83795.0, 11630.0], [83800.0, 40.0], [83820.0, 25360.0], [83825.0, 11550.0], [83845.0, 116550.0], [83847.5, 17940.0], [83855.0, 11550.0]]}}}
{"jsonrpc": "2.0", "method": "subscription", "params": {"channel": "book.BTC-11APR25.none.20.100ms", "data": {"timestamp": 1743435030009, "change_id": 94985581018, "instrument_name": "BTC-11APR25", "bids": [[83682.5, 10.0], [83677.5, 11500.0], [83670.0, 11500.0], [83667.5, 12260.0], [83657.5, 18410.0], [83637.5, 8570.0], [83630.0, 50000.0], [83627.5, 8370.0], [83622.5, 20000.0], [83610.0, 8400.0], [83600.0, 8610.0], [83582.5, 6160.0], [83580.0, 8570.0], [83550.0, 8640.0], [83540.0, 18970.0], [83537.5, 8480.0], [83532.5, 6360.0], [83527.5, 8570.0], [83507.5, 8510.0], [83475.0, 105000.0]], "asks": [[83692.5, 8500.0], [83705.0, 30000.0], [83707.5, 83700.0], [83712.5, 12350.0], [83727.5, 8640.0], [83737.5, 2000.0], [83750.0, 6150.0], [83762.5, 8640.0], [83775.0, 8430.0], [83785.0, 8570.0], [83795.0, 8580.0], [83800.0, 20.0], [83860.0, 8610.0], [83865.0, 19210.0], [83867.5, 20.0], [83870.0, 8570.0], [83877.5, 105000.0], [83880.0, 8580.0], [83930.0, 8510.0], [83935.0, 20.0]]}}}
{"jsonrpc": "2.0", "method": "subscription", "params": {"channel": "book.BTC-4APR25.none.20.100ms", "data": {"timestamp": 1743435030437, "change_id": 94985581482, "instrument_name": "BTC-4APR25", "bids": [[83667.5, 3380.0], [83632.5, 13780.0], [83622.5, 120.0], [83610.0, 11660.0], [83600.0, 11580.0], [83595.0, 820.0], [83585.0, 50000.0], [83582.5, 12350.0], [83580.0, 11550.0], [83570.0, 11550.0], [83565.0, 26530.0], [83550.0, 11550.0], [83540.0, 11740.0], [83532.5, 40.0], [83530.0, 11550.0], [83522.5, 25140.0], [83520.0, 11620.0], [83510.0, 11310.0], [83500.0, 11770.0], [83470.0, 11360.0]], "asks": [[83670.0, 13610.0], [83672.5, 3900.0], [83675.0, 2100.0], [83677.5, 50000.0], [83680.0, 2100.0], [83682.5, 11500.0], [83685.0, 10000.0], [83690.0, 11620.0], [83697.5, 25320.0], [83700.0, 13130.0], [83702.5, 5000.0], [83735.0, 40.0], [83772.5, 11580.0], [83795.0, 11630.0], [83800.0, 40.0], [83820.0, 25360.0], [83825.0, 11550.0], [83845.0, 116550.0], [83847.5, 17940.0], [83855.0, 11550.0]]}}}
{"jsonrpc": "2.0", "method": "subscription", "params": {"channel": "book.BTC-4APR25.none.20.100ms", "data": {"timestamp": 1743435030854, "change_id": 94985582632, "instrument_name": "BTC-4APR25", "bids": [[83667.5, 750.0], [83622.5, 120.0], [83620.0, 10000.0], [83600.0, 11580.0], [83590.0, 820.0], [83582.5, 12350.0], [83580.0, 11550.0], [83572.5, 50000.0], [83570.0, 11550.0], [83565.0, 26530.0], [83550.0, 11550.0], [83540.0, 11740.0], [83532.5, 40.0], [83530.0, 11550.0], [83522.5, 25140.0], [83520.0, 11620.0], [83510.0, 11310.0], [83500.0, 11770.0], [83470.0, 11360.0], [83467.5, 40.0]], "asks": [[83670.0, 13610.0], [83672.5, 3900.0], [83675.0, 12100.0], [83677.5, 50000.0], [83680.0, 13720.0], [83682.5, 11500.0], [83690.0, 11620.0], [83697.5, 25320.0], [83700.0, 13130.0], [83702.5, 5000.0], [83735.0, 40.0], [83772.5, 11580.0], [83795.0, 11630.0], [83800.0, 40.0], [83820.0, 25360.0], [83825.0, 11550.0], [83845.0, 116550.0], [83847.5, 17940.0], [83855.0, 11550.0], [83865.0, 11310.0]]}}}
{"jsonrpc": "2.0", "method": "subscription", "params": {"channel": "book.BTC-11APR25.none.20.100ms", "data": {"timestamp": 1743435030779, "change_id": 94985582695, "instrument_name": "BTC-11APR25", "bids": [[83670.0, 11500.0], [83667.5, 3800.0], [83657.5, 8410.0], [83647.5, 11570.0], [83645.0, 10000.0], [83637.5, 8570.0], [83630.0, 50000.0], [83627.5, 8370.0], [83617.5, 20000.0], [83610.0, 8400.0], [83600.0, 8610.0], [83582.5, 6160.0], [83580.0, 8570.0], [83550.0, 8640.0], [83540.0, 18970.0], [83537.5, 8480.0], [83532.5, 6360.0], [83527.5, 8570.0], [83507.5, 8510.0], [83475.0, 105000.0]], "asks": [[83685.0, 8500.0], [83687.5, 10.0], [83692.5, 8500.0], [83695.0, 20000.0], [83697.5, 8570.0], [83702.5, 3780.0], [83705.0, 10000.0], [83707.5, 83700.0], [83712.5, 8570.0], [83727.5, 8640.0], [83737.5, 2000.0], [83750.0, 6150.0], [83762.5, 8640.0], [83775.0, 8430.0], [83785.0, 8570.0], [83795.0, 8580.0], [83800.0, 20.0], [83860.0, 8610.0], [83865.0, 19210.0], [83867.5, 20.0]]}}}
{"jsonrpc": "2.0", "method": "subscription", "params": {"channel": "book.BTC-11APR25.none.20.100ms", "data": {"timestamp": 1743435031179, "change_id": 94985583652, "instrument_name": "BTC-11APR25", "bids": [[83682.5, 3000.0], [83670.0, 11500.0], [83667.5, 3800.0], [83657.5, 8410.0], [83647.5, 11570.0], [83645.0, 10000.0], [83637.5, 8570.0], [83630.0, 50000.0], [83627.5, 8370.0], [83615.0, 20000.0], [83610.0, 8400.0], [83600.0, 8610.0], [83582.5, 6160.0], [83580.0, 8570.0], [83550.0, 8640.0], [83540.0, 18970.0], [83537.5, 8480.0], [83532.5, 6360.0], [83527.5, 8570.0], [83507.5, 8510.0]], "asks": [[83685.0, 28510.0], [83695.0, 10000.0], [83697.5, 8570.0], [83702.5, 3780.0], [83707.5, 83700.0], [83712.5, 8570.0], [83727.5, 8640.0], [83737.5, 2000.0], [83750.0, 6150.0], [83762.5, 8640.0], [83775.0, 8430.0], [83785.0, 8570.0], [83795.0, 8580.0], [83800.0, 20.0], [83860.0, 8610.0], [83865.0, 19210.0], [83867.5, 20.0], [83870.0, 8570.0], [83877.5, 105000.0], [83880.0, 8580.0]]}}}
{"jsonrpc": "2.0", "method": "subscription", "params": {"channel": "book.BTC-4APR25.none.20.100ms", "data": {"timestamp": 1743435031171, "change_id": 94985583623, "instrument_name": "BTC-4APR25", "bids": [[83667.5, 50.0], [83625.0, 3780.0], [83620.0, 10000.0], [83610.0, 120.0], [83600.0, 11580.0], [83587.5, 820.0], [83582.5, 12350.0], [83580.0, 11550.0], [83572.5, 50000.0], [83570.0, 11550.0], [83565.0, 26530.0], [83550.0, 11550.0], [83540.0, 11740.0], [83532.5, 40.0], [83530.0, 11550.0], [83522.5, 25140.0], [83520.0, 11620.0], [83510.0, 11310.0], [83500.0, 11770.0], [83470.0, 11360.0]], "asks": [[83670.0, 16610.0], [83672.5, 3900.0], [83675.0, 12100.0], [83677.5, 50000.0], [83680.0, 13720.0], [83682.5, 11500.0], [83690.0, 11620.0], [83697.5, 25320.0], [83700.0, 13130.0], [83702.5, 2000.0], [83735.0, 40.0], [83772.5, 11580.0], [83795.0, 11630.0], [83800.0, 40.0], [83820.0, 25360.0], [83825.0, 11550.0], [83845.0, 116550.0], [83847.5, 17940.0], [83855.0, 11550.0], [83865.0, 11310.0]]}}}
{"jsonrpc": "2.0", "method": "subscription", "params": {"channel": "book.BTC-11APR25.none.20.100ms", "data": {"timestamp": 1743435031482, "change_id": 94985584442, "instrument_name": "BTC-11APR25", "bids": [[83670.0, 11500.0], [83667.5, 3800.0], [83657.5, 8410.0], [83647.5, 11570.0], [83645.0, 10000.0], [83637.5, 8570.0], [83630.0, 50000.0], [83627.5, 8370.0], [83612.5, 20000.0], [83610.0, 8400.0], [83600.0, 8610.0], [83582.5, 6160.0], [83580.0, 8570.0], [83550.0, 8640.0], [83540.0, 18970.0], [83537.5, 8480.0], [83532.5, 6360.0], [83527.5, 8570.0], [83507.5, 8510.0], [83475.0, 105000.0]], "asks": [[83685.0, 28510.0], [83695.0, 10000.0], [83697.5, 8570.0], [83702.5, 3780.0], [83712.5, 8570.0], [83727.5, 8640.0], [83737.5, 2000.0], [83750.0, 6150.0], [83762.5, 8640.0], [83775.0, 8430.0], [83785.0, 8570.0], [83795.0, 8580.0], [83800.0, 20.0], [83860.0, 8610.0], [83865.0, 19210.0], [83867.5, 20.0], [83870.0, 8570.0], [83877.5, 105000.0], [83880.0, 8580.0], [83930.0, 8510.0]]}}}
