{"jsonrpc": "2.0", "method": "subscription", "params": {"channel": "book.BTC-18APR25.none.20.100ms", "data": {"timestamp": 1743971470228, "change_id": 95866435548, "instrument_name": "BTC-18APR25", "bids": [[79362.5, 3100.0], [79360.0, 10.0], [79357.5, 10.0], [79355.0, 1960.0], [79352.5, 6520.0], [79342.5, 1400.0], [79340.0, 6520.0], [79337.5, 3100.0], [79335.0, 4730.0], [79327.5, 6380.0], [79325.0, 16520.0], [79312.5, 6350.0], [79310.0, 6440.0], [79302.5, 20.0], [79300.0, 6520.0], [79267.5, 6460.0], [79257.5, 6530.0], [79250.0, 1980.0], [79247.5, 6600.0], [79240.0, 20.0]], "asks": [[79365.0, 6500.0], [79367.5, 31230.0], [79370.0, 16960.0], [79372.5, 50000.0], [79377.5, 3000.0], [79380.0, 11940.0], [79382.5, 6460.0], [79387.5, 40120.0], [79410.0, 6460.0], [79420.0, 6460.0], [79427.5, 1930.0], [79430.0, 6420.0], [79440.0, 6660.0], [79447.5, 6270.0], [79450.0, 6520.0], [79457.5, 1940.0], [79460.0, 6460.0], [79470.0, 6520.0], [79485.0, 1970.0], [79487.5, 6580.0]]}}}
{"jsonrpc": "2.0", "method": "subscription", "params": {"channel": "book.BTC-11APR25.none.20.100ms", "data": {"timestamp": 1743971470620, "change_id": 95866436121, "instrument_name": "BTC-11APR25", "bids": [[79310.0, 2000.0], [79295.0, 1420.0], [79292.5, 4730.0], [79287.5, 7320.0], [79285.0, 27390.0], [79282.5, 10000.0], [79275.0, 3000.0], [79270.0, 8630.0], [79252.5, 2570.0], [79250.0, 8560.0], [79242.5, 2570.0], [79240.0, 8580.0], [79222.5, 2560.0], [79220.0, 8540.0], [79212.5, 2570.0], [79210.0, 8570.0], [79202.5, 2560.0], [79200.0, 8540.0], [79182.5, 7260.0], [79180.0, 15740.0]], "asks": [[79317.5, 2010.0], [79320.0, 3420.0], [79322.5, 4730.0], [79325.0, 23800.0], [79327.5, 70000.0], [79330.0, 120.0], [79335.0, 3000.0], [79337.5, 10000.0], [79355.0, 2590.0], [79357.5, 8630.0], [79365.0, 2610.0], [79367.5, 8630.0], [79380.0, 860.0], [79382.5, 2850.0], [79385.0, 2520.0], [79387.5, 8390.0], [79402.5, 2570.0], [79405.0, 8560.0], [79412.5, 2520.0], [79415.0, 8390.0]]}}}
{"jsonrpc": "2.0", "method": "subscription", "params": {"channel": "book.BTC-18APR25.none.20.100ms", "data": {"timestamp": 1743971470617, "change_id": 95866436117, "instrument_name": "BTC-18APR25", "bids": [[79362.5, 3100.0], [79360.0, 10.0], [79357.5, 3110.0], [79355.0, 1960.0], [79352.5, 6520.0], [79342.5, 1400.0], [79340.0, 6520.0], [79337.5, 3100.0], [79335.0, 4730.0], [79327.5, 6380.0], [79325.0, 16520.0], [79312.5, 6350.0], [79310.0, 6440.0], [79302.5, 20.0], [79300.0, 6520.0], [79267.5, 6460.0], [79257.5, 6530.0], [79250.0, 1980.0], [79247.5, 6600.0], [79240.0, 20.0]], "asks": [[79365.0, 9600.0], [79367.5, 31230.0], [79370.0, 16960.0], [79372.5, 50000.0], [79377.5, 3000.0], [79380.0, 11940.0], [79382.5, 6460.0], [79387.5, 40120.0], [79410.0, 6460.0], [79420.0, 6460.0], [79427.5, 1930.0], [79430.0, 6420.0], [79440.0, 6660.0], [79447.5, 6270.0], [79450.0, 6520.0], [79457.5, 1940.0], [79460.0, 6460.0], [79470.0, 6520.0], [79485.0, 1970.0], [79487.5, 6580.0]]}}}
{"jsonrpc": "2.0", "method": "subscription", "params": {"channel": "book.BTC-11APR25.none.20.100ms", "data": {"timestamp": 1743971470910, "change_id": 95866436737, "instrument_name": "BTC-11APR25", "bids": [[79310.0, 2000.0], [79295.0, 1540.0], [79292.5, 4730.0], [79287.5, 7320.0], [79285.0, 27270.0], [79282.5, 10000.0], [79275.0, 3000.0], [79270.0, 8630.0], [79252.5, 2570.0], [79250.0, 8560.0], [79242.5, 2570.0], [79240.0, 8580.0], [79222.5, 2560.0], [79220.0, 8540.0], [79212.5, 2570.0], [79210.0, 8570.0], [79202.5, 2560.0], [79200.0, 8540.0], [79182.5, 7260.0], [79180.0, 15740.0]], "asks": [[79317.5, 2020.0], [79320.0, 3420.0], [79322.5, 4730.0], [79325.0, 23800.0], [79327.5, 70000.0], [79330.0, 120.0], [79335.0, 3000.0], [79337.5, 10000.0], [79355.0, 2590.0], [79357.5, 8630.0], [79365.0, 2610.0], [79367.5, 8630.0], [79380.0, 860.0], [79382.5, 2850.0], [79385.0, 2520.0], [79387.5, 8390.0], [79402.5, 2570.0], [79405.0, 8560.0], [79412.5, 2520.0], [79415.0, 8390.0]]}}}
{"jsonrpc": "2.0", "method": "subscription", "params": {"channel": "book.BTC-18APR25.none.20.100ms", "data": {"timestamp": 1743971470967, "change_id": 95866436765, "instrument_name": "BTC-18APR25", "bids": [[79362.5, 3100.0], [79360.0, 940.0], [79357.5, 3110.0], [79355.0, 1960.0], [79352.5, 6520.0], [79342.5, 1400.0], [79340.0, 8870.0], [79337.5, 3100.0], [79335.0, 4730.0], [79327.5, 6380.0], [79325.0, 16520.0], [79312.5, 6350.0], [79310.0, 6440.0], [79302.5, 1980.0], [79300.0, 6520.0], [79267.5, 6460.0], [79260.0, 1960.0], [79257.5, 6530.0], [79250.0, 1980.0], [79247.5, 6600.0]], "asks": [[79365.0, 9600.0], [79367.5, 31230.0], [79370.0, 16960.0], [79372.5, 50000.0], [79377.5, 3000.0], [79380.0, 11940.0], [79382.5, 6460.0], [79385.0, 12040.0], [79387.5, 40120.0], [79410.0, 6460.0], [79417.5, 1940.0], [79420.0, 6460.0], [79427.5, 1930.0], [79430.0, 6420.0], [79440.0, 6660.0], [79445.0, 3840.0], [79447.5, 6270.0], [79450.0, 6520.0], [79457.5, 1940.0], [79460.0, 6460.0]]}}}
{"jsonrpc": "2.0", "method": "subscription", "params": {"channel": "book.BTC-11APR25.none.20.100ms", "data": {"timestamp": 1743971471248, "change_id": 95866437147, "instrument_name": "BTC-11APR25", "bids": [[79307.5, 2520.0], [79295.0, 120.0], [79287.5, 7320.0], [79285.0, 27270.0], [79282.5, 10000.0], [79275.0, 3000.0], [79270.0, 8630.0], [79252.5, 2570.0], [79250.0, 8560.0], [79242.5, 2570.0], [79240.0, 8580.0], [79222.5, 2560.0], [79220.0, 8540.0], [79212.5, 2570.0], [79210.0, 8570.0], [79202.5, 2560.0], [79200.0, 8540.0], [79182.5, 7260.0], [79180.0, 15740.0], [79177.5, 8410.0]], "asks": [[79310.0, 2000.0], [79312.5, 2000.0], [79315.0, 1200.0], [79317.5, 2000.0], [79320.0, 3420.0], [79322.5, 4730.0], [79325.0, 23800.0], [79327.5, 70000.0], [79330.0, 120.0], [79335.0, 3000.0], [79337.5, 10000.0], [79355.0, 2590.0], [79357.5, 8630.0], [79365.0, 2610.0], [79367.5, 8630.0], [79380.0, 860.0], [79382.5, 2850.0], [79385.0, 2520.0], [79387.5, 8390.0], [79402.5, 2570.0]]}}}
{"jsonrpc": "2.0", "method": "subscription", "params": {"channel": "book.BTC-18APR25.none.20.100ms", "data": {"timestamp": 1743971471144, "change_id": 95866436856, "instrument_name": "BTC-18APR25", "bids": [[79360.0, 10.0], [79357.5, 3110.0], [79342.5, 1400.0], [79340.0, 7450.0], [79337.5, 3100.0], [79327.5, 6380.0], [79325.0, 16520.0], [79312.5, 6350.0], [79310.0, 6440.0], [79302.5, 1980.0], [79300.0, 6520.0], [79267.5, 6460.0], [79260.0, 1960.0], [79257.5, 6530.0], [79250.0, 1980.0], [79247.5, 6600.0], [79240.0, 20.0], [79207.5, 990.0], [79205.0, 3300.0], [79202.5, 3960.0]], "asks": [[79365.0, 18970.0], [79367.5, 31230.0], [79370.0, 16960.0], [79372.5, 50000.0], [79377.5, 3000.0], [79380.0, 11940.0], [79382.5, 6460.0], [79385.0, 12040.0], [79387.5, 40120.0], [79410.0, 6460.0], [79417.5, 1940.0], [79420.0, 6460.0], [79427.5, 1930.0], [79430.0, 6420.0], [79440.0, 6660.0], [79445.0, 3840.0], [79447.5, 6270.0], [79450.0, 6520.0], [79457.5, 1940.0], [79460.0, 6460.0]]}}}
{"jsonrpc": "2.0", "method": "subscription", "params": {"channel": "book.BTC-11APR25.none.20.100ms", "data": {"timestamp": 1743971471572, "change_id": 95866437522, "instrument_name": "BTC-11APR25", "bids": [[79307.5, 2520.0], [79295.0, 120.0], [79287.5, 7320.0], [79285.0, 27270.0], [79282.5, 14730.0], [79275.0, 3000.0], [79270.0, 8630.0], [79252.5, 2570.0], [79250.0, 8560.0], [79242.5, 2570.0], [79240.0, 8580.0], [79222.5, 2560.0], [79220.0, 8540.0], [79212.5, 2570.0], [79210.0, 8570.0], [79202.5, 2560.0], [79200.0, 8540.0], [79182.5, 7260.0], [79180.0, 15740.0], [79177.5, 8410.0]], "asks": [[79310.0, 2000.0], [79312.5, 2000.0], [79315.0, 1200.0], [79317.5, 2000.0], [79320.0, 3420.0], [79322.5, 6730.0], [79325.0, 23800.0], [79327.5, 70000.0], [79330.0, 120.0], [79335.0, 3000.0], [79337.5, 10000.0], [79355.0, 2590.0], [79357.5, 8630.0], [79365.0, 2610.0], [79367.5, 8630.0], [79380.0, 860.0], [79382.5, 2850.0], [79385.0, 2520.0], [79387.5, 8390.0], [79402.5, 2570.0]]}}}
{"jsonrpc": "2.0", "method": "subscription", "params": {"channel": "book.BTC-18APR25.none.20.100ms", "data": {"timestamp": 1743971471588, "change_id": 95866437528, "instrument_name": "BTC-18APR25", "bids": [[79360.0, 10.0], [79357.5, 10.0], [79347.5, 930.0], [79345.0, 3100.0], [79342.5, 1400.0], [79340.0, 6520.0], [79327.5, 6380.0], [79325.0, 21250.0], [79312.5, 6350.0], [79310.0, 6440.0], [79302.5, 1980.0], [79300.0, 6520.0], [79267.5, 6460.0], [79260.0, 1960.0], [79257.5, 6530.0], [79250.0, 1980.0], [79247.5, 6600.0], [79240.0, 20.0], [79207.5, 990.0], [79205.0, 3300.0]], "asks": [[79362.5, 9600.0], [79365.0, 18970.0], [79367.5, 24730.0], [79370.0, 16960.0], [79372.5, 56520.0], [79377.5, 3000.0], [79380.0, 11940.0], [79382.5, 6460.0], [79385.0, 12040.0], [79387.5, 40120.0], [79410.0, 6460.0], [79417.5, 1940.0], [79420.0, 6460.0], [79427.5, 1930.0], [79430.0, 6420.0], [79440.0, 6660.0], [79445.0, 3840.0], [79447.5, 6270.0], [79450.0, 6520.0], [79457.5, 1940.0]]}}}
{"jsonrpc": "2.0", "method": "subscription", "params": {"channel": "book.BTC-11APR25.none.20.100ms", "data": {"timestamp": 1743971471953, "change_id": 95866438452, "instrument_name": "BTC-11APR25", "bids": [[79295.0, 4380.0], [79285.0, 3000.0], [79282.5, 10120.0], [79257.5, 7280.0], [79255.0, 24270.0], [79252.5, 2570.0], [79250.0, 8560.0], [79242.5, 2570.0], [79240.0, 8580.0], [79227.5, 990.0], [79225.0, 3300.0], [79222.5, 2560.0], [79220.0, 8540.0], [79212.5, 2570.0], [79210.0, 8570.0], [79202.5, 2560.0], [79200.0, 8540.0], [79182.5, 3960.0], [79180.0, 15740.0], [79177.5, 8410.0]], "asks": [[79297.5, 20.0], [79300.0, 600.0], [79302.5, 2000.0], [79307.5, 5080.0], [79310.0, 11100.0], [79312.5, 2000.0], [79315.0, 1200.0], [79317.5, 2000.0], [79320.0, 3420.0], [79322.5, 6730.0], [79325.0, 23800.0], [79327.5, 80000.0], [79330.0, 8560.0], [79335.0, 3000.0], [79340.0, 8440.0], [79355.0, 2590.0], [79357.5, 8630.0], [79365.0, 2610.0], [79367.5, 8630.0], [79380.0, 860.0]]}}}
{"jsonrpc": "2.0", "method": "subscription", "params": {"channel": "book.BTC-18APR25.none.20.100ms", "data": {"timestamp": 1743971471693, "change_id": 95866438357, "instrument_name": "BTC-18APR25", "bids": [[79360.0, 10.0], [79357.5, 10.0], [79327.5, 6380.0], [79325.0, 16520.0], [79315.0, 3840.0], [79312.5, 6350.0], [79310.0, 6440.0], [79302.5, 1980.0], [79300.0, 6520.0], [79270.0, 1940.0], [79267.5, 6460.0], [79260.0, 1960.0], [79257.5, 6530.0], [79250.0, 1980.0], [79247.5, 6600.0], [79240.0, 20.0], [79207.5, 990.0], [79205.0, 3300.0], [79202.5, 3960.0], [79200.0, 13210.0]], "asks": [[79362.5, 9600.0], [79365.0, 18970.0], [79367.5, 24730.0], [79370.0, 26960.0], [79372.5, 56520.0], [79380.0, 1940.0], [79382.5, 6460.0], [79385.0, 12040.0], [79387.5, 40120.0], [79392.5, 6520.0], [79407.5, 1940.0], [79410.0, 6460.0], [79417.5, 1940.0], [79420.0, 6460.0], [79427.5, 1930.0], [79430.0, 6420.0], [79437.5, 2000.0], [79440.0, 6660.0], [79445.0, 3840.0], [79447.5, 6270.0]]}}}
{"jsonrpc": "2.0", "method": "subscription", "params": {"channel": "book.BTC-11APR25.none.20.100ms", "data": {"timestamp": 1743971472226, "change_id": 95866439095, "instrument_name": "BTC-11APR25", "bids": [[79300.0, 2020.0], [79282.5, 120.0], [79272.5, 9860.0], [79270.0, 34270.0], [79267.5, 4730.0], [79250.0, 8560.0], [79242.5, 2570.0], [79240.0, 8580.0], [79225.0, 3300.0], [79222.5, 2560.0], [79220.0, 8540.0], [79210.0, 8570.0], [79202.5, 2560.0], [79200.0, 8540.0], [79182.5, 3960.0], [79180.0, 15740.0], [79177.5, 8410.0], [79175.0, 15370.0], [79172.5, 51150.0], [79167.5, 8440.0]], "asks": [[79302.5, 2000.0], [79305.0, 5170.0], [79307.5, 6730.0], [79310.0, 11100.0], [79312.5, 2000.0], [79315.0, 1240.0], [79317.5, 2000.0], [79320.0, 2720.0], [79322.5, 2000.0], [79325.0, 23800.0], [79327.5, 80000.0], [79330.0, 79320.0], [79340.0, 8440.0], [79355.0, 2590.0], [79357.5, 8630.0], [79365.0, 2610.0], [79367.5, 11480.0], [79387.5, 8390.0], [79405.0, 8560.0], [79412.5, 2520.0]]}}}
{"jsonrpc": "2.0", "method": "subscription", "params": {"channel": "book.BTC-18APR25.none.20.100ms", "data": {"timestamp": 1743971472047, "change_id": 95866439106, "instrument_name": "BTC-18APR25", "bids": [[79357.5, 10.0], [79327.5, 1960.0], [79325.0, 6520.0], [79312.5, 10000.0], [79310.0, 11170.0], [79302.5, 6370.0], [79267.5, 6460.0], [79257.5, 6530.0], [79247.5, 6600.0], [79240.0, 20.0], [79205.0, 3300.0], [79202.5, 3960.0], [79200.0, 13210.0], [79197.5, 6530.0], [79192.5, 18270.0], [79187.5, 6520.0], [79177.5, 6520.0], [79175.0, 20.0], [79157.5, 6600.0], [79135.0, 52840.0]], "asks": [[79360.0, 16120.0], [79362.5, 29600.0], [79365.0, 7520.0], [79367.5, 4730.0], [79370.0, 26960.0], [79372.5, 56520.0], [79380.0, 1940.0], [79382.5, 6460.0], [79392.5, 6520.0], [79407.5, 1940.0], [79410.0, 6460.0], [79417.5, 1940.0], [79420.0, 6460.0], [79427.5, 1930.0], [79430.0, 6420.0], [79437.5, 2000.0], [79440.0, 6660.0], [79447.5, 6270.0], [79460.0, 6460.0], [79470.0, 6520.0]]}}}
{"jsonrpc": "2.0", "method": "subscription", "params": {"channel": "book.BTC-11APR25.none.20.100ms", "data": {"timestamp": 1743971472612, "change_id": 95866439784, "instrument_name": "BTC-11APR25", "bids": [[79297.5, 20.0], [79282.5, 120.0], [79270.0, 34270.0], [79267.5, 4730.0], [79250.0, 8560.0], [79240.0, 8580.0], [79225.0, 3300.0], [79222.5, 2560.0], [79220.0, 8540.0], [79210.0, 8570.0], [79202.5, 2560.0], [79200.0, 8540.0], [79182.5, 3960.0], [79180.0, 15740.0], [79177.5, 8410.0], [79175.0, 15370.0], [79172.5, 51150.0], [79167.5, 8440.0], [79147.5, 8570.0], [79120.0, 52840.0]], "asks": [[79300.0, 2000.0], [79302.5, 2000.0], [79305.0, 6570.0], [79307.5, 6730.0], [79310.0, 9100.0], [79312.5, 2000.0], [79315.0, 640.0], [79317.5, 2000.0], [79320.0, 120.0], [79322.5, 2000.0], [79325.0, 23800.0], [79327.5, 80000.0], [79330.0, 79320.0], [79340.0, 8440.0], [79355.0, 2590.0], [79357.5, 8630.0], [79365.0, 2610.0], [79367.5, 11480.0], [79387.5, 8390.0], [79405.0, 8560.0]]}}}
{"jsonrpc": "2.0", "method": "subscription", "params": {"channel": "book.BTC-18APR25.none.20.100ms", "data": {"timestamp": 1743971472591, "change_id": 95866439769, "instrument_name": "BTC-18APR25", "bids": [[79345.0, 10.0], [79342.5, 9380.0], [79340.0, 13180.0], [79337.5, 3100.0], [79335.0, 11480.0], [79332.5, 3100.0], [79330.0, 3100.0], [79327.5, 1960.0], [79325.0, 6520.0], [79312.5, 10000.0], [79310.0, 11170.0], [79302.5, 20.0], [79272.5, 6350.0], [79267.5, 6460.0], [79257.5, 6530.0], [79247.5, 6600.0], [79240.0, 20.0], [79205.0, 3300.0], [79202.5, 3960.0], [79200.0, 13210.0]], "asks": [[79347.5, 6500.0], [79350.0, 1420.0], [79352.5, 4730.0], [79355.0, 7960.0], [79357.5, 20000.0], [79360.0, 6520.0], [79365.0, 18000.0], [79367.5, 50000.0], [79370.0, 11960.0], [79372.5, 6520.0], [79380.0, 1940.0], [79382.5, 6460.0], [79392.5, 6520.0], [79407.5, 1940.0], [79410.0, 6460.0], [79417.5, 1940.0], [79420.0, 6460.0], [79427.5, 1930.0], [79430.0, 6420.0], [79437.5, 2000.0]]}}}
{"jsonrpc": "2.0", "method": "subscription", "params": {"channel": "book.BTC-11APR25.none.20.100ms", "data": {"timestamp": 1743971472888, "change_id": 95866440283, "instrument_name": "BTC-11APR25", "bids": [[79297.5, 20.0], [79282.5, 120.0], [79270.0, 34270.0], [79267.5, 4730.0], [79250.0, 8560.0], [79240.0, 8580.0], [79225.0, 3300.0], [79222.5, 2560.0], [79220.0, 8540.0], [79210.0, 8570.0], [79202.5, 2560.0], [79200.0, 8540.0], [79182.5, 3960.0], [79180.0, 15740.0], [79177.5, 8410.0], [79175.0, 15370.0], [79172.5, 51150.0], [79167.5, 8440.0], [79147.5, 8570.0], [79120.0, 52840.0]], "asks": [[79300.0, 2020.0], [79302.5, 2000.0], [79305.0, 6570.0], [79307.5, 6730.0], [79310.0, 9100.0], [79312.5, 2000.0], [79315.0, 640.0], [79317.5, 2000.0], [79320.0, 120.0], [79322.5, 2000.0], [79325.0, 43800.0], [79327.5, 60000.0], [79330.0, 79320.0], [79340.0, 8440.0], [79355.0, 2590.0], [79357.5, 8630.0], [79365.0, 2610.0], [79367.5, 11480.0], [79387.5, 8390.0], [79405.0, 8560.0]]}}}
{"jsonrpc": "2.0", "method": "subscription", "params": {"channel": "book.BTC-18APR25.none.20.100ms", "data": {"timestamp": 1743971472700, "change_id": 95866439850, "instrument_name": "BTC-18APR25", "bids": [[79345.0, 10.0], [79342.5, 9380.0], [79340.0, 13180.0], [79337.5, 3100.0], [79335.0, 11480.0], [79332.5, 3100.0], [79330.0, 3100.0], [79327.5, 1960.0], [79325.0, 6520.0], [79312.5, 10000.0], [79310.0, 11170.0], [79302.5, 20.0], [79272.5, 6350.0], [79267.5, 6460.0], [79257.5, 6530.0], [79247.5, 6600.0], [79240.0, 20.0], [79205.0, 3300.0], [79202.5, 3960.0], [79200.0, 13210.0]], "asks": [[79347.5, 6500.0], [79350.0, 1420.0], [79352.5, 4730.0], [79355.0, 7960.0], [79357.5, 20000.0], [79360.0, 6520.0], [79365.0, 18000.0], [79367.5, 50000.0], [79370.0, 11960.0], [79372.5, 57630.0], [79380.0, 1940.0], [79382.5, 6460.0], [79392.5, 6520.0], [79407.5, 1940.0], [79410.0, 6460.0], [79417.5, 1940.0], [79420.0, 6460.0], [79427.5, 1930.0], [79430.0, 6420.0], [79437.5, 2000.0]]}}}
{"jsonrpc": "2.0", "method": "subscription", "params": {"channel": "book.BTC-11APR25.none.20.100ms", "data": {"timestamp": 1743971473158, "change_id": 95866440494, "instrument_name": "BTC-11APR25", "bids": [[79295.0, 2020.0], [79282.5, 120.0], [79272.5, 10280.0], [79270.0, 35690.0], [79267.5, 4730.0], [79250.0, 8560.0], [79240.0, 8580.0], [79225.0, 3300.0], [79222.5, 2560.0], [79220.0, 8540.0], [79210.0, 8570.0], [79202.5, 2560.0], [79200.0, 8540.0], [79182.5, 3960.0], [79180.0, 15740.0], [79177.5, 8410.0], [79175.0, 15370.0], [79172.5, 51150.0], [79167.5, 8440.0], [79147.5, 8570.0]], "asks": [[79297.5, 2610.0], [79300.0, 3200.0], [79302.5, 2000.0], [79305.0, 6570.0], [79307.5, 6730.0], [79310.0, 9100.0], [79312.5, 2000.0], [79315.0, 3560.0], [79317.5, 12000.0], [79320.0, 120.0], [79322.5, 2000.0], [79325.0, 43800.0], [79327.5, 50000.0], [79330.0, 79320.0], [79340.0, 8440.0], [79355.0, 2590.0], [79357.5, 8630.0], [79365.0, 2610.0], [79367.5, 11480.0], [79387.5, 8390.0]]}}}
{"jsonrpc": "2.0", "method": "subscription", "params": {"channel": "book.BTC-18APR25.none.20.100ms", "data": {"timestamp": 1743971472978, "change_id": 95866440397, "instrument_name": "BTC-18APR25", "bids": [[79345.0, 10.0], [79342.5, 2880.0], [79340.0, 11460.0], [79337.5, 3100.0], [79335.0, 4960.0], [79332.5, 3100.0], [79330.0, 3100.0], [79327.5, 1960.0], [79325.0, 6520.0], [79315.0, 6350.0], [79312.5, 10000.0], [79310.0, 11170.0], [79302.5, 20.0], [79272.5, 6350.0], [79267.5, 6460.0], [79260.0, 1960.0], [79257.5, 6530.0], [79247.5, 6600.0], [79240.0, 20.0], [79205.0, 3300.0]], "asks": [[79347.5, 6500.0], [79350.0, 1420.0], [79352.5, 4730.0], [79355.0, 7960.0], [79357.5, 20000.0], [79360.0, 6520.0], [79365.0, 18000.0], [79367.5, 50000.0], [79370.0, 11960.0], [79372.5, 57630.0], [79380.0, 1940.0], [79382.5, 6460.0], [79390.0, 1960.0], [79392.5, 6520.0], [79407.5, 1940.0], [79410.0, 6460.0], [79417.5, 1940.0], [79420.0, 6460.0], [79427.5, 1930.0], [79430.0, 6420.0]]}}}
{"jsonrpc": "2.0", "method": "subscription", "params": {"channel": "book.BTC-11APR25.none.20.100ms", "data": {"timestamp": 1743971473409, "change_id": 95866440759, "instrument_name": "BTC-11APR25", "bids": [[79295.0, 2020.0], [79282.5, 120.0], [79272.5, 10280.0], [79270.0, 35690.0], [79267.5, 4730.0], [79250.0, 8560.0], [79240.0, 8580.0], [79225.0, 3300.0], [79222.5, 2560.0], [79220.0, 8540.0], [79210.0, 8570.0], [79202.5, 2560.0], [79200.0, 8540.0], [79182.5, 3960.0], [79180.0, 15740.0], [79177.5, 8410.0], [79175.0, 15370.0], [79172.5, 51150.0], [79167.5, 8440.0], [79147.5, 8570.0]], "asks": [[79297.5, 2610.0], [79300.0, 1200.0], [79302.5, 2000.0], [79305.0, 6570.0], [79307.5, 6730.0], [79310.0, 9630.0], [79312.5, 2000.0], [79315.0, 5560.0], [79317.5, 12000.0], [79320.0, 120.0], [79325.0, 43800.0], [79327.5, 50000.0], [79330.0, 79320.0], [79340.0, 8440.0], [79355.0, 2590.0], [79357.5, 8630.0], [79365.0, 2610.0], [79367.5, 11480.0], [79387.5, 8390.0], [79405.0, 8560.0]]}}}
{"jsonrpc": "2.0", "method": "subscription", "params": {"channel": "book.BTC-18APR25.none.20.100ms", "data": {"timestamp": 1743971473484, "change_id": 95866440889, "instrument_name": "BTC-18APR25", "bids": [[79345.0, 10.0], [79342.5, 2880.0], [79340.0, 11460.0], [79337.5, 3100.0], [79335.0, 4960.0], [79332.5, 3100.0], [79330.0, 3100.0], [79327.5, 1960.0], [79325.0, 6520.0], [79315.0, 6350.0], [79312.5, 10000.0], [79310.0, 11170.0], [79302.5, 20.0], [79272.5, 6350.0], [79267.5, 6460.0], [79260.0, 1960.0], [79257.5, 6530.0], [79247.5, 6600.0], [79240.0, 20.0], [79205.0, 3300.0]], "asks": [[79347.5, 9600.0], [79350.0, 1420.0], [79352.5, 4730.0], [79355.0, 7960.0], [79357.5, 20000.0], [79360.0, 6520.0], [79365.0, 18000.0], [79367.5, 50000.0], [79370.0, 11960.0], [79372.5, 57630.0], [79380.0, 1940.0], [79382.5, 6460.0], [79390.0, 1960.0], [79392.5, 6520.0], [79407.5, 1940.0], [79410.0, 6460.0], [79417.5, 1940.0], [79420.0, 6460.0], [79427.5, 1930.0], [79430.0, 6420.0]]}}}
{"jsonrpc": "2.0", "method": "subscription", "params": {"channel": "book.BTC-11APR25.none.20.100ms", "data": {"timestamp": 1743971473707, "change_id": 95866441519, "instrument_name": "BTC-11APR25", "bids": [[79295.0, 2020.0], [79282.5, 120.0], [79272.5, 10280.0], [79270.0, 35690.0], [79267.5, 4730.0], [79252.5, 2570.0], [79250.0, 8560.0], [79240.0, 8580.0], [79225.0, 3300.0], [79222.5, 2560.0], [79220.0, 8540.0], [79212.5, 2570.0], [79210.0, 8570.0], [79202.5, 2560.0], [79200.0, 8540.0], [79182.5, 3960.0], [79180.0, 15740.0], [79177.5, 8410.0], [79175.0, 15370.0], [79172.5, 51150.0]], "asks": [[79297.5, 2610.0], [79300.0, 1200.0], [79302.5, 2000.0], [79305.0, 6570.0], [79307.5, 6730.0], [79310.0, 9630.0], [79312.5, 2000.0], [79315.0, 5560.0], [79317.5, 12000.0], [79320.0, 120.0], [79325.0, 55820.0], [79327.5, 50000.0], [79330.0, 79320.0], [79340.0, 8440.0], [79355.0, 2590.0], [79357.5, 8630.0], [79365.0, 2610.0], [79367.5, 11480.0], [79405.0, 8560.0], [79415.0, 8390.0]]}}}
{"jsonrpc": "2.0", "method": "subscription", "params": {"channel": "book.BTC-18APR25.none.20.100ms", "data": {"timestamp": 1743971473786, "change_id": 95866441504, "instrument_name": "BTC-18APR25", "bids": [[79345.0, 10.0], [79342.5, 2880.0], [79340.0, 13220.0], [79337.5, 3100.0], [79335.0, 11590.0], [79332.5, 3100.0], [79330.0, 3100.0], [79327.5, 1960.0], [79325.0, 6520.0], [79315.0, 6350.0], [79312.5, 10000.0], [79310.0, 11170.0], [79302.5, 20.0], [79272.5, 6350.0], [79267.5, 6460.0], [79260.0, 1960.0], [79257.5, 6530.0], [79247.5, 6600.0], [79240.0, 20.0], [79205.0, 3300.0]], "asks": [[79347.5, 6500.0], [79350.0, 1420.0], [79352.5, 4730.0], [79355.0, 7960.0], [79357.5, 20000.0], [79360.0, 6520.0], [79365.0, 18000.0], [79367.5, 50000.0], [79370.0, 11960.0], [79372.5, 57630.0], [79380.0, 1940.0], [79382.5, 6460.0], [79390.0, 1960.0], [79392.5, 6520.0], [79407.5, 1940.0], [79410.0, 6460.0], [79417.5, 1940.0], [79420.0, 6460.0], [79427.5, 1930.0], [79430.0, 6420.0]]}}}
{"jsonrpc": "2.0", "method": "subscription", "params": {"channel": "book.BTC-18APR25.none.20.100ms", "data": {"timestamp": 1743971474244, "change_id": 95866441609, "instrument_name": "BTC-18APR25", "bids": [[79345.0, 10.0], [79342.5, 2880.0], [79340.0, 11460.0], [79337.5, 3100.0], [79335.0, 4960.0], [79332.5, 3100.0], [79330.0, 3100.0], [79327.5, 1960.0], [79325.0, 6520.0], [79315.0, 6350.0], [79312.5, 10000.0], [79310.0, 11170.0], [79302.5, 20.0], [79272.5, 6350.0], [79270.0, 1940.0], [79267.5, 6460.0], [79260.0, 1960.0], [79257.5, 6530.0], [79247.5, 6600.0], [79240.0, 20.0]], "asks": [[79347.5, 6500.0], [79350.0, 1420.0], [79352.5, 4730.0], [79355.0, 7960.0], [79357.5, 20000.0], [79360.0, 16520.0], [79365.0, 18000.0], [79367.5, 50000.0], [79370.0, 17040.0], [79372.5, 57630.0], [79380.0, 1940.0], [79382.5, 6460.0], [79390.0, 1960.0], [79392.5, 6520.0], [79407.5, 1940.0], [79410.0, 6460.0], [79417.5, 1940.0], [79420.0, 6460.0], [79427.5, 1930.0], [79430.0, 6420.0]]}}}
{"jsonrpc": "2.0", "method": "subscription", "params": {"channel": "book.BTC-11APR25.none.20.100ms", "data": {"timestamp": 1743971474524, "change_id": 95866442490, "instrument_name": "BTC-11APR25", "bids": [[79310.0, 2020.0], [79307.5, 600.0], [79305.0, 2600.0], [79302.5, 2000.0], [79285.0, 3040.0], [79282.5, 10120.0], [79280.0, 24270.0], [79277.5, 4730.0], [79260.0, 8440.0], [79252.5, 2570.0], [79250.0, 8560.0], [79240.0, 8580.0], [79225.0, 3300.0], [79222.5, 2560.0], [79220.0, 8540.0], [79212.5, 2570.0], [79210.0, 8570.0], [79202.5, 2560.0], [79200.0, 8540.0], [79182.5, 3960.0]], "asks": [[79312.5, 2000.0], [79315.0, 2000.0], [79317.5, 2000.0], [79320.0, 4850.0], [79325.0, 41820.0], [79327.5, 70000.0], [79330.0, 89320.0], [79347.5, 8440.0], [79355.0, 2590.0], [79357.5, 8630.0], [79365.0, 2610.0], [79367.5, 8630.0], [79402.5, 2850.0], [79405.0, 8560.0], [79415.0, 8390.0], [79425.0, 8550.0], [79430.0, 10260.0], [79432.5, 25490.0], [79435.0, 8630.0], [79445.0, 8390.0]]}}}
{"jsonrpc": "2.0", "method": "subscription", "params": {"channel": "book.BTC-18APR25.none.20.100ms", "data": {"timestamp": 1743971474584, "change_id": 95866442465, "instrument_name": "BTC-18APR25", "bids": [[79355.0, 7000.0], [79352.5, 10530.0], [79350.0, 3100.0], [79347.5, 5090.0], [79345.0, 6640.0], [79340.0, 1760.0], [79337.5, 3100.0], [79335.0, 7560.0], [79330.0, 3100.0], [79327.5, 1960.0], [79325.0, 16520.0], [79322.5, 1420.0], [79320.0, 4730.0], [79310.0, 6440.0], [79302.5, 20.0], [79275.0, 6350.0], [79270.0, 1940.0], [79267.5, 6460.0], [79247.5, 6600.0], [79240.0, 20.0]], "asks": [[79357.5, 2600.0], [79362.5, 20000.0], [79365.0, 22730.0], [79367.5, 50000.0], [79370.0, 17040.0], [79372.5, 67630.0], [79380.0, 1940.0], [79382.5, 6460.0], [79390.0, 1960.0], [79392.5, 6520.0], [79407.5, 1940.0], [79410.0, 6460.0], [79417.5, 1940.0], [79420.0, 6460.0], [79427.5, 1930.0], [79430.0, 6420.0], [79437.5, 2000.0], [79440.0, 6660.0], [79447.5, 6270.0], [79450.0, 6630.0]]}}}
{"jsonrpc": "2.0", "method": "subscription", "params": {"channel": "book.BTC-11APR25.none.20.100ms", "data": {"timestamp": 1743971474937, "change_id": 95866443798, "instrument_name": "BTC-11APR25", "bids": [[79312.5, 2020.0], [79310.0, 2000.0], [79305.0, 2000.0], [79295.0, 4730.0], [79292.5, 10120.0], [79287.5, 24270.0], [79260.0, 8440.0], [79250.0, 8560.0], [79240.0, 8580.0], [79225.0, 3300.0], [79220.0, 8540.0], [79210.0, 8570.0], [79200.0, 8540.0], [79180.0, 13210.0], [79177.5, 8410.0], [79175.0, 20.0], [79172.5, 51150.0], [79147.5, 8570.0], [79120.0, 52840.0], [79117.5, 8480.0]], "asks": [[79315.0, 2000.0], [79317.5, 2000.0], [79335.0, 4850.0], [79340.0, 10000.0], [79355.0, 20000.0], [79357.5, 8630.0], [79365.0, 50020.0], [79367.5, 8630.0], [79400.0, 2850.0], [79405.0, 8560.0], [79415.0, 8390.0], [79425.0, 8550.0], [79430.0, 20.0], [79432.5, 25490.0], [79435.0, 8630.0], [79445.0, 8390.0], [79465.0, 33560.0], [79482.5, 8660.0], [79490.0, 25340.0], [79492.5, 8680.0]]}}}
{"jsonrpc": "2.0", "method": "subscription", "params": {"channel": "book.BTC-18APR25.none.20.100ms", "data": {"timestamp": 1743971474937, "change_id": 95866443796, "instrument_name": "BTC-18APR25", "bids": [[79357.5, 6500.0], [79355.0, 2360.0], [79352.5, 3100.0], [79350.0, 3100.0], [79347.5, 5090.0], [79345.0, 6640.0], [79340.0, 4000.0], [79337.5, 7830.0], [79335.0, 16630.0], [79330.0, 3100.0], [79325.0, 6520.0], [79310.0, 6440.0], [79302.5, 20.0], [79270.0, 1940.0], [79267.5, 6460.0], [79247.5, 6600.0], [79240.0, 20.0], [79205.0, 3300.0], [79200.0, 13210.0], [79197.5, 6530.0]], "asks": [[79370.0, 5500.0], [79372.5, 6630.0], [79375.0, 20000.0], [79377.5, 1420.0], [79380.0, 9430.0], [79382.5, 6460.0], [79385.0, 10000.0], [79392.5, 6520.0], [79407.5, 50000.0], [79410.0, 6460.0], [79420.0, 6460.0], [79430.0, 6420.0], [79440.0, 6660.0], [79450.0, 6630.0], [79457.5, 1940.0], [79460.0, 6460.0], [79462.5, 6270.0], [79467.5, 1960.0], [79470.0, 6520.0], [79485.0, 1970.0]]}}}
{"jsonrpc": "2.0", "method": "subscription", "params": {"channel": "book.BTC-11APR25.none.20.100ms", "data": {"timestamp": 1743971475141, "change_id": 95866443977, "instrument_name": "BTC-11APR25", "bids": [[79312.5, 2020.0], [79310.0, 4500.0], [79307.5, 600.0], [79305.0, 2000.0], [79297.5, 1420.0], [79295.0, 4730.0], [79292.5, 10120.0], [79287.5, 24270.0], [79260.0, 8440.0], [79250.0, 8560.0], [79240.0, 8580.0], [79225.0, 3300.0], [79220.0, 8540.0], [79210.0, 8570.0], [79200.0, 8540.0], [79180.0, 13210.0], [79177.5, 8410.0], [79175.0, 20.0], [79172.5, 51150.0], [79147.5, 8570.0]], "asks": [[79315.0, 2000.0], [79317.5, 2000.0], [79332.5, 1460.0], [79335.0, 4850.0], [79340.0, 10000.0], [79355.0, 20000.0], [79357.5, 8630.0], [79365.0, 50020.0], [79367.5, 8630.0], [79400.0, 2850.0], [79405.0, 8560.0], [79415.0, 8390.0], [79425.0, 8550.0], [79430.0, 20.0], [79432.5, 25490.0], [79435.0, 8630.0], [79445.0, 8390.0], [79465.0, 33560.0], [79482.5, 8660.0], [79490.0, 25340.0]]}}}
{"jsonrpc": "2.0", "method": "subscription", "params": {"channel": "book.BTC-18APR25.none.20.100ms", "data": {"timestamp": 1743971474974, "change_id": 95866443857, "instrument_name": "BTC-18APR25", "bids": [[79360.0, 6500.0], [79355.0, 2360.0], [79352.5, 3100.0], [79350.0, 3100.0], [79347.5, 5090.0], [79345.0, 6640.0], [79340.0, 4000.0], [79337.5, 7830.0], [79335.0, 16630.0], [79330.0, 3100.0], [79325.0, 6520.0], [79310.0, 6440.0], [79302.5, 20.0], [79270.0, 1940.0], [79267.5, 6460.0], [79247.5, 6600.0], [79240.0, 20.0], [79205.0, 3300.0], [79200.0, 13210.0], [79197.5, 6530.0]], "asks": [[79365.0, 7430.0], [79367.5, 3100.0], [79370.0, 5500.0], [79375.0, 20000.0], [79377.5, 16240.0], [79380.0, 59430.0], [79382.5, 6460.0], [79385.0, 10000.0], [79392.5, 6520.0], [79410.0, 6460.0], [79420.0, 6460.0], [79430.0, 6420.0], [79440.0, 6660.0], [79450.0, 6630.0], [79457.5, 1940.0], [79460.0, 6460.0], [79462.5, 6270.0], [79467.5, 1960.0], [79470.0, 6520.0], [79485.0, 1970.0]]}}}
{"jsonrpc": "2.0", "method": "subscription", "params": {"channel": "book.BTC-11APR25.none.20.100ms", "data": {"timestamp": 1743971475547, "change_id": 95866444567, "instrument_name": "BTC-11APR25", "bids": [[79312.5, 4520.0], [79310.0, 2000.0], [79297.5, 8520.0], [79295.0, 32040.0], [79292.5, 10120.0], [79285.0, 2530.0], [79282.5, 8440.0], [79275.0, 2530.0], [79272.5, 8440.0], [79262.5, 2530.0], [79260.0, 8440.0], [79252.5, 2570.0], [79250.0, 8560.0], [79242.5, 2570.0], [79240.0, 8580.0], [79227.5, 990.0], [79225.0, 3300.0], [79222.5, 2560.0], [79220.0, 8540.0], [79212.5, 2570.0]], "asks": [[79332.5, 1460.0], [79335.0, 4850.0], [79337.5, 3000.0], [79340.0, 10000.0], [79352.5, 6000.0], [79355.0, 22590.0], [79357.5, 8630.0], [79362.5, 15010.0], [79365.0, 52610.0], [79367.5, 8630.0], [79395.0, 860.0], [79397.5, 2850.0], [79402.5, 2570.0], [79405.0, 8560.0], [79412.5, 2520.0], [79415.0, 8390.0], [79422.5, 2570.0], [79425.0, 8550.0], [79430.0, 10260.0], [79432.5, 25490.0]]}}}
{"jsonrpc": "2.0", "method": "subscription", "params": {"channel": "book.BTC-18APR25.none.20.100ms", "data": {"timestamp": 1743971475601, "change_id": 95866444611, "instrument_name": "BTC-18APR25", "bids": [[79362.5, 9610.0], [79360.0, 6500.0], [79355.0, 2360.0], [79352.5, 3100.0], [79350.0, 3100.0], [79347.5, 5090.0], [79345.0, 6630.0], [79340.0, 4000.0], [79337.5, 7830.0], [79335.0, 16630.0], [79325.0, 6520.0], [79310.0, 6440.0], [79302.5, 20.0], [79270.0, 1940.0], [79267.5, 6460.0], [79250.0, 1980.0], [79247.5, 6600.0], [79240.0, 20.0], [79205.0, 3300.0], [79202.5, 3960.0]], "asks": [[79365.0, 6510.0], [79367.5, 3100.0], [79370.0, 5500.0], [79375.0, 20000.0], [79377.5, 16240.0], [79380.0, 59430.0], [79382.5, 6460.0], [79385.0, 10000.0], [79390.0, 1960.0], [79392.5, 6520.0], [79410.0, 6460.0], [79420.0, 6460.0], [79430.0, 6420.0], [79437.5, 2000.0], [79440.0, 6660.0], [79450.0, 6630.0], [79457.5, 1940.0], [79460.0, 6460.0], [79462.5, 6270.0], [79467.5, 1960.0]]}}}
{"jsonrpc": "2.0", "method": "subscription", "params": {"channel": "book.BTC-11APR25.none.20.100ms", "data": {"timestamp": 1743971475885, "change_id": 95866445211, "instrument_name": "BTC-11APR25", "bids": [[79315.0, 2000.0], [79312.5, 2000.0], [79310.0, 2000.0], [79297.5, 8520.0], [79295.0, 32040.0], [79292.5, 10120.0], [79275.0, 2530.0], [79272.5, 8440.0], [79262.5, 2530.0], [79260.0, 8440.0], [79252.5, 2570.0], [79250.0, 8560.0], [79242.5, 2570.0], [79240.0, 8580.0], [79227.5, 990.0], [79225.0, 3300.0], [79222.5, 2560.0], [79220.0, 8540.0], [79212.5, 2570.0], [79210.0, 8570.0]], "asks": [[79317.5, 2020.0], [79320.0, 3200.0], [79322.5, 2000.0], [79325.0, 8600.0], [79327.5, 20000.0], [79330.0, 20500.0], [79332.5, 58500.0], [79335.0, 4850.0], [79337.5, 3000.0], [79340.0, 10000.0], [79355.0, 2590.0], [79357.5, 8630.0], [79365.0, 2610.0], [79367.5, 8630.0], [79395.0, 860.0], [79397.5, 2850.0], [79402.5, 2570.0], [79405.0, 8560.0], [79412.5, 2520.0], [79415.0, 8390.0]]}}}
{"jsonrpc": "2.0", "method": "subscription", "params": {"channel": "book.BTC-18APR25.none.20.100ms", "data": {"timestamp": 1743971475891, "change_id": 95866445216, "instrument_name": "BTC-18APR25", "bids": [[79362.5, 3100.0], [79355.0, 2360.0], [79352.5, 3100.0], [79350.0, 3100.0], [79347.5, 5090.0], [79345.0, 6630.0], [79340.0, 4000.0], [79337.5, 7830.0], [79335.0, 16630.0], [79325.0, 6520.0], [79310.0, 6440.0], [79302.5, 20.0], [79270.0, 1940.0], [79267.5, 6460.0], [79250.0, 1980.0], [79247.5, 6600.0], [79240.0, 20.0], [79205.0, 3300.0], [79202.5, 3960.0], [79200.0, 13210.0]], "asks": [[79365.0, 6510.0], [79367.5, 3100.0], [79370.0, 5500.0], [79375.0, 20000.0], [79377.5, 16240.0], [79380.0, 59430.0], [79382.5, 6460.0], [79385.0, 10000.0], [79390.0, 1960.0], [79392.5, 6520.0], [79410.0, 6460.0], [79420.0, 6460.0], [79430.0, 6420.0], [79437.5, 2000.0], [79440.0, 6660.0], [79450.0, 6630.0], [79457.5, 1940.0], [79460.0, 6460.0], [79462.5, 6270.0], [79467.5, 1960.0]]}}}
{"jsonrpc": "2.0", "method": "subscription", "params": {"channel": "book.BTC-11APR25.none.20.100ms", "data": {"timestamp": 1743971476107, "change_id": 95866445659, "instrument_name": "BTC-11APR25", "bids": [[79312.5, 100.0], [79295.0, 3040.0], [79292.5, 10120.0], [79287.5, 1420.0], [79285.0, 4730.0], [79280.0, 7280.0], [79277.5, 24270.0], [79275.0, 2530.0], [79272.5, 8440.0], [79262.5, 2530.0], [79260.0, 8440.0], [79252.5, 2570.0], [79250.0, 8560.0], [79242.5, 2570.0], [79240.0, 8580.0], [79227.5, 990.0], [79225.0, 3300.0], [79222.5, 2560.0], [79220.0, 8540.0], [79212.5, 2570.0]], "asks": [[79315.0, 20.0], [79317.5, 2000.0], [79320.0, 4470.0], [79322.5, 2000.0], [79325.0, 13330.0], [79327.5, 20000.0], [79330.0, 20500.0], [79332.5, 58500.0], [79335.0, 120.0], [79337.5, 3000.0], [79340.0, 10000.0], [79355.0, 2590.0], [79357.5, 8630.0], [79365.0, 2610.0], [79367.5, 8630.0], [79395.0, 860.0], [79397.5, 2850.0], [79402.5, 2570.0], [79405.0, 8560.0], [79412.5, 2520.0]]}}}
{"jsonrpc": "2.0", "method": "subscription", "params": {"channel": "book.BTC-18APR25.none.20.100ms", "data": {"timestamp": 1743971476118, "change_id": 95866445544, "instrument_name": "BTC-18APR25", "bids": [[79362.5, 3100.0], [79355.0, 500.0], [79352.5, 3100.0], [79350.0, 3100.0], [79347.5, 5090.0], [79345.0, 6630.0], [79340.0, 6840.0], [79337.5, 3100.0], [79335.0, 16630.0], [79327.5, 4730.0], [79325.0, 6520.0], [79310.0, 6440.0], [79302.5, 20.0], [79270.0, 1940.0], [79267.5, 6460.0], [79250.0, 1980.0], [79247.5, 6600.0], [79240.0, 20.0], [79205.0, 3300.0], [79202.5, 3960.0]], "asks": [[79365.0, 6510.0], [79367.5, 3100.0], [79370.0, 10230.0], [79375.0, 20000.0], [79377.5, 16240.0], [79380.0, 54700.0], [79382.5, 6460.0], [79385.0, 10000.0], [79390.0, 1960.0], [79392.5, 6520.0], [79410.0, 6460.0], [79420.0, 6460.0], [79430.0, 6420.0], [79437.5, 2000.0], [79440.0, 6660.0], [79450.0, 6630.0], [79457.5, 1940.0], [79460.0, 6460.0], [79462.5, 6270.0], [79467.5, 1960.0]]}}}
{"jsonrpc": "2.0", "method": "subscription", "params": {"channel": "book.BTC-11APR25.none.20.100ms", "data": {"timestamp": 1743971476587, "change_id": 95866446293, "instrument_name": "BTC-11APR25", "bids": [[79315.0, 2020.0], [79300.0, 600.0], [79297.5, 2000.0], [79295.0, 3040.0], [79292.5, 10120.0], [79287.5, 1420.0], [79285.0, 4730.0], [79280.0, 7280.0], [79277.5, 24270.0], [79275.0, 2530.0], [79272.5, 8440.0], [79262.5, 2530.0], [79260.0, 8440.0], [79252.5, 2570.0], [79250.0, 8560.0], [79242.5, 2570.0], [79240.0, 8580.0], [79227.5, 990.0], [79225.0, 3300.0], [79222.5, 2560.0]], "asks": [[79317.5, 2000.0], [79320.0, 2000.0], [79322.5, 2000.0], [79325.0, 13330.0], [79327.5, 20000.0], [79330.0, 20500.0], [79332.5, 58500.0], [79335.0, 120.0], [79337.5, 3000.0], [79340.0, 10000.0], [79355.0, 2590.0], [79357.5, 8630.0], [79365.0, 2610.0], [79367.5, 8630.0], [79395.0, 860.0], [79397.5, 2850.0], [79402.5, 2570.0], [79405.0, 8560.0], [79412.5, 2520.0], [79415.0, 8390.0]]}}}
{"jsonrpc": "2.0", "method": "subscription", "params": {"channel": "book.BTC-18APR25.none.20.100ms", "data": {"timestamp": 1743971476568, "change_id": 95866446280, "instrument_name": "BTC-18APR25", "bids": [[79362.5, 9610.0], [79355.0, 930.0], [79350.0, 3100.0], [79347.5, 5090.0], [79345.0, 6630.0], [79340.0, 6840.0], [79337.5, 3100.0], [79335.0, 16630.0], [79330.0, 3380.0], [79327.5, 4730.0], [79325.0, 6520.0], [79312.5, 6350.0], [79310.0, 6440.0], [79302.5, 20.0], [79270.0, 1940.0], [79267.5, 6460.0], [79250.0, 1980.0], [79247.5, 6600.0], [79240.0, 20.0], [79207.5, 990.0]], "asks": [[79365.0, 6510.0], [79370.0, 10230.0], [79375.0, 20000.0], [79377.5, 16240.0], [79380.0, 54700.0], [79382.5, 6460.0], [79385.0, 10000.0], [79390.0, 1960.0], [79392.5, 6520.0], [79407.5, 1940.0], [79410.0, 6460.0], [79420.0, 6460.0], [79430.0, 6420.0], [79437.5, 2000.0], [79440.0, 6660.0], [79447.5, 1990.0], [79450.0, 6630.0], [79457.5, 1940.0], [79460.0, 6460.0], [79462.5, 6270.0]]}}}
{"jsonrpc": "2.0", "method": "subscription", "params": {"channel": "book.BTC-11APR25.none.20.100ms", "data": {"timestamp": 1743971476834, "change_id": 95866447637, "instrument_name": "BTC-11APR25", "bids": [[79327.5, 20.0], [79322.5, 2000.0], [79305.0, 120.0], [79302.5, 7280.0], [79300.0, 24870.0], [79297.5, 2000.0], [79295.0, 5300.0], [79292.5, 10000.0], [79290.0, 8440.0], [79287.5, 1420.0], [79285.0, 4730.0], [79272.5, 8440.0], [79262.5, 2530.0], [79260.0, 8440.0], [79252.5, 2570.0], [79250.0, 8560.0], [79240.0, 8580.0], [79227.5, 990.0], [79225.0, 3300.0], [79222.5, 2560.0]], "asks": [[79330.0, 2000.0], [79337.5, 50000.0], [79340.0, 20000.0], [79350.0, 120.0], [79352.5, 3000.0], [79355.0, 10000.0], [79365.0, 2610.0], [79367.5, 8630.0], [79395.0, 860.0], [79397.5, 2850.0], [79402.5, 2570.0], [79405.0, 8560.0], [79412.5, 2520.0], [79415.0, 8390.0], [79422.5, 2570.0], [79425.0, 8550.0], [79430.0, 2610.0], [79435.0, 8630.0], [79442.5, 2520.0], [79445.0, 8390.0]]}}}
{"jsonrpc": "2.0", "method": "subscription", "params": {"channel": "book.BTC-18APR25.none.20.100ms", "data": {"timestamp": 1743971476915, "change_id": 95866447667, "instrument_name": "BTC-18APR25", "bids": [[79377.5, 10.0], [79375.0, 8450.0], [79372.5, 6500.0], [79367.5, 3020.0], [79365.0, 10660.0], [79362.5, 3100.0], [79355.0, 7560.0], [79350.0, 3100.0], [79347.5, 5090.0], [79345.0, 6630.0], [79340.0, 4000.0], [79337.5, 3100.0], [79335.0, 16630.0], [79330.0, 3380.0], [79327.5, 4730.0], [79325.0, 6520.0], [79315.0, 3840.0], [79312.5, 6350.0], [79310.0, 6440.0], [79302.5, 20.0]], "asks": [[79380.0, 11240.0], [79385.0, 20000.0], [79387.5, 15000.0], [79390.0, 51960.0], [79392.5, 6520.0], [79397.5, 10000.0], [79407.5, 1940.0], [79410.0, 6460.0], [79417.5, 1940.0], [79420.0, 6460.0], [79427.5, 1930.0], [79430.0, 6420.0], [79437.5, 2000.0], [79440.0, 6660.0], [79447.5, 1990.0], [79450.0, 6630.0], [79460.0, 6460.0], [79462.5, 6270.0], [79467.5, 1960.0], [79470.0, 6520.0]]}}}
{"jsonrpc": "2.0", "method": "subscription", "params": {"channel": "book.BTC-11APR25.none.20.100ms", "data": {"timestamp": 1743971477217, "change_id": 95866448506, "instrument_name": "BTC-11APR25", "bids": [[79332.5, 770.0], [79330.0, 2500.0], [79327.5, 20.0], [79325.0, 600.0], [79322.5, 2000.0], [79315.0, 3000.0], [79312.5, 10000.0], [79310.0, 8550.0], [79307.5, 29000.0], [79305.0, 120.0], [79300.0, 600.0], [79297.5, 2000.0], [79295.0, 2150.0], [79290.0, 8440.0], [79275.0, 2530.0], [79272.5, 8440.0], [79262.5, 2530.0], [79260.0, 8440.0], [79252.5, 2570.0], [79250.0, 8560.0]], "asks": [[79347.5, 12770.0], [79350.0, 20120.0], [79352.5, 3000.0], [79355.0, 25000.0], [79357.5, 50000.0], [79365.0, 20.0], [79377.5, 2530.0], [79380.0, 8440.0], [79397.5, 860.0], [79400.0, 2850.0], [79402.5, 2570.0], [79405.0, 8560.0], [79412.5, 2520.0], [79415.0, 8390.0], [79422.5, 2570.0], [79425.0, 8550.0], [79430.0, 2610.0], [79435.0, 8630.0], [79442.5, 2520.0], [79445.0, 8390.0]]}}}
{"jsonrpc": "2.0", "method": "subscription", "params": {"channel": "book.BTC-18APR25.none.20.100ms", "data": {"timestamp": 1743971477153, "change_id": 95866448512, "instrument_name": "BTC-18APR25", "bids": [[79380.0, 6510.0], [79375.0, 6500.0], [79367.5, 500.0], [79365.0, 9730.0], [79362.5, 3100.0], [79355.0, 16630.0], [79350.0, 7830.0], [79347.5, 3100.0], [79345.0, 6630.0], [79340.0, 6350.0], [79337.5, 3100.0], [79335.0, 6630.0], [79325.0, 6520.0], [79310.0, 6440.0], [79302.5, 20.0], [79267.5, 6460.0], [79247.5, 6600.0], [79240.0, 20.0], [79205.0, 3300.0], [79200.0, 13210.0]], "asks": [[79385.0, 6500.0], [79392.5, 24730.0], [79395.0, 6630.0], [79397.5, 10000.0], [79410.0, 6460.0], [79417.5, 50000.0], [79420.0, 6460.0], [79430.0, 6420.0], [79440.0, 6660.0], [79450.0, 6630.0], [79460.0, 6460.0], [79470.0, 6520.0], [79477.5, 6270.0], [79487.5, 6580.0], [79492.5, 20.0], [79517.5, 6460.0], [79525.0, 6380.0], [79527.5, 6460.0], [79540.0, 19180.0], [79547.5, 6520.0]]}}}
{"jsonrpc": "2.0", "method": "subscription", "params": {"channel": "book.BTC-11APR25.none.20.100ms", "data": {"timestamp": 1743971477580, "change_id": 95866449186, "instrument_name": "BTC-11APR25", "bids": [[79332.5, 770.0], [79330.0, 2500.0], [79327.5, 20.0], [79315.0, 10030.0], [79312.5, 34270.0], [79310.0, 1460.0], [79307.5, 4730.0], [79305.0, 2530.0], [79302.5, 8440.0], [79295.0, 2150.0], [79290.0, 8440.0], [79275.0, 2530.0], [79272.5, 8440.0], [79262.5, 2530.0], [79260.0, 8440.0], [79252.5, 2570.0], [79250.0, 8560.0], [79242.5, 2570.0], [79240.0, 8580.0], [79227.5, 990.0]], "asks": [[79342.5, 2600.0], [79345.0, 2000.0], [79347.5, 12770.0], [79350.0, 20120.0], [79352.5, 3000.0], [79355.0, 25000.0], [79357.5, 50000.0], [79365.0, 20.0], [79377.5, 2530.0], [79380.0, 8440.0], [79402.5, 2570.0], [79405.0, 8560.0], [79407.5, 860.0], [79410.0, 2850.0], [79412.5, 2520.0], [79415.0, 8390.0], [79422.5, 2570.0], [79425.0, 8550.0], [79430.0, 2610.0], [79435.0, 8630.0]]}}}
{"jsonrpc": "2.0", "method": "subscription", "params": {"channel": "book.BTC-18APR25.none.20.100ms", "data": {"timestamp": 1743971477581, "change_id": 95866449191, "instrument_name": "BTC-18APR25", "bids": [[79382.5, 11560.0], [79380.0, 6510.0], [79367.5, 2490.0], [79365.0, 6630.0], [79357.5, 4990.0], [79355.0, 16630.0], [79350.0, 7650.0], [79347.5, 3100.0], [79345.0, 6630.0], [79340.0, 6350.0], [79335.0, 6630.0], [79325.0, 6520.0], [79310.0, 6440.0], [79302.5, 20.0], [79267.5, 6460.0], [79250.0, 1980.0], [79247.5, 6600.0], [79240.0, 20.0], [79205.0, 3300.0], [79200.0, 13210.0]], "asks": [[79387.5, 6500.0], [79390.0, 9410.0], [79392.5, 24730.0], [79395.0, 3000.0], [79397.5, 10000.0], [79410.0, 6460.0], [79415.0, 16940.0], [79417.5, 50000.0], [79420.0, 6460.0], [79430.0, 6420.0], [79440.0, 6660.0], [79450.0, 6630.0], [79460.0, 6460.0], [79470.0, 6520.0], [79477.5, 6270.0], [79487.5, 6580.0], [79492.5, 20.0], [79517.5, 6460.0], [79525.0, 6380.0], [79527.5, 6460.0]]}}}
{"jsonrpc": "2.0", "method": "subscription", "params": {"channel": "book.BTC-11APR25.none.20.100ms", "data": {"timestamp": 1743971477885, "change_id": 95866449935, "instrument_name": "BTC-11APR25", "bids": [[79335.0, 2000.0], [79332.5, 20.0], [79327.5, 20.0], [79317.5, 7320.0], [79315.0, 27390.0], [79312.5, 10000.0], [79310.0, 1460.0], [79307.5, 4730.0], [79295.0, 2150.0], [79290.0, 8440.0], [79275.0, 2530.0], [79272.5, 8440.0], [79262.5, 2530.0], [79260.0, 8440.0], [79252.5, 2570.0], [79250.0, 8560.0], [79242.5, 2570.0], [79240.0, 8580.0], [79227.5, 990.0], [79225.0, 3300.0]], "asks": [[79342.5, 2000.0], [79345.0, 10060.0], [79347.5, 6730.0], [79350.0, 20120.0], [79352.5, 3000.0], [79355.0, 25000.0], [79357.5, 50000.0], [79365.0, 20.0], [79377.5, 2530.0], [79380.0, 8440.0], [79402.5, 2570.0], [79405.0, 8560.0], [79407.5, 860.0], [79410.0, 2850.0], [79412.5, 2520.0], [79415.0, 8390.0], [79422.5, 2570.0], [79425.0, 8550.0], [79430.0, 2610.0], [79435.0, 8630.0]]}}}
{"jsonrpc": "2.0", "method": "subscription", "params": {"channel": "book.BTC-18APR25.none.20.100ms", "data": {"timestamp": 1743971477888, "change_id": 95866449943, "instrument_name": "BTC-18APR25", "bids": [[79385.0, 9600.0], [79382.5, 3100.0], [79380.0, 10.0], [79377.5, 1990.0], [79375.0, 6630.0], [79367.5, 2490.0], [79365.0, 6630.0], [79357.5, 4990.0], [79355.0, 16630.0], [79352.5, 1420.0], [79350.0, 7650.0], [79347.5, 3100.0], [79345.0, 6630.0], [79342.5, 1910.0], [79340.0, 6350.0], [79337.5, 1990.0], [79335.0, 6630.0], [79327.5, 1960.0], [79325.0, 6520.0], [79312.5, 1930.0]], "asks": [[79387.5, 26500.0], [79390.0, 27740.0], [79392.5, 54730.0], [79395.0, 4610.0], [79397.5, 10000.0], [79400.0, 6630.0], [79407.5, 1940.0], [79410.0, 6460.0], [79417.5, 1940.0], [79420.0, 6460.0], [79427.5, 1930.0], [79430.0, 6420.0], [79437.5, 2000.0], [79440.0, 6660.0], [79447.5, 1990.0], [79450.0, 6630.0], [79457.5, 1940.0], [79460.0, 6460.0], [79467.5, 1960.0], [79470.0, 6520.0]]}}}
{"jsonrpc": "2.0", "method": "subscription", "params": {"channel": "book.BTC-11APR25.none.20.100ms", "data": {"timestamp": 1743971478236, "change_id": 95866450397, "instrument_name": "BTC-11APR25", "bids": [[79332.5, 2520.0], [79327.5, 20.0], [79317.5, 7320.0], [79315.0, 27390.0], [79312.5, 10000.0], [79310.0, 1460.0], [79307.5, 4730.0], [79295.0, 2150.0], [79290.0, 8440.0], [79275.0, 2530.0], [79272.5, 8440.0], [79262.5, 2530.0], [79260.0, 8440.0], [79252.5, 2570.0], [79250.0, 8560.0], [79242.5, 2570.0], [79240.0, 8580.0], [79227.5, 990.0], [79225.0, 3300.0], [79222.5, 2560.0]], "asks": [[79340.0, 3200.0], [79342.5, 2000.0], [79345.0, 10060.0], [79347.5, 6730.0], [79350.0, 20000.0], [79352.5, 3000.0], [79355.0, 25000.0], [79357.5, 50000.0], [79362.5, 120.0], [79365.0, 20.0], [79367.5, 2530.0], [79370.0, 8440.0], [79377.5, 2530.0], [79380.0, 8440.0], [79402.5, 2570.0], [79405.0, 8560.0], [79407.5, 860.0], [79410.0, 2850.0], [79412.5, 2520.0], [79415.0, 8390.0]]}}}
{"jsonrpc": "2.0", "method": "subscription", "params": {"channel": "book.BTC-18APR25.none.20.100ms", "data": {"timestamp": 1743971478243, "change_id": 95866450408, "instrument_name": "BTC-18APR25", "bids": [[79380.0, 6510.0], [79367.5, 2490.0], [79365.0, 6630.0], [79357.5, 4990.0], [79355.0, 16630.0], [79352.5, 1420.0], [79350.0, 7650.0], [79347.5, 3100.0], [79345.0, 6630.0], [79342.5, 1910.0], [79340.0, 6350.0], [79337.5, 1990.0], [79335.0, 6630.0], [79327.5, 1960.0], [79325.0, 6520.0], [79312.5, 1930.0], [79310.0, 6440.0], [79302.5, 20.0], [79270.0, 1940.0], [79267.5, 6460.0]], "asks": [[79382.5, 3100.0], [79385.0, 9900.0], [79387.5, 26500.0], [79390.0, 21240.0], [79392.5, 54730.0], [79395.0, 1610.0], [79400.0, 6630.0], [79407.5, 4700.0], [79410.0, 16460.0], [79417.5, 1940.0], [79420.0, 6460.0], [79427.5, 1930.0], [79430.0, 6420.0], [79437.5, 2000.0], [79440.0, 6660.0], [79447.5, 1990.0], [79450.0, 6630.0], [79457.5, 1940.0], [79460.0, 6460.0], [79467.5, 1960.0]]}}}
{"jsonrpc": "2.0", "method": "subscription", "params": {"channel": "book.BTC-11APR25.none.20.100ms", "data": {"timestamp": 1743971478522, "change_id": 95866450880, "instrument_name": "BTC-11APR25", "bids": [[79332.5, 4520.0], [79327.5, 20.0], [79317.5, 7320.0], [79315.0, 27390.0], [79312.5, 10000.0], [79310.0, 1460.0], [79307.5, 4730.0], [79295.0, 2150.0], [79290.0, 8440.0], [79275.0, 2530.0], [79272.5, 8440.0], [79262.5, 2530.0], [79260.0, 8440.0], [79252.5, 2570.0], [79250.0, 8560.0], [79242.5, 2570.0], [79240.0, 8580.0], [79227.5, 990.0], [79225.0, 3300.0], [79222.5, 2560.0]], "asks": [[79340.0, 3200.0], [79342.5, 2000.0], [79345.0, 10060.0], [79347.5, 6730.0], [79350.0, 20000.0], [79352.5, 3000.0], [79355.0, 25000.0], [79357.5, 50000.0], [79362.5, 120.0], [79365.0, 20.0], [79367.5, 2530.0], [79370.0, 8440.0], [79377.5, 2530.0], [79380.0, 8440.0], [79402.5, 2570.0], [79405.0, 8560.0], [79407.5, 860.0], [79410.0, 2850.0], [79412.5, 2520.0], [79415.0, 8390.0]]}}}
{"jsonrpc": "2.0", "method": "subscription", "params": {"channel": "book.BTC-18APR25.none.20.100ms", "data": {"timestamp": 1743971478475, "change_id": 95866450805, "instrument_name": "BTC-18APR25", "bids": [[79380.0, 9610.0], [79372.5, 930.0], [79370.0, 3100.0], [79367.5, 2490.0], [79365.0, 6630.0], [79357.5, 4990.0], [79355.0, 16630.0], [79352.5, 1420.0], [79350.0, 7650.0], [79347.5, 3100.0], [79345.0, 6630.0], [79342.5, 1910.0], [79340.0, 6350.0], [79337.5, 1990.0], [79335.0, 6630.0], [79327.5, 1960.0], [79325.0, 6520.0], [79312.5, 1930.0], [79310.0, 6440.0], [79302.5, 20.0]], "asks": [[79382.5, 9600.0], [79385.0, 9900.0], [79387.5, 26500.0], [79390.0, 21240.0], [79392.5, 54730.0], [79395.0, 1610.0], [79400.0, 6630.0], [79407.5, 4700.0], [79410.0, 16460.0], [79417.5, 1940.0], [79420.0, 6460.0], [79427.5, 1930.0], [79430.0, 6420.0], [79437.5, 2000.0], [79440.0, 6660.0], [79447.5, 1990.0], [79450.0, 6630.0], [79457.5, 1940.0], [79460.0, 6460.0], [79467.5, 1960.0]]}}}
{"jsonrpc": "2.0", "method": "subscription", "params": {"channel": "book.BTC-11APR25.none.20.100ms", "data": {"timestamp": 1743971478747, "change_id": 95866450926, "instrument_name": "BTC-11APR25", "bids": [[79332.5, 2520.0], [79327.5, 20.0], [79317.5, 7320.0], [79315.0, 27390.0], [79312.5, 10000.0], [79310.0, 1460.0], [79307.5, 4730.0], [79295.0, 2150.0], [79290.0, 8440.0], [79275.0, 2530.0], [79272.5, 8440.0], [79262.5, 2530.0], [79260.0, 8440.0], [79252.5, 2570.0], [79250.0, 8560.0], [79242.5, 2570.0], [79240.0, 8580.0], [79227.5, 990.0], [79225.0, 3300.0], [79222.5, 2560.0]], "asks": [[79340.0, 3200.0], [79342.5, 2000.0], [79345.0, 10060.0], [79347.5, 6730.0], [79350.0, 20000.0], [79352.5, 3000.0], [79355.0, 25000.0], [79357.5, 50000.0], [79362.5, 120.0], [79365.0, 20.0], [79367.5, 2530.0], [79370.0, 8440.0], [79377.5, 2530.0], [79380.0, 8440.0], [79402.5, 2570.0], [79405.0, 8560.0], [79407.5, 860.0], [79410.0, 2850.0], [79412.5, 2520.0], [79415.0, 8390.0]]}}}
{"jsonrpc": "2.0", "method": "subscription", "params": {"channel": "book.BTC-18APR25.none.20.100ms", "data": {"timestamp": 1743971478900, "change_id": 95866451516, "instrument_name": "BTC-18APR25", "bids": [[79380.0, 3110.0], [79372.5, 930.0], [79370.0, 3100.0], [79367.5, 2490.0], [79365.0, 6630.0], [79357.5, 4990.0], [79355.0, 16630.0], [79352.5, 1420.0], [79350.0, 7650.0], [79347.5, 3100.0], [79345.0, 6630.0], [79342.5, 1910.0], [79340.0, 6350.0], [79337.5, 1990.0], [79335.0, 6630.0], [79327.5, 1960.0], [79325.0, 6520.0], [79312.5, 1930.0], [79310.0, 6440.0], [79302.5, 20.0]], "asks": [[79382.5, 9600.0], [79385.0, 9900.0], [79387.5, 26500.0], [79390.0, 21240.0], [79392.5, 54730.0], [79395.0, 1610.0], [79400.0, 6630.0], [79407.5, 4700.0], [79410.0, 16460.0], [79417.5, 1940.0], [79420.0, 6460.0], [79427.5, 1930.0], [79430.0, 6420.0], [79437.5, 2000.0], [79440.0, 6660.0], [79447.5, 1990.0], [79450.0, 6630.0], [79457.5, 1940.0], [79460.0, 6460.0], [79467.5, 1960.0]]}}}
{"jsonrpc": "2.0", "method": "subscription", "params": {"channel": "book.BTC-11APR25.none.20.100ms", "data": {"timestamp": 1743971479213, "change_id": 95866452025, "instrument_name": "BTC-11APR25", "bids": [[79332.5, 20.0], [79327.5, 20.0], [79317.5, 7320.0], [79315.0, 27390.0], [79312.5, 10000.0], [79295.0, 2150.0], [79290.0, 8440.0], [79275.0, 2530.0], [79272.5, 8440.0], [79262.5, 2530.0], [79260.0, 8440.0], [79252.5, 2570.0], [79250.0, 8560.0], [79242.5, 2570.0], [79240.0, 8580.0], [79227.5, 990.0], [79225.0, 3300.0], [79222.5, 2560.0], [79220.0, 8540.0], [79212.5, 2570.0]], "asks": [[79340.0, 3200.0], [79342.5, 2000.0], [79345.0, 10060.0], [79347.5, 6730.0], [79350.0, 20000.0], [79352.5, 3120.0], [79355.0, 25000.0], [79357.5, 50000.0], [79365.0, 20.0], [79367.5, 2530.0], [79370.0, 8440.0], [79377.5, 2530.0], [79380.0, 8440.0], [79402.5, 2570.0], [79405.0, 8560.0], [79407.5, 860.0], [79410.0, 2850.0], [79412.5, 2520.0], [79415.0, 8390.0], [79422.5, 2570.0]]}}}
{"jsonrpc": "2.0", "method": "subscription", "params": {"channel": "book.BTC-18APR25.none.20.100ms", "data": {"timestamp": 1743971479178, "change_id": 95866452058, "instrument_name": "BTC-18APR25", "bids": [[79380.0, 10.0], [79370.0, 3100.0], [79367.5, 500.0], [79357.5, 4990.0], [79355.0, 16630.0], [79350.0, 2920.0], [79347.5, 3100.0], [79345.0, 6630.0], [79342.5, 1910.0], [79340.0, 6350.0], [79337.5, 1990.0], [79335.0, 6630.0], [79327.5, 1960.0], [79325.0, 6520.0], [79312.5, 1930.0], [79310.0, 6440.0], [79302.5, 20.0], [79270.0, 1940.0], [79267.5, 6460.0], [79250.0, 1980.0]], "asks": [[79382.5, 9600.0], [79385.0, 9900.0], [79387.5, 26500.0], [79390.0, 21240.0], [79392.5, 54730.0], [79395.0, 4790.0], [79397.5, 10000.0], [79400.0, 6630.0], [79407.5, 1940.0], [79410.0, 6460.0], [79417.5, 1940.0], [79420.0, 6460.0], [79427.5, 1930.0], [79430.0, 6420.0], [79437.5, 2000.0], [79440.0, 6660.0], [79447.5, 1990.0], [79450.0, 6630.0], [79457.5, 1940.0], [79460.0, 6460.0]]}}}
{"jsonrpc": "2.0", "method": "subscription", "params": {"channel": "book.BTC-11APR25.none.20.100ms", "data": {"timestamp": 1743971479402, "change_id": 95866452774, "instrument_name": "BTC-11APR25", "bids": [[79332.5, 20.0], [79327.5, 20.0], [79315.0, 24270.0], [79302.5, 3000.0], [79300.0, 10120.0], [79297.5, 1420.0], [79295.0, 4730.0], [79285.0, 2530.0], [79282.5, 8440.0], [79275.0, 2530.0], [79272.5, 8440.0], [79262.5, 2530.0], [79260.0, 8440.0], [79250.0, 8560.0], [79242.5, 2570.0], [79240.0, 8580.0], [79227.5, 990.0], [79225.0, 3300.0], [79222.5, 2560.0], [79220.0, 8540.0]], "asks": [[79335.0, 6730.0], [79337.5, 10500.0], [79340.0, 9410.0], [79342.5, 2120.0], [79345.0, 32600.0], [79347.5, 2000.0], [79355.0, 15000.0], [79357.5, 50000.0], [79365.0, 20.0], [79367.5, 2530.0], [79370.0, 8440.0], [79380.0, 8440.0], [79402.5, 2570.0], [79405.0, 8560.0], [79407.5, 860.0], [79410.0, 2850.0], [79415.0, 8390.0], [79425.0, 8550.0], [79430.0, 2610.0], [79435.0, 8630.0]]}}}
{"jsonrpc": "2.0", "method": "subscription", "params": {"channel": "book.BTC-18APR25.none.20.100ms", "data": {"timestamp": 1743971479399, "change_id": 95866452689, "instrument_name": "BTC-18APR25", "bids": [[79380.0, 10.0], [79362.5, 930.0], [79360.0, 3100.0], [79357.5, 1990.0], [79355.0, 6630.0], [79350.0, 1450.0], [79347.5, 3100.0], [79345.0, 11540.0], [79342.5, 10000.0], [79340.0, 9760.0], [79337.5, 4730.0], [79335.0, 6630.0], [79327.5, 1960.0], [79325.0, 6520.0], [79312.5, 1930.0], [79310.0, 6440.0], [79302.5, 20.0], [79270.0, 1940.0], [79267.5, 6460.0], [79250.0, 1980.0]], "asks": [[79382.5, 14330.0], [79385.0, 7950.0], [79387.5, 26500.0], [79390.0, 13820.0], [79392.5, 50000.0], [79395.0, 4590.0], [79397.5, 10000.0], [79400.0, 6630.0], [79407.5, 1940.0], [79410.0, 6460.0], [79417.5, 1940.0], [79420.0, 6460.0], [79427.5, 1930.0], [79430.0, 6420.0], [79437.5, 2000.0], [79440.0, 6660.0], [79447.5, 1990.0], [79450.0, 6630.0], [79457.5, 1940.0], [79460.0, 6460.0]]}}}
{"jsonrpc": "2.0", "method": "subscription", "params": {"channel": "book.BTC-11APR25.none.20.100ms", "data": {"timestamp": 1743971479895, "change_id": 95866453606, "instrument_name": "BTC-11APR25", "bids": [[79332.5, 20.0], [79327.5, 20.0], [79317.5, 7280.0], [79315.0, 24270.0], [79302.5, 3000.0], [79300.0, 10120.0], [79297.5, 1420.0], [79295.0, 4730.0], [79285.0, 2530.0], [79282.5, 8440.0], [79275.0, 2530.0], [79272.5, 8440.0], [79262.5, 2530.0], [79260.0, 8440.0], [79252.5, 2570.0], [79250.0, 8560.0], [79242.5, 2570.0], [79240.0, 8580.0], [79227.5, 990.0], [79225.0, 3300.0]], "asks": [[79335.0, 6730.0], [79337.5, 10500.0], [79340.0, 9410.0], [79342.5, 2120.0], [79345.0, 47530.0], [79347.5, 52000.0], [79355.0, 94350.0], [79365.0, 20.0], [79367.5, 2530.0], [79370.0, 8440.0], [79377.5, 2530.0], [79380.0, 8440.0], [79402.5, 2570.0], [79405.0, 8560.0], [79407.5, 860.0], [79410.0, 2850.0], [79412.5, 2520.0], [79415.0, 8390.0], [79422.5, 2570.0], [79425.0, 8550.0]]}}}
{"jsonrpc": "2.0", "method": "subscription", "params": {"channel": "book.BTC-18APR25.none.20.100ms", "data": {"timestamp": 1743971479730, "change_id": 95866453156, "instrument_name": "BTC-18APR25", "bids": [[79380.0, 10.0], [79362.5, 930.0], [79360.0, 3100.0], [79357.5, 1990.0], [79355.0, 6630.0], [79350.0, 2740.0], [79347.5, 3100.0], [79345.0, 11540.0], [79342.5, 10000.0], [79340.0, 9760.0], [79337.5, 4730.0], [79335.0, 6630.0], [79327.5, 1960.0], [79325.0, 6520.0], [79312.5, 1930.0], [79310.0, 6440.0], [79302.5, 20.0], [79270.0, 1940.0], [79267.5, 6460.0], [79250.0, 1980.0]], "asks": [[79382.5, 14330.0], [79385.0, 7950.0], [79387.5, 26500.0], [79390.0, 13820.0], [79392.5, 50000.0], [79395.0, 28230.0], [79397.5, 10000.0], [79400.0, 86020.0], [79407.5, 1940.0], [79410.0, 6460.0], [79417.5, 1940.0], [79420.0, 6460.0], [79427.5, 1930.0], [79430.0, 6420.0], [79437.5, 2000.0], [79440.0, 6660.0], [79447.5, 1990.0], [79450.0, 6630.0], [79457.5, 1940.0], [79460.0, 6460.0]]}}}
{"jsonrpc": "2.0", "method": "subscription", "params": {"channel": "book.BTC-11APR25.none.20.100ms", "data": {"timestamp": 1743971479982, "change_id": 95866453751, "instrument_name": "BTC-11APR25", "bids": [[79332.5, 20.0], [79327.5, 20.0], [79302.5, 9940.0], [79300.0, 34390.0], [79297.5, 1420.0], [79295.0, 4730.0], [79285.0, 2530.0], [79282.5, 8440.0], [79275.0, 2530.0], [79272.5, 8440.0], [79262.5, 2530.0], [79260.0, 8440.0], [79252.5, 2570.0], [79250.0, 8560.0], [79242.5, 2570.0], [79240.0, 8580.0], [79227.5, 990.0], [79225.0, 3300.0], [79222.5, 2560.0], [79220.0, 8540.0]], "asks": [[79335.0, 6730.0], [79337.5, 10500.0], [79340.0, 9410.0], [79342.5, 2120.0], [79345.0, 47530.0], [79347.5, 52000.0], [79352.5, 23810.0], [79355.0, 94350.0], [79365.0, 20.0], [79367.5, 2530.0], [79370.0, 8440.0], [79377.5, 2530.0], [79380.0, 8440.0], [79397.5, 860.0], [79400.0, 2850.0], [79402.5, 2570.0], [79405.0, 8560.0], [79412.5, 2520.0], [79415.0, 8390.0], [79422.5, 2570.0]]}}}
{"jsonrpc": "2.0", "method": "subscription", "params": {"channel": "book.BTC-18APR25.none.20.100ms", "data": {"timestamp": 1743971480227, "change_id": 95866453929, "instrument_name": "BTC-18APR25", "bids": [[79367.5, 9610.0], [79365.0, 9600.0], [79362.5, 930.0], [79360.0, 3100.0], [79357.5, 1990.0], [79355.0, 6630.0], [79350.0, 2740.0], [79347.5, 3100.0], [79345.0, 9630.0], [79342.5, 10000.0], [79340.0, 3410.0], [79337.5, 4730.0], [79335.0, 6630.0], [79332.5, 1910.0], [79330.0, 6350.0], [79327.5, 1960.0], [79325.0, 6520.0], [79312.5, 1930.0], [79310.0, 6440.0], [79302.5, 20.0]], "asks": [[79370.0, 6500.0], [79372.5, 13970.0], [79375.0, 26500.0], [79380.0, 8050.0], [79382.5, 4730.0], [79385.0, 19410.0], [79387.5, 60000.0], [79390.0, 6630.0], [79395.0, 28230.0], [79400.0, 86020.0], [79407.5, 1940.0], [79410.0, 6460.0], [79417.5, 1940.0], [79420.0, 6460.0], [79427.5, 1930.0], [79430.0, 6420.0], [79437.5, 2000.0], [79440.0, 6660.0], [79447.5, 1990.0], [79450.0, 6630.0]]}}}
{"jsonrpc": "2.0", "method": "subscription", "params": {"channel": "book.BTC-11APR25.none.20.100ms", "data": {"timestamp": 1743971480420, "change_id": 95866454282, "instrument_name": "BTC-11APR25", "bids": [[79325.0, 2020.0], [79322.5, 2000.0], [79320.0, 2000.0], [79302.5, 9940.0], [79300.0, 34390.0], [79297.5, 1420.0], [79295.0, 4730.0], [79285.0, 2530.0], [79282.5, 8440.0], [79275.0, 2530.0], [79272.5, 8440.0], [79262.5, 2530.0], [79260.0, 8440.0], [79252.5, 2570.0], [79250.0, 8560.0], [79242.5, 2570.0], [79240.0, 8580.0], [79227.5, 990.0], [79225.0, 3300.0], [79222.5, 2560.0]], "asks": [[79327.5, 2000.0], [79330.0, 4630.0], [79332.5, 2000.0], [79335.0, 10480.0], [79337.5, 10500.0], [79340.0, 26060.0], [79342.5, 72120.0], [79345.0, 10000.0], [79352.5, 23810.0], [79355.0, 94350.0], [79365.0, 20.0], [79367.5, 2530.0], [79370.0, 8440.0], [79377.5, 2530.0], [79380.0, 8440.0], [79397.5, 860.0], [79400.0, 2850.0], [79402.5, 2570.0], [79405.0, 8560.0], [79412.5, 2520.0]]}}}
{"jsonrpc": "2.0", "method": "subscription", "params": {"channel": "book.BTC-18APR25.none.20.100ms", "data": {"timestamp": 1743971480487, "change_id": 95866454386, "instrument_name": "BTC-18APR25", "bids": [[79367.5, 9610.0], [79365.0, 9600.0], [79362.5, 930.0], [79360.0, 3100.0], [79357.5, 1990.0], [79355.0, 6630.0], [79350.0, 2740.0], [79347.5, 3100.0], [79345.0, 9630.0], [79342.5, 10000.0], [79340.0, 3410.0], [79337.5, 4730.0], [79335.0, 6630.0], [79332.5, 1910.0], [79330.0, 6350.0], [79327.5, 1960.0], [79325.0, 6520.0], [79312.5, 1930.0], [79310.0, 6440.0], [79302.5, 20.0]], "asks": [[79370.0, 10.0], [79372.5, 10870.0], [79375.0, 26500.0], [79380.0, 8050.0], [79382.5, 4730.0], [79385.0, 19410.0], [79387.5, 60000.0], [79390.0, 6630.0], [79395.0, 28230.0], [79400.0, 86020.0], [79407.5, 1940.0], [79410.0, 6460.0], [79417.5, 1940.0], [79420.0, 6460.0], [79427.5, 1930.0], [79430.0, 6420.0], [79437.5, 2000.0], [79440.0, 6660.0], [79447.5, 1990.0], [79450.0, 6630.0]]}}}
{"jsonrpc": "2.0", "method": "subscription", "params": {"channel": "book.BTC-11APR25.none.20.100ms", "data": {"timestamp": 1743971480761, "change_id": 95866454814, "instrument_name": "BTC-11APR25", "bids": [[79325.0, 20.0], [79320.0, 2000.0], [79302.5, 9940.0], [79300.0, 34390.0], [79297.5, 1420.0], [79295.0, 4730.0], [79285.0, 2530.0], [79282.5, 8440.0], [79275.0, 2530.0], [79272.5, 8440.0], [79262.5, 2530.0], [79260.0, 8440.0], [79252.5, 2570.0], [79250.0, 8560.0], [79242.5, 2570.0], [79240.0, 8580.0], [79227.5, 4830.0], [79225.0, 16510.0], [79222.5, 2560.0], [79220.0, 8540.0]], "asks": [[79327.5, 2020.0], [79330.0, 3200.0], [79332.5, 2000.0], [79335.0, 2600.0], [79337.5, 2000.0], [79340.0, 24060.0], [79342.5, 70120.0], [79345.0, 10000.0], [79352.5, 23810.0], [79355.0, 94350.0], [79365.0, 20.0], [79367.5, 2530.0], [79370.0, 8440.0], [79377.5, 2530.0], [79380.0, 8440.0], [79397.5, 860.0], [79400.0, 2850.0], [79402.5, 2570.0], [79405.0, 8560.0], [79412.5, 2520.0]]}}}
{"jsonrpc": "2.0", "method": "subscription", "params": {"channel": "book.BTC-18APR25.none.20.100ms", "data": {"timestamp": 1743971480839, "change_id": 95866454932, "instrument_name": "BTC-18APR25", "bids": [[79372.5, 510.0], [79370.0, 11460.0], [79367.5, 3100.0], [79365.0, 3100.0], [79362.5, 930.0], [79360.0, 3100.0], [79357.5, 1990.0], [79355.0, 6630.0], [79350.0, 2740.0], [79347.5, 3100.0], [79345.0, 9630.0], [79342.5, 10000.0], [79340.0, 3410.0], [79337.5, 4730.0], [79335.0, 6630.0], [79332.5, 1910.0], [79330.0, 6350.0], [79327.5, 1960.0], [79325.0, 6520.0], [79312.5, 1930.0]], "asks": [[79375.0, 6510.0], [79377.5, 6000.0], [79380.0, 20000.0], [79385.0, 19410.0], [79387.5, 60000.0], [79390.0, 6630.0], [79395.0, 28230.0], [79400.0, 86020.0], [79407.5, 1940.0], [79410.0, 6460.0], [79417.5, 1940.0], [79420.0, 6460.0], [79427.5, 1930.0], [79430.0, 6420.0], [79437.5, 2000.0], [79440.0, 6660.0], [79447.5, 1990.0], [79450.0, 6630.0], [79457.5, 1940.0], [79460.0, 6460.0]]}}}
{"jsonrpc": "2.0", "method": "subscription", "params": {"channel": "book.BTC-11APR25.none.20.100ms", "data": {"timestamp": 1743971480987, "change_id": 95866455308, "instrument_name": "BTC-11APR25", "bids": [[79320.0, 4500.0], [79302.5, 9940.0], [79300.0, 34390.0], [79297.5, 1420.0], [79295.0, 4730.0], [79285.0, 2530.0], [79282.5, 8440.0], [79275.0, 2530.0], [79272.5, 8440.0], [79262.5, 2530.0], [79260.0, 8440.0], [79252.5, 2570.0], [79250.0, 8560.0], [79242.5, 2570.0], [79240.0, 8580.0], [79227.5, 4830.0], [79225.0, 16510.0], [79222.5, 2560.0], [79220.0, 8540.0], [79212.5, 2570.0]], "asks": [[79327.5, 2020.0], [79330.0, 3200.0], [79332.5, 2000.0], [79335.0, 3940.0], [79337.5, 6730.0], [79340.0, 24060.0], [79342.5, 70120.0], [79345.0, 10000.0], [79352.5, 23810.0], [79355.0, 94350.0], [79365.0, 20.0], [79367.5, 2530.0], [79370.0, 8440.0], [79377.5, 2530.0], [79380.0, 8440.0], [79397.5, 860.0], [79400.0, 2850.0], [79402.5, 2570.0], [79405.0, 8560.0], [79412.5, 2520.0]]}}}
