{"jsonrpc": "2.0", "method": "subscription", "params": {"channel": "book.BTC-11APR25.none.20.100ms", "data": {"timestamp": 1744181255462, "change_id": 96395716718, "instrument_name": "BTC-11APR25", "bids": [[77110.0, 170.0], [77107.5, 2900.0], [77105.0, 1400.0], [77102.5, 4400.0], [77100.0, 10000.0], [77097.5, 1170.0], [77095.0, 3890.0], [77080.0, 100.0], [77077.5, 480.0], [77075.0, 1600.0], [77072.5, 2210.0], [77070.0, 7360.0], [77062.5, 2210.0], [77060.0, 7360.0], [77052.5, 20.0], [77002.5, 2270.0], [77000.0, 7560.0], [76990.0, 7380.0], [76937.5, 7510.0], [76930.0, 20.0]], "asks": [[77112.5, 1400.0], [77115.0, 2240.0], [77117.5, 1400.0], [77120.0, 41590.0], [77122.5, 21500.0], [77125.0, 112450.0], [77127.5, 1170.0], [77130.0, 3890.0], [77135.0, 3000.0], [77137.5, 10000.0], [77157.5, 15500.0], [77160.0, 26440.0], [77172.5, 7680.0], [77175.0, 20.0], [77182.5, 7680.0], [77197.5, 2260.0], [77200.0, 7530.0], [77207.5, 2270.0], [77210.0, 7550.0], [77217.5, 2290.0]]}}}
{"jsonrpc": "2.0", "method": "subscription", "params": {"channel": "book.BTC-18APR25.none.20.100ms", "data": {"timestamp": 1744181255466, "change_id": 96395716724, "instrument_name": "BTC-18APR25", "bids": [[77140.0, 10010.0], [77137.5, 1970.0], [77135.0, 7730.0], [77132.5, 3890.0], [77130.0, 420.0], [77127.5, 1400.0], [77125.0, 1970.0], [77122.5, 6560.0], [77120.0, 100.0], [77110.0, 1970.0], [77107.5, 6570.0], [77100.0, 1980.0], [77097.5, 6610.0], [77095.0, 1600.0], [77090.0, 1970.0], [77087.5, 6570.0], [77080.0, 1900.0], [77077.5, 6340.0], [77060.0, 1960.0], [77057.5, 6520.0]], "asks": [[77142.5, 1400.0], [77145.0, 1820.0], [77147.5, 1400.0], [77152.5, 420.0], [77155.0, 1400.0], [77157.5, 1970.0], [77160.0, 6560.0], [77162.5, 100.0], [77167.5, 19600.0], [77170.0, 66180.0], [77175.0, 3020.0], [77177.5, 10000.0], [77180.0, 1980.0], [77182.5, 6610.0], [77197.5, 1940.0], [77200.0, 6470.0], [77207.5, 1920.0], [77210.0, 6390.0], [77217.5, 780.0], [77220.0, 2610.0]]}}}
{"jsonrpc": "2.0", "method": "subscription", "params": {"channel": "book.BTC-11APR25.none.20.100ms", "data": {"timestamp": 1744181255957, "change_id": 96395717290, "instrument_name": "BTC-11APR25", "bids": [[77110.0, 170.0], [77107.5, 2480.0], [77105.0, 1400.0], [77102.5, 4400.0], [77100.0, 10000.0], [77097.5, 1170.0], [77095.0, 3890.0], [77080.0, 100.0], [77077.5, 480.0], [77075.0, 1600.0], [77072.5, 2210.0], [77070.0, 7360.0], [77062.5, 2210.0], [77060.0, 7360.0], [77052.5, 20.0], [77002.5, 2270.0], [77000.0, 7560.0], [76990.0, 7380.0], [76937.5, 7510.0], [76930.0, 20.0]], "asks": [[77112.5, 1400.0], [77115.0, 2240.0], [77117.5, 1400.0], [77120.0, 41590.0], [77122.5, 21500.0], [77125.0, 112450.0], [77127.5, 1170.0], [77130.0, 3890.0], [77135.0, 3000.0], [77137.5, 10000.0], [77157.5, 15500.0], [77160.0, 26440.0], [77170.0, 2310.0], [77172.5, 7680.0], [77175.0, 20.0], [77182.5, 7680.0], [77197.5, 2260.0], [77200.0, 7530.0], [77207.5, 2270.0], [77210.0, 7550.0]]}}}
{"jsonrpc": "2.0", "method": "subscription", "params": {"channel": "book.BTC-18APR25.none.20.100ms", "data": {"timestamp": 1744181255990, "change_id": 96395717315, "instrument_name": "BTC-18APR25", "bids": [[77140.0, 10010.0], [77137.5, 1970.0], [77135.0, 7730.0], [77132.5, 3890.0], [77130.0, 420.0], [77127.5, 1400.0], [77125.0, 1970.0], [77122.5, 6560.0], [77120.0, 100.0], [77110.0, 1970.0], [77107.5, 6570.0], [77100.0, 1980.0], [77097.5, 6610.0], [77095.0, 1600.0], [77090.0, 1970.0], [77087.5, 6570.0], [77080.0, 1900.0], [77077.5, 6340.0], [77060.0, 1960.0], [77057.5, 6520.0]], "asks": [[77142.5, 1400.0], [77145.0, 1820.0], [77147.5, 1400.0], [77152.5, 420.0], [77155.0, 1400.0], [77157.5, 1970.0], [77160.0, 6560.0], [77162.5, 100.0], [77167.5, 19600.0], [77170.0, 66180.0], [77175.0, 3020.0], [77177.5, 10000.0], [77180.0, 1980.0], [77182.5, 6610.0], [77197.5, 1940.0], [77200.0, 6470.0], [77207.5, 1920.0], [77210.0, 6390.0], [77217.5, 780.0], [77220.0, 2610.0]]}}}
{"jsonrpc": "2.0", "method": "subscription", "params": {"channel": "book.BTC-11APR25.none.20.100ms", "data": {"timestamp": 1744181256361, "change_id": 96395717934, "instrument_name": "BTC-11APR25", "bids": [[77112.5, 1570.0], [77110.0, 1160.0], [77107.5, 2480.0], [77105.0, 1400.0], [77102.5, 4400.0], [77100.0, 10000.0], [77097.5, 2570.0], [77095.0, 3890.0], [77080.0, 100.0], [77077.5, 480.0], [77075.0, 1600.0], [77072.5, 2210.0], [77070.0, 7360.0], [77062.5, 2210.0], [77060.0, 7360.0], [77052.5, 20.0], [77002.5, 2270.0], [77000.0, 7560.0], [76990.0, 7380.0], [76937.5, 7510.0]], "asks": [[77115.0, 1400.0], [77117.5, 1400.0], [77120.0, 41590.0], [77122.5, 21500.0], [77125.0, 112450.0], [77127.5, 1170.0], [77130.0, 3890.0], [77135.0, 3000.0], [77137.5, 10000.0], [77157.5, 15500.0], [77160.0, 26440.0], [77170.0, 2310.0], [77172.5, 7680.0], [77175.0, 20.0], [77182.5, 7680.0], [77197.5, 2260.0], [77200.0, 7530.0], [77207.5, 2270.0], [77210.0, 7550.0], [77217.5, 2290.0]]}}}
{"jsonrpc": "2.0", "method": "subscription", "params": {"channel": "book.BTC-18APR25.none.20.100ms", "data": {"timestamp": 1744181256169, "change_id": 96395717650, "instrument_name": "BTC-18APR25", "bids": [[77140.0, 10010.0], [77137.5, 3370.0], [77135.0, 7730.0], [77132.5, 3890.0], [77130.0, 420.0], [77127.5, 1400.0], [77125.0, 1970.0], [77122.5, 6560.0], [77120.0, 100.0], [77110.0, 1970.0], [77107.5, 6570.0], [77100.0, 1980.0], [77097.5, 6610.0], [77095.0, 1600.0], [77090.0, 1970.0], [77087.5, 6570.0], [77080.0, 1900.0], [77077.5, 6340.0], [77060.0, 1960.0], [77057.5, 6520.0]], "asks": [[77142.5, 1400.0], [77145.0, 1400.0], [77152.5, 420.0], [77155.0, 1400.0], [77157.5, 1970.0], [77160.0, 6560.0], [77162.5, 100.0], [77167.5, 19600.0], [77170.0, 66180.0], [77175.0, 3020.0], [77177.5, 10000.0], [77180.0, 1980.0], [77182.5, 6610.0], [77197.5, 1940.0], [77200.0, 6470.0], [77207.5, 1920.0], [77210.0, 6390.0], [77217.5, 780.0], [77220.0, 2610.0], [77225.0, 1990.0]]}}}
{"jsonrpc": "2.0", "method": "subscription", "params": {"channel": "book.BTC-11APR25.none.20.100ms", "data": {"timestamp": 1744181256747, "change_id": 96395718316, "instrument_name": "BTC-11APR25", "bids": [[77107.5, 2480.0], [77105.0, 1400.0], [77102.5, 4400.0], [77100.0, 10000.0], [77097.5, 2570.0], [77095.0, 3890.0], [77080.0, 100.0], [77077.5, 480.0], [77075.0, 1600.0], [77072.5, 2210.0], [77070.0, 7360.0], [77062.5, 2210.0], [77060.0, 7360.0], [77052.5, 20.0], [77002.5, 2270.0], [77000.0, 7560.0], [76990.0, 7380.0], [76937.5, 7510.0], [76930.0, 20.0], [76890.0, 13240.0]], "asks": [[77117.5, 20.0], [77122.5, 21500.0], [77125.0, 112450.0], [77127.5, 1170.0], [77130.0, 3890.0], [77135.0, 3000.0], [77137.5, 10000.0], [77157.5, 15500.0], [77160.0, 26440.0], [77170.0, 2310.0], [77172.5, 7680.0], [77175.0, 20.0], [77182.5, 7680.0], [77197.5, 2260.0], [77200.0, 7530.0], [77207.5, 2270.0], [77210.0, 7550.0], [77217.5, 2290.0], [77220.0, 7620.0], [77230.0, 2220.0]]}}}
{"jsonrpc": "2.0", "method": "subscription", "params": {"channel": "book.BTC-18APR25.none.20.100ms", "data": {"timestamp": 1744181256747, "change_id": 96395718314, "instrument_name": "BTC-18APR25", "bids": [[77140.0, 10010.0], [77135.0, 1170.0], [77132.5, 3890.0], [77130.0, 420.0], [77127.5, 1400.0], [77125.0, 1970.0], [77122.5, 6560.0], [77120.0, 100.0], [77110.0, 1970.0], [77107.5, 6570.0], [77100.0, 1980.0], [77097.5, 6610.0], [77095.0, 1600.0], [77090.0, 1970.0], [77087.5, 6570.0], [77080.0, 1900.0], [77077.5, 6340.0], [77060.0, 1960.0], [77057.5, 6520.0], [77052.5, 20.0]], "asks": [[77142.5, 7970.0], [77145.0, 1400.0], [77152.5, 420.0], [77155.0, 1400.0], [77157.5, 1970.0], [77160.0, 6560.0], [77162.5, 100.0], [77167.5, 19600.0], [77170.0, 66180.0], [77175.0, 3020.0], [77177.5, 10000.0], [77180.0, 1980.0], [77182.5, 6610.0], [77197.5, 1940.0], [77200.0, 6470.0], [77207.5, 1920.0], [77210.0, 6390.0], [77217.5, 780.0], [77220.0, 2610.0], [77225.0, 1990.0]]}}}
{"jsonrpc": "2.0", "method": "subscription", "params": {"channel": "book.BTC-11APR25.none.20.100ms", "data": {"timestamp": 1744181257074, "change_id": 96395719695, "instrument_name": "BTC-11APR25", "bids": [[77100.0, 2480.0], [77075.0, 11600.0], [77065.0, 100.0], [77052.5, 20.0], [77000.0, 7560.0], [76990.0, 7380.0], [76937.5, 7510.0], [76930.0, 20.0], [76890.0, 13240.0], [76887.5, 7540.0], [76882.5, 52990.0], [76880.0, 105000.0], [76875.0, 7470.0], [76867.5, 20.0], [76855.0, 21480.0], [76842.5, 500.0], [76840.0, 7670.0], [76832.5, 50000.0], [76830.0, 7400.0], [76812.5, 7490.0]], "asks": [[77102.5, 170.0], [77107.5, 5290.0], [77110.0, 1400.0], [77112.5, 51500.0], [77115.0, 1400.0], [77117.5, 1400.0], [77120.0, 70000.0], [77122.5, 11400.0], [77125.0, 59540.0], [77142.5, 7570.0], [77157.5, 7570.0], [77160.0, 26440.0], [77172.5, 7680.0], [77175.0, 20.0], [77182.5, 7680.0], [77200.0, 7530.0], [77210.0, 7550.0], [77220.0, 7620.0], [77232.5, 7400.0], [77237.5, 20.0]]}}}
{"jsonrpc": "2.0", "method": "subscription", "params": {"channel": "book.BTC-18APR25.none.20.100ms", "data": {"timestamp": 1744181257073, "change_id": 96395719692, "instrument_name": "BTC-18APR25", "bids": [[77125.0, 10.0], [77117.5, 6560.0], [77112.5, 7900.0], [77107.5, 6570.0], [77100.0, 100.0], [77097.5, 6610.0], [77087.5, 6570.0], [77077.5, 6340.0], [77072.5, 1600.0], [77067.5, 6560.0], [77057.5, 6520.0], [77052.5, 20.0], [76997.5, 6440.0], [76990.0, 20.0], [76945.0, 16550.0], [76942.5, 6630.0], [76930.0, 20.0], [76907.5, 50000.0], [76902.5, 6470.0], [76875.0, 52990.0]], "asks": [[77127.5, 1410.0], [77130.0, 1400.0], [77132.5, 13060.0], [77140.0, 1400.0], [77142.5, 6660.0], [77145.0, 1400.0], [77147.5, 3890.0], [77155.0, 1400.0], [77160.0, 6560.0], [77165.0, 10000.0], [77170.0, 66180.0], [77175.0, 20.0], [77182.5, 6610.0], [77200.0, 6470.0], [77210.0, 6390.0], [77227.5, 6640.0], [77237.5, 6520.0], [77257.5, 6590.0], [77285.0, 6580.0], [77300.0, 6600.0]]}}}
{"jsonrpc": "2.0", "method": "subscription", "params": {"channel": "book.BTC-11APR25.none.20.100ms", "data": {"timestamp": 1744181257409, "change_id": 96395721105, "instrument_name": "BTC-11APR25", "bids": [[77085.0, 3880.0], [77077.5, 4880.0], [77075.0, 10000.0], [77065.0, 100.0], [77052.5, 20.0], [77045.0, 7570.0], [77002.5, 2270.0], [77000.0, 7560.0], [76992.5, 2210.0], [76990.0, 7380.0], [76940.0, 2250.0], [76937.5, 7510.0], [76930.0, 20.0], [76892.5, 3970.0], [76890.0, 13240.0], [76887.5, 7540.0], [76882.5, 52990.0], [76880.0, 105000.0], [76875.0, 7470.0], [76867.5, 20.0]], "asks": [[77102.5, 170.0], [77105.0, 2010.0], [77107.5, 5290.0], [77110.0, 23270.0], [77112.5, 71500.0], [77115.0, 1400.0], [77117.5, 1400.0], [77120.0, 53000.0], [77122.5, 10000.0], [77157.5, 7570.0], [77160.0, 26440.0], [77172.5, 7680.0], [77175.0, 20.0], [77182.5, 7680.0], [77200.0, 7530.0], [77210.0, 7550.0], [77220.0, 7620.0], [77232.5, 7400.0], [77237.5, 20.0], [77242.5, 7460.0]]}}}
{"jsonrpc": "2.0", "method": "subscription", "params": {"channel": "book.BTC-18APR25.none.20.100ms", "data": {"timestamp": 1744181257318, "change_id": 96395720991, "instrument_name": "BTC-18APR25", "bids": [[77115.0, 10000.0], [77107.5, 6570.0], [77100.0, 100.0], [77097.5, 6610.0], [77087.5, 6570.0], [77077.5, 6340.0], [77072.5, 1600.0], [77067.5, 6560.0], [77057.5, 6520.0], [77052.5, 20.0], [76997.5, 6440.0], [76990.0, 20.0], [76945.0, 16550.0], [76942.5, 6630.0], [76930.0, 20.0], [76902.5, 6470.0], [76875.0, 52990.0], [76872.5, 6540.0], [76867.5, 20.0], [76860.0, 6580.0]], "asks": [[77122.5, 7960.0], [77127.5, 7910.0], [77130.0, 1400.0], [77132.5, 6560.0], [77140.0, 1400.0], [77142.5, 6660.0], [77145.0, 1400.0], [77147.5, 3890.0], [77160.0, 6560.0], [77165.0, 10000.0], [77170.0, 6610.0], [77175.0, 20.0], [77182.5, 6610.0], [77200.0, 6470.0], [77210.0, 6390.0], [77227.5, 6640.0], [77237.5, 6520.0], [77257.5, 6590.0], [77285.0, 6580.0], [77300.0, 6600.0]]}}}
{"jsonrpc": "2.0", "method": "subscription", "params": {"channel": "book.BTC-11APR25.none.20.100ms", "data": {"timestamp": 1744181257739, "change_id": 96395722479, "instrument_name": "BTC-11APR25", "bids": [[77107.5, 7500.0], [77097.5, 1400.0], [77095.0, 1400.0], [77092.5, 170.0], [77090.0, 2480.0], [77085.0, 1400.0], [77082.5, 7570.0], [77077.5, 4400.0], [77075.0, 10000.0], [77072.5, 7570.0], [77067.5, 3890.0], [77065.0, 100.0], [77057.5, 7570.0], [77052.5, 20.0], [77045.0, 7570.0], [77000.0, 7560.0], [76990.0, 7380.0], [76937.5, 7510.0], [76930.0, 20.0], [76890.0, 13240.0]], "asks": [[77112.5, 20000.0], [77120.0, 100.0], [77157.5, 50000.0], [77160.0, 26440.0], [77172.5, 7680.0], [77175.0, 20.0], [77180.0, 2300.0], [77182.5, 7680.0], [77200.0, 7530.0], [77210.0, 7550.0], [77217.5, 2290.0], [77220.0, 7620.0], [77232.5, 7400.0], [77237.5, 20.0], [77242.5, 7460.0], [77292.5, 7630.0], [77300.0, 20.0], [77340.0, 500.0], [77342.5, 7480.0], [77360.0, 20.0]]}}}
{"jsonrpc": "2.0", "method": "subscription", "params": {"channel": "book.BTC-18APR25.none.20.100ms", "data": {"timestamp": 1744181257735, "change_id": 96395722477, "instrument_name": "BTC-18APR25", "bids": [[77142.5, 6500.0], [77140.0, 5320.0], [77137.5, 13060.0], [77130.0, 1400.0], [77127.5, 6560.0], [77120.0, 1400.0], [77117.5, 6560.0], [77115.0, 10000.0], [77110.0, 3890.0], [77107.5, 6570.0], [77100.0, 100.0], [77090.0, 1970.0], [77087.5, 6570.0], [77080.0, 1900.0], [77077.5, 6340.0], [77067.5, 6560.0], [77057.5, 6520.0], [77052.5, 20.0], [76997.5, 6440.0], [76990.0, 20.0]], "asks": [[77157.5, 6600.0], [77160.0, 13060.0], [77170.0, 6610.0], [77175.0, 20.0], [77200.0, 6470.0], [77210.0, 6390.0], [77227.5, 6640.0], [77237.5, 6520.0], [77257.5, 6590.0], [77285.0, 6580.0], [77300.0, 6600.0], [77350.0, 6510.0], [77360.0, 6570.0], [77387.5, 13240.0], [77400.0, 500.0], [77410.0, 6560.0], [77415.0, 52990.0], [77417.5, 50000.0], [77420.0, 6390.0], [77422.5, 20.0]]}}}
{"jsonrpc": "2.0", "method": "subscription", "params": {"channel": "book.BTC-11APR25.none.20.100ms", "data": {"timestamp": 1744181258015, "change_id": 96395723416, "instrument_name": "BTC-11APR25", "bids": [[77107.5, 7500.0], [77105.0, 1170.0], [77102.5, 3890.0], [77100.0, 2480.0], [77097.5, 11400.0], [77095.0, 1400.0], [77092.5, 170.0], [77085.0, 1500.0], [77082.5, 7570.0], [77077.5, 1400.0], [77072.5, 7570.0], [77057.5, 7570.0], [77052.5, 20.0], [77045.0, 7570.0], [77000.0, 7560.0], [76990.0, 7380.0], [76937.5, 7510.0], [76930.0, 20.0], [76890.0, 13240.0], [76887.5, 7540.0]], "asks": [[77112.5, 20000.0], [77115.0, 77110.0], [77132.5, 100.0], [77135.0, 50000.0], [77137.5, 3890.0], [77142.5, 26420.0], [77147.5, 10000.0], [77162.5, 7570.0], [77172.5, 7680.0], [77175.0, 20.0], [77182.5, 7680.0], [77200.0, 7530.0], [77210.0, 7550.0], [77220.0, 7620.0], [77232.5, 7400.0], [77237.5, 20.0], [77242.5, 7460.0], [77292.5, 7630.0], [77300.0, 20.0], [77340.0, 500.0]]}}}
{"jsonrpc": "2.0", "method": "subscription", "params": {"channel": "book.BTC-18APR25.none.20.100ms", "data": {"timestamp": 1744181258032, "change_id": 96395723483, "instrument_name": "BTC-18APR25", "bids": [[77147.5, 14460.0], [77145.0, 6500.0], [77142.5, 3890.0], [77140.0, 6370.0], [77137.5, 16560.0], [77130.0, 1400.0], [77127.5, 6560.0], [77120.0, 1500.0], [77117.5, 6560.0], [77107.5, 6570.0], [77090.0, 1970.0], [77087.5, 6570.0], [77077.5, 6340.0], [77067.5, 6560.0], [77057.5, 6520.0], [77052.5, 20.0], [76997.5, 6440.0], [76990.0, 20.0], [76945.0, 16550.0], [76942.5, 6630.0]], "asks": [[77160.0, 6560.0], [77167.5, 100.0], [77170.0, 6610.0], [77175.0, 20.0], [77180.0, 10450.0], [77187.5, 10000.0], [77200.0, 6470.0], [77210.0, 6390.0], [77227.5, 6640.0], [77237.5, 6520.0], [77257.5, 6590.0], [77285.0, 6580.0], [77300.0, 6600.0], [77350.0, 6510.0], [77360.0, 6570.0], [77387.5, 13240.0], [77400.0, 500.0], [77410.0, 6560.0], [77415.0, 52990.0], [77417.5, 50000.0]]}}}
{"jsonrpc": "2.0", "method": "subscription", "params": {"channel": "book.BTC-11APR25.none.20.100ms", "data": {"timestamp": 1744181258218, "change_id": 96395724203, "instrument_name": "BTC-11APR25", "bids": [[77112.5, 7500.0], [77110.0, 3650.0], [77107.5, 7500.0], [77105.0, 1170.0], [77102.5, 3890.0], [77100.0, 6320.0], [77097.5, 11400.0], [77095.0, 1400.0], [77092.5, 170.0], [77085.0, 1500.0], [77082.5, 7570.0], [77072.5, 7570.0], [77057.5, 7570.0], [77052.5, 20.0], [77045.0, 7570.0], [77000.0, 7560.0], [76990.0, 7380.0], [76937.5, 7510.0], [76930.0, 20.0], [76890.0, 13240.0]], "asks": [[77130.0, 1400.0], [77132.5, 100.0], [77137.5, 23890.0], [77140.0, 50000.0], [77142.5, 26420.0], [77147.5, 10000.0], [77162.5, 7570.0], [77172.5, 7680.0], [77175.0, 20.0], [77182.5, 7680.0], [77200.0, 7530.0], [77210.0, 7550.0], [77220.0, 7620.0], [77232.5, 7400.0], [77237.5, 20.0], [77242.5, 7460.0], [77272.5, 105000.0], [77292.5, 7630.0], [77300.0, 20.0], [77340.0, 500.0]]}}}
{"jsonrpc": "2.0", "method": "subscription", "params": {"channel": "book.BTC-18APR25.none.20.100ms", "data": {"timestamp": 1744181258208, "change_id": 96395724193, "instrument_name": "BTC-18APR25", "bids": [[77150.0, 3920.0], [77147.5, 13060.0], [77145.0, 1590.0], [77142.5, 3890.0], [77140.0, 6370.0], [77137.5, 16560.0], [77132.5, 420.0], [77130.0, 3370.0], [77127.5, 6560.0], [77122.5, 450.0], [77120.0, 3470.0], [77117.5, 6560.0], [77110.0, 1970.0], [77107.5, 6570.0], [77095.0, 480.0], [77092.5, 1600.0], [77090.0, 1970.0], [77087.5, 6570.0], [77077.5, 6340.0], [77067.5, 6560.0]], "asks": [[77157.5, 3790.0], [77160.0, 6560.0], [77165.0, 4380.0], [77167.5, 8000.0], [77170.0, 6610.0], [77175.0, 20.0], [77177.5, 1400.0], [77180.0, 10450.0], [77182.5, 17040.0], [77187.5, 10000.0], [77200.0, 6470.0], [77210.0, 6390.0], [77227.5, 6640.0], [77237.5, 6520.0], [77257.5, 6590.0], [77285.0, 6580.0], [77300.0, 6600.0], [77350.0, 6510.0], [77360.0, 6570.0], [77387.5, 13240.0]]}}}
{"jsonrpc": "2.0", "method": "subscription", "params": {"channel": "book.BTC-18APR25.none.20.100ms", "data": {"timestamp": 1744181258558, "change_id": 96395724923, "instrument_name": "BTC-18APR25", "bids": [[77150.0, 1970.0], [77147.5, 6560.0], [77145.0, 1590.0], [77142.5, 3890.0], [77140.0, 6370.0], [77137.5, 16560.0], [77132.5, 420.0], [77130.0, 3370.0], [77127.5, 6560.0], [77122.5, 450.0], [77120.0, 3470.0], [77117.5, 6560.0], [77110.0, 1970.0], [77107.5, 6570.0], [77095.0, 480.0], [77092.5, 1600.0], [77090.0, 1970.0], [77087.5, 6570.0], [77080.0, 1900.0], [77077.5, 6340.0]], "asks": [[77157.5, 3790.0], [77160.0, 6560.0], [77165.0, 4380.0], [77167.5, 8000.0], [77170.0, 6610.0], [77175.0, 20.0], [77177.5, 4540.0], [77180.0, 15560.0], [77182.5, 17040.0], [77185.0, 4590.0], [77187.5, 10000.0], [77190.0, 6560.0], [77197.5, 1940.0], [77200.0, 6470.0], [77207.5, 1920.0], [77210.0, 6390.0], [77225.0, 1990.0], [77227.5, 6640.0], [77235.0, 1960.0], [77237.5, 6520.0]]}}}
{"jsonrpc": "2.0", "method": "subscription", "params": {"channel": "book.BTC-11APR25.none.20.100ms", "data": {"timestamp": 1744181259057, "change_id": 96395725646, "instrument_name": "BTC-11APR25", "bids": [[77105.0, 1910.0], [77100.0, 6320.0], [77097.5, 11400.0], [77095.0, 3000.0], [77092.5, 170.0], [77087.5, 450.0], [77085.0, 1500.0], [77075.0, 2270.0], [77072.5, 7570.0], [77060.0, 2270.0], [77057.5, 7570.0], [77052.5, 20.0], [77047.5, 2270.0], [77045.0, 7570.0], [77002.5, 2270.0], [77000.0, 7560.0], [76992.5, 2210.0], [76990.0, 7380.0], [76937.5, 7510.0], [76930.0, 20.0]], "asks": [[77112.5, 260.0], [77115.0, 1860.0], [77117.5, 420.0], [77120.0, 1400.0], [77122.5, 1400.0], [77125.0, 16300.0], [77127.5, 21400.0], [77130.0, 72990.0], [77132.5, 54480.0], [77135.0, 1170.0], [77137.5, 3890.0], [77140.0, 7930.0], [77142.5, 26420.0], [77147.5, 10000.0], [77160.0, 2270.0], [77162.5, 7570.0], [77172.5, 7680.0], [77175.0, 20.0], [77182.5, 7680.0], [77197.5, 2260.0]]}}}
{"jsonrpc": "2.0", "method": "subscription", "params": {"channel": "book.BTC-18APR25.none.20.100ms", "data": {"timestamp": 1744181259057, "change_id": 96395725645, "instrument_name": "BTC-18APR25", "bids": [[77142.5, 3890.0], [77137.5, 10000.0], [77130.0, 3370.0], [77127.5, 6560.0], [77122.5, 450.0], [77120.0, 1500.0], [77117.5, 6560.0], [77110.0, 1970.0], [77107.5, 6570.0], [77095.0, 480.0], [77092.5, 1600.0], [77087.5, 6570.0], [77080.0, 1900.0], [77077.5, 6340.0], [77070.0, 1970.0], [77067.5, 6560.0], [77057.5, 6520.0], [77052.5, 20.0], [76997.5, 6440.0], [76990.0, 20.0]], "asks": [[77145.0, 6500.0], [77147.5, 14740.0], [77150.0, 6560.0], [77155.0, 1400.0], [77157.5, 1400.0], [77160.0, 6560.0], [77167.5, 1500.0], [77170.0, 6610.0], [77175.0, 20.0], [77177.5, 1400.0], [77180.0, 10450.0], [77185.0, 1590.0], [77187.5, 10000.0], [77190.0, 6560.0], [77200.0, 6470.0], [77207.5, 1920.0], [77210.0, 6390.0], [77227.5, 6640.0], [77237.5, 6520.0], [77257.5, 6590.0]]}}}
{"jsonrpc": "2.0", "method": "subscription", "params": {"channel": "book.BTC-11APR25.none.20.100ms", "data": {"timestamp": 1744181259375, "change_id": 96395726842, "instrument_name": "BTC-11APR25", "bids": [[77107.5, 1400.0], [77105.0, 1400.0], [77102.5, 1400.0], [77100.0, 2480.0], [77097.5, 11400.0], [77095.0, 1400.0], [77092.5, 170.0], [77087.5, 3890.0], [77085.0, 100.0], [77075.0, 7570.0], [77057.5, 7570.0], [77052.5, 20.0], [77045.0, 7570.0], [77000.0, 7560.0], [76990.0, 7380.0], [76937.5, 7510.0], [76930.0, 20.0], [76890.0, 13240.0], [76887.5, 7540.0], [76882.5, 52990.0]], "asks": [[77120.0, 1400.0], [77122.5, 21500.0], [77125.0, 5290.0], [77127.5, 1400.0], [77130.0, 51400.0], [77132.5, 54380.0], [77135.0, 10000.0], [77142.5, 26420.0], [77152.5, 7570.0], [77162.5, 7570.0], [77172.5, 7680.0], [77175.0, 20.0], [77182.5, 7680.0], [77200.0, 7530.0], [77210.0, 7550.0], [77220.0, 7620.0], [77232.5, 7400.0], [77237.5, 20.0], [77242.5, 7460.0], [77272.5, 105000.0]]}}}
{"jsonrpc": "2.0", "method": "subscription", "params": {"channel": "book.BTC-18APR25.none.20.100ms", "data": {"timestamp": 1744181259357, "change_id": 96395726752, "instrument_name": "BTC-18APR25", "bids": [[77140.0, 6560.0], [77137.5, 16500.0], [77130.0, 5290.0], [77127.5, 6560.0], [77122.5, 1400.0], [77120.0, 1500.0], [77117.5, 6560.0], [77107.5, 6570.0], [77087.5, 6570.0], [77077.5, 6340.0], [77070.0, 1600.0], [77067.5, 6560.0], [77057.5, 6520.0], [77052.5, 20.0], [76997.5, 6440.0], [76990.0, 20.0], [76945.0, 16550.0], [76942.5, 6630.0], [76930.0, 20.0], [76907.5, 50000.0]], "asks": [[77150.0, 7960.0], [77155.0, 7900.0], [77157.5, 1500.0], [77160.0, 6560.0], [77167.5, 1400.0], [77170.0, 10500.0], [77175.0, 10020.0], [77177.5, 1400.0], [77180.0, 6560.0], [77190.0, 6560.0], [77200.0, 6470.0], [77210.0, 6390.0], [77227.5, 6640.0], [77237.5, 6520.0], [77257.5, 6590.0], [77285.0, 6580.0], [77300.0, 6600.0], [77350.0, 6510.0], [77360.0, 6570.0], [77387.5, 13240.0]]}}}
{"jsonrpc": "2.0", "method": "subscription", "params": {"channel": "book.BTC-11APR25.none.20.100ms", "data": {"timestamp": 1744181259467, "change_id": 96395726957, "instrument_name": "BTC-11APR25", "bids": [[77107.5, 1400.0], [77105.0, 1400.0], [77102.5, 1400.0], [77100.0, 2480.0], [77097.5, 11400.0], [77095.0, 1400.0], [77092.5, 170.0], [77087.5, 3890.0], [77085.0, 100.0], [77075.0, 7570.0], [77057.5, 7570.0], [77052.5, 20.0], [77000.0, 7560.0], [76990.0, 7380.0], [76937.5, 7510.0], [76930.0, 20.0], [76890.0, 13240.0], [76887.5, 7540.0], [76882.5, 52990.0], [76880.0, 105000.0]], "asks": [[77120.0, 1400.0], [77122.5, 21500.0], [77125.0, 5290.0], [77127.5, 1400.0], [77130.0, 51400.0], [77132.5, 54380.0], [77135.0, 10000.0], [77142.5, 26420.0], [77162.5, 7570.0], [77172.5, 7680.0], [77175.0, 20.0], [77182.5, 7680.0], [77200.0, 7530.0], [77210.0, 7550.0], [77220.0, 7620.0], [77232.5, 7400.0], [77237.5, 20.0], [77242.5, 7460.0], [77272.5, 105000.0], [77292.5, 7630.0]]}}}
{"jsonrpc": "2.0", "method": "subscription", "params": {"channel": "book.BTC-18APR25.none.20.100ms", "data": {"timestamp": 1744181259708, "change_id": 96395727274, "instrument_name": "BTC-18APR25", "bids": [[77142.5, 1970.0], [77140.0, 9560.0], [77137.5, 10000.0], [77132.5, 1590.0], [77130.0, 7260.0], [77127.5, 6560.0], [77125.0, 870.0], [77122.5, 1400.0], [77120.0, 3470.0], [77117.5, 6560.0], [77110.0, 1970.0], [77107.5, 6570.0], [77090.0, 1970.0], [77087.5, 6570.0], [77080.0, 1900.0], [77077.5, 6340.0], [77072.5, 480.0], [77070.0, 3570.0], [77067.5, 6560.0], [77060.0, 1960.0]], "asks": [[77150.0, 1400.0], [77152.5, 2370.0], [77155.0, 7900.0], [77157.5, 3470.0], [77160.0, 6560.0], [77167.5, 4550.0], [77170.0, 10500.0], [77172.5, 3010.0], [77175.0, 10020.0], [77177.5, 3370.0], [77180.0, 6560.0], [77187.5, 1970.0], [77190.0, 6560.0], [77197.5, 1940.0], [77200.0, 6470.0], [77207.5, 1920.0], [77210.0, 6390.0], [77225.0, 1990.0], [77227.5, 6640.0], [77237.5, 6520.0]]}}}
{"jsonrpc": "2.0", "method": "subscription", "params": {"channel": "book.BTC-18APR25.none.20.100ms", "data": {"timestamp": 1744181260024, "change_id": 96395727887, "instrument_name": "BTC-18APR25", "bids": [[77140.0, 3000.0], [77137.5, 10000.0], [77132.5, 1590.0], [77130.0, 7260.0], [77127.5, 6560.0], [77125.0, 870.0], [77122.5, 1400.0], [77120.0, 3470.0], [77117.5, 6560.0], [77110.0, 1970.0], [77107.5, 6570.0], [77090.0, 1970.0], [77087.5, 6570.0], [77080.0, 1900.0], [77077.5, 6340.0], [77072.5, 480.0], [77070.0, 3570.0], [77067.5, 6560.0], [77060.0, 1960.0], [77057.5, 6520.0]], "asks": [[77147.5, 7900.0], [77150.0, 14460.0], [77152.5, 420.0], [77155.0, 1400.0], [77157.5, 3470.0], [77160.0, 6560.0], [77167.5, 13240.0], [77170.0, 40790.0], [77172.5, 3010.0], [77175.0, 10020.0], [77177.5, 3370.0], [77180.0, 6560.0], [77187.5, 1970.0], [77190.0, 6560.0], [77197.5, 1940.0], [77200.0, 6470.0], [77207.5, 1920.0], [77210.0, 6390.0], [77225.0, 1990.0], [77227.5, 6640.0]]}}}
{"jsonrpc": "2.0", "method": "subscription", "params": {"channel": "book.BTC-11APR25.none.20.100ms", "data": {"timestamp": 1744181260374, "change_id": 96395728985, "instrument_name": "BTC-11APR25", "bids": [[77102.5, 1400.0], [77100.0, 2480.0], [77097.5, 10000.0], [77095.0, 1400.0], [77092.5, 590.0], [77090.0, 2600.0], [77087.5, 3890.0], [77085.0, 100.0], [77075.0, 480.0], [77072.5, 1600.0], [77060.0, 2270.0], [77057.5, 7570.0], [77052.5, 20.0], [77002.5, 2270.0], [77000.0, 7560.0], [76992.5, 2210.0], [76990.0, 7380.0], [76940.0, 2250.0], [76937.5, 7510.0], [76930.0, 20.0]], "asks": [[77110.0, 420.0], [77115.0, 2240.0], [77117.5, 1400.0], [77120.0, 9440.0], [77122.5, 21500.0], [77125.0, 3890.0], [77127.5, 16820.0], [77130.0, 54400.0], [77135.0, 10000.0], [77140.0, 7930.0], [77142.5, 26420.0], [77145.0, 2270.0], [77147.5, 7570.0], [77160.0, 2270.0], [77162.5, 7570.0], [77170.0, 2310.0], [77172.5, 7680.0], [77175.0, 20.0], [77180.0, 2300.0], [77182.5, 7680.0]]}}}
{"jsonrpc": "2.0", "method": "subscription", "params": {"channel": "book.BTC-18APR25.none.20.100ms", "data": {"timestamp": 1744181260381, "change_id": 96395729048, "instrument_name": "BTC-18APR25", "bids": [[77137.5, 10010.0], [77130.0, 5290.0], [77127.5, 6560.0], [77125.0, 870.0], [77122.5, 1400.0], [77120.0, 3470.0], [77117.5, 6560.0], [77110.0, 1970.0], [77107.5, 6570.0], [77090.0, 1970.0], [77087.5, 6570.0], [77080.0, 1900.0], [77077.5, 6340.0], [77072.5, 480.0], [77070.0, 3570.0], [77067.5, 6560.0], [77060.0, 1960.0], [77057.5, 6520.0], [77052.5, 20.0], [76997.5, 6440.0]], "asks": [[77140.0, 6570.0], [77142.5, 4630.0], [77145.0, 1400.0], [77147.5, 1400.0], [77150.0, 7960.0], [77152.5, 420.0], [77155.0, 1400.0], [77157.5, 3470.0], [77160.0, 6560.0], [77167.5, 13240.0], [77170.0, 40790.0], [77172.5, 3010.0], [77175.0, 10020.0], [77177.5, 1970.0], [77180.0, 6560.0], [77187.5, 1970.0], [77190.0, 6560.0], [77197.5, 1940.0], [77200.0, 6470.0], [77207.5, 1920.0]]}}}
{"jsonrpc": "2.0", "method": "subscription", "params": {"channel": "book.BTC-11APR25.none.20.100ms", "data": {"timestamp": 1744181260704, "change_id": 96395729748, "instrument_name": "BTC-11APR25", "bids": [[77102.5, 740.0], [77100.0, 2480.0], [77097.5, 420.0], [77095.0, 1400.0], [77092.5, 420.0], [77090.0, 1400.0], [77085.0, 4020.0], [77082.5, 13890.0], [77075.0, 480.0], [77072.5, 1700.0], [77070.0, 2270.0], [77067.5, 7570.0], [77060.0, 2270.0], [77057.5, 7570.0], [77052.5, 20.0], [77002.5, 2270.0], [77000.0, 7560.0], [76992.5, 2210.0], [76990.0, 7380.0], [76940.0, 2250.0]], "asks": [[77110.0, 1570.0], [77112.5, 6080.0], [77115.0, 43440.0], [77117.5, 5290.0], [77120.0, 79980.0], [77122.5, 78620.0], [77125.0, 840.0], [77127.5, 1400.0], [77130.0, 4400.0], [77135.0, 10000.0], [77140.0, 7930.0], [77142.5, 26420.0], [77145.0, 2270.0], [77147.5, 7570.0], [77160.0, 2270.0], [77162.5, 7570.0], [77170.0, 2310.0], [77172.5, 7680.0], [77175.0, 20.0], [77180.0, 2300.0]]}}}
{"jsonrpc": "2.0", "method": "subscription", "params": {"channel": "book.BTC-18APR25.none.20.100ms", "data": {"timestamp": 1744181260611, "change_id": 96395729595, "instrument_name": "BTC-18APR25", "bids": [[77135.0, 10.0], [77132.5, 420.0], [77130.0, 4540.0], [77127.5, 6560.0], [77125.0, 7650.0], [77122.5, 11400.0], [77120.0, 3370.0], [77117.5, 6560.0], [77110.0, 1970.0], [77107.5, 6670.0], [77090.0, 1970.0], [77087.5, 6570.0], [77080.0, 1900.0], [77077.5, 6340.0], [77072.5, 480.0], [77070.0, 3570.0], [77067.5, 6560.0], [77060.0, 1960.0], [77057.5, 6520.0], [77052.5, 20.0]], "asks": [[77137.5, 1400.0], [77140.0, 840.0], [77142.5, 1400.0], [77145.0, 1400.0], [77147.5, 3790.0], [77150.0, 7960.0], [77152.5, 420.0], [77155.0, 1400.0], [77157.5, 3470.0], [77160.0, 6560.0], [77167.5, 11840.0], [77170.0, 40790.0], [77172.5, 3010.0], [77175.0, 10020.0], [77177.5, 1970.0], [77180.0, 6560.0], [77187.5, 1970.0], [77190.0, 6560.0], [77197.5, 1940.0], [77200.0, 6470.0]]}}}
{"jsonrpc": "2.0", "method": "subscription", "params": {"channel": "book.BTC-11APR25.none.20.100ms", "data": {"timestamp": 1744181260903, "change_id": 96395729912, "instrument_name": "BTC-11APR25", "bids": [[77107.5, 170.0], [77102.5, 740.0], [77100.0, 2480.0], [77097.5, 420.0], [77095.0, 1400.0], [77092.5, 420.0], [77090.0, 1400.0], [77085.0, 4020.0], [77082.5, 13890.0], [77075.0, 480.0], [77072.5, 1700.0], [77070.0, 2270.0], [77067.5, 7570.0], [77060.0, 2270.0], [77057.5, 7570.0], [77052.5, 20.0], [77002.5, 2270.0], [77000.0, 7560.0], [76992.5, 2210.0], [76990.0, 7380.0]], "asks": [[77110.0, 1400.0], [77112.5, 22670.0], [77115.0, 21400.0], [77117.5, 5290.0], [77120.0, 79980.0], [77122.5, 78620.0], [77125.0, 840.0], [77127.5, 1400.0], [77130.0, 4400.0], [77135.0, 10000.0], [77140.0, 7930.0], [77142.5, 26420.0], [77145.0, 2270.0], [77147.5, 7570.0], [77160.0, 2270.0], [77162.5, 7570.0], [77170.0, 2310.0], [77172.5, 7680.0], [77175.0, 20.0], [77180.0, 2300.0]]}}}
{"jsonrpc": "2.0", "method": "subscription", "params": {"channel": "book.BTC-11APR25.none.20.100ms", "data": {"timestamp": 1744181261357, "change_id": 96395730850, "instrument_name": "BTC-11APR25", "bids": [[77100.0, 2480.0], [77095.0, 1400.0], [77092.5, 10000.0], [77090.0, 420.0], [77087.5, 1400.0], [77085.0, 1170.0], [77082.5, 3890.0], [77075.0, 480.0], [77072.5, 1700.0], [77070.0, 2270.0], [77067.5, 7570.0], [77060.0, 2270.0], [77057.5, 7570.0], [77052.5, 20.0], [77002.5, 2270.0], [77000.0, 7560.0], [76992.5, 2210.0], [76990.0, 7380.0], [76940.0, 2250.0], [76937.5, 7510.0]], "asks": [[77105.0, 2270.0], [77107.5, 1400.0], [77110.0, 8240.0], [77112.5, 21400.0], [77115.0, 1400.0], [77117.5, 20710.0], [77120.0, 59440.0], [77122.5, 100.0], [77130.0, 3000.0], [77135.0, 10000.0], [77140.0, 7930.0], [77142.5, 26420.0], [77145.0, 2270.0], [77147.5, 7570.0], [77160.0, 2270.0], [77162.5, 7570.0], [77170.0, 2310.0], [77172.5, 7680.0], [77175.0, 20.0], [77180.0, 2300.0]]}}}
{"jsonrpc": "2.0", "method": "subscription", "params": {"channel": "book.BTC-18APR25.none.20.100ms", "data": {"timestamp": 1744181261342, "change_id": 96395730886, "instrument_name": "BTC-18APR25", "bids": [[77132.5, 10000.0], [77125.0, 3890.0], [77122.5, 1400.0], [77120.0, 3370.0], [77117.5, 6560.0], [77110.0, 1970.0], [77107.5, 6670.0], [77090.0, 1970.0], [77087.5, 6570.0], [77080.0, 1900.0], [77077.5, 6340.0], [77072.5, 480.0], [77070.0, 3570.0], [77067.5, 6560.0], [77060.0, 1960.0], [77057.5, 6520.0], [77052.5, 20.0], [76997.5, 6440.0], [76990.0, 20.0], [76945.0, 16550.0]], "asks": [[77135.0, 1410.0], [77137.5, 1400.0], [77140.0, 420.0], [77145.0, 1400.0], [77147.5, 3790.0], [77150.0, 7960.0], [77152.5, 420.0], [77155.0, 1400.0], [77157.5, 3470.0], [77160.0, 6560.0], [77167.5, 3150.0], [77170.0, 10500.0], [77172.5, 3010.0], [77175.0, 10020.0], [77177.5, 1970.0], [77180.0, 6560.0], [77187.5, 1970.0], [77190.0, 6560.0], [77197.5, 1940.0], [77200.0, 6470.0]]}}}
{"jsonrpc": "2.0", "method": "subscription", "params": {"channel": "book.BTC-11APR25.none.20.100ms", "data": {"timestamp": 1744181261705, "change_id": 96395731832, "instrument_name": "BTC-11APR25", "bids": [[77097.5, 170.0], [77095.0, 3740.0], [77092.5, 12480.0], [77090.0, 420.0], [77087.5, 1400.0], [77077.5, 1170.0], [77075.0, 4370.0], [77072.5, 1700.0], [77060.0, 2270.0], [77057.5, 7570.0], [77052.5, 20.0], [77002.5, 2270.0], [77000.0, 7560.0], [76992.5, 2210.0], [76990.0, 7380.0], [76940.0, 2250.0], [76937.5, 7510.0], [76930.0, 20.0], [76890.0, 13240.0], [76887.5, 7540.0]], "asks": [[77100.0, 1400.0], [77102.5, 1400.0], [77105.0, 2240.0], [77107.5, 1400.0], [77110.0, 22390.0], [77112.5, 21500.0], [77115.0, 77420.0], [77117.5, 80030.0], [77120.0, 1400.0], [77122.5, 3000.0], [77125.0, 10000.0], [77130.0, 3000.0], [77135.0, 7570.0], [77140.0, 7930.0], [77142.5, 26420.0], [77145.0, 2270.0], [77147.5, 7570.0], [77160.0, 2270.0], [77162.5, 7570.0], [77170.0, 2310.0]]}}}
{"jsonrpc": "2.0", "method": "subscription", "params": {"channel": "book.BTC-18APR25.none.20.100ms", "data": {"timestamp": 1744181261693, "change_id": 96395731824, "instrument_name": "BTC-18APR25", "bids": [[77132.5, 10000.0], [77127.5, 1170.0], [77125.0, 3890.0], [77122.5, 420.0], [77120.0, 3370.0], [77117.5, 6560.0], [77110.0, 1970.0], [77107.5, 6670.0], [77090.0, 1970.0], [77087.5, 6570.0], [77080.0, 1900.0], [77077.5, 6340.0], [77072.5, 480.0], [77070.0, 3570.0], [77067.5, 6560.0], [77060.0, 1960.0], [77057.5, 6520.0], [77052.5, 20.0], [77000.0, 1930.0], [76997.5, 6440.0]], "asks": [[77135.0, 1410.0], [77137.5, 1400.0], [77140.0, 420.0], [77145.0, 1400.0], [77147.5, 3890.0], [77150.0, 7960.0], [77152.5, 420.0], [77155.0, 1400.0], [77157.5, 26270.0], [77160.0, 83710.0], [77165.0, 10000.0], [77170.0, 6610.0], [77175.0, 20.0], [77177.5, 1970.0], [77180.0, 6560.0], [77187.5, 1970.0], [77190.0, 6560.0], [77197.5, 1940.0], [77200.0, 6470.0], [77207.5, 1920.0]]}}}
{"jsonrpc": "2.0", "method": "subscription", "params": {"channel": "book.BTC-11APR25.none.20.100ms", "data": {"timestamp": 1744181261903, "change_id": 96395732115, "instrument_name": "BTC-11APR25", "bids": [[77097.5, 170.0], [77095.0, 3740.0], [77092.5, 12480.0], [77090.0, 420.0], [77087.5, 1400.0], [77077.5, 1170.0], [77075.0, 4370.0], [77072.5, 1700.0], [77060.0, 2270.0], [77057.5, 7570.0], [77052.5, 20.0], [77002.5, 2270.0], [77000.0, 7560.0], [76992.5, 2210.0], [76990.0, 7380.0], [76940.0, 2250.0], [76937.5, 7510.0], [76930.0, 20.0], [76890.0, 13240.0], [76887.5, 7540.0]], "asks": [[77100.0, 1400.0], [77102.5, 1400.0], [77105.0, 3300.0], [77107.5, 1400.0], [77110.0, 26280.0], [77112.5, 21500.0], [77115.0, 51820.0], [77120.0, 1400.0], [77122.5, 3000.0], [77125.0, 10000.0], [77130.0, 3000.0], [77135.0, 7570.0], [77140.0, 7930.0], [77142.5, 26420.0], [77145.0, 2270.0], [77147.5, 7570.0], [77160.0, 2270.0], [77162.5, 7570.0], [77170.0, 2310.0], [77172.5, 7680.0]]}}}
{"jsonrpc": "2.0", "method": "subscription", "params": {"channel": "book.BTC-18APR25.none.20.100ms", "data": {"timestamp": 1744181261809, "change_id": 96395731983, "instrument_name": "BTC-18APR25", "bids": [[77132.5, 10000.0], [77127.5, 1170.0], [77125.0, 3890.0], [77122.5, 420.0], [77120.0, 3370.0], [77117.5, 6560.0], [77110.0, 1970.0], [77107.5, 6670.0], [77090.0, 1970.0], [77087.5, 6570.0], [77080.0, 1900.0], [77077.5, 6340.0], [77072.5, 480.0], [77070.0, 3570.0], [77067.5, 6560.0], [77060.0, 1960.0], [77057.5, 6520.0], [77052.5, 20.0], [77000.0, 1930.0], [76997.5, 6440.0]], "asks": [[77135.0, 7970.0], [77137.5, 1400.0], [77140.0, 420.0], [77145.0, 1400.0], [77147.5, 3890.0], [77150.0, 7960.0], [77152.5, 1530.0], [77155.0, 5290.0], [77157.5, 26270.0], [77160.0, 83710.0], [77165.0, 10000.0], [77170.0, 6610.0], [77175.0, 20.0], [77177.5, 1970.0], [77180.0, 6560.0], [77187.5, 1970.0], [77190.0, 6560.0], [77197.5, 1940.0], [77200.0, 6470.0], [77207.5, 1920.0]]}}}
{"jsonrpc": "2.0", "method": "subscription", "params": {"channel": "book.BTC-11APR25.none.20.100ms", "data": {"timestamp": 1744181262317, "change_id": 96395733170, "instrument_name": "BTC-11APR25", "bids": [[77105.0, 1570.0], [77102.5, 1820.0], [77100.0, 2240.0], [77097.5, 1400.0], [77095.0, 5140.0], [77092.5, 12480.0], [77077.5, 1170.0], [77075.0, 4370.0], [77072.5, 1700.0], [77060.0, 2270.0], [77057.5, 7570.0], [77052.5, 20.0], [77002.5, 2270.0], [77000.0, 7560.0], [76992.5, 2210.0], [76990.0, 7380.0], [76940.0, 2250.0], [76937.5, 7510.0], [76930.0, 20.0], [76890.0, 13240.0]], "asks": [[77107.5, 21400.0], [77110.0, 82840.0], [77112.5, 1500.0], [77120.0, 18000.0], [77122.5, 50000.0], [77125.0, 10000.0], [77140.0, 7930.0], [77142.5, 26420.0], [77145.0, 2270.0], [77147.5, 7570.0], [77160.0, 2270.0], [77162.5, 7570.0], [77170.0, 2310.0], [77172.5, 7680.0], [77175.0, 20.0], [77180.0, 2300.0], [77182.5, 7680.0], [77197.5, 2260.0], [77200.0, 7530.0], [77207.5, 2270.0]]}}}
{"jsonrpc": "2.0", "method": "subscription", "params": {"channel": "book.BTC-18APR25.none.20.100ms", "data": {"timestamp": 1744181262259, "change_id": 96395733173, "instrument_name": "BTC-18APR25", "bids": [[77135.0, 10.0], [77132.5, 10000.0], [77127.5, 1170.0], [77125.0, 4730.0], [77122.5, 1400.0], [77120.0, 3370.0], [77117.5, 6560.0], [77110.0, 1970.0], [77107.5, 6670.0], [77090.0, 1970.0], [77087.5, 6570.0], [77080.0, 1900.0], [77077.5, 6340.0], [77072.5, 480.0], [77070.0, 3570.0], [77067.5, 6560.0], [77060.0, 1960.0], [77057.5, 6520.0], [77052.5, 20.0], [77000.0, 1930.0]], "asks": [[77137.5, 1400.0], [77140.0, 420.0], [77145.0, 1400.0], [77147.5, 3890.0], [77150.0, 7960.0], [77152.5, 2930.0], [77155.0, 5290.0], [77157.5, 3370.0], [77160.0, 6560.0], [77165.0, 10000.0], [77170.0, 6610.0], [77175.0, 20.0], [77177.5, 1970.0], [77180.0, 6560.0], [77187.5, 1970.0], [77190.0, 6560.0], [77197.5, 1940.0], [77200.0, 6470.0], [77207.5, 1920.0], [77210.0, 6390.0]]}}}
{"jsonrpc": "2.0", "method": "subscription", "params": {"channel": "book.BTC-11APR25.none.20.100ms", "data": {"timestamp": 1744181262561, "change_id": 96395733501, "instrument_name": "BTC-11APR25", "bids": [[77102.5, 1400.0], [77100.0, 2240.0], [77097.5, 1400.0], [77095.0, 5140.0], [77092.5, 12480.0], [77077.5, 1170.0], [77075.0, 4370.0], [77072.5, 1700.0], [77060.0, 2270.0], [77057.5, 7570.0], [77052.5, 20.0], [77002.5, 2270.0], [77000.0, 7560.0], [76992.5, 2210.0], [76990.0, 7380.0], [76940.0, 2250.0], [76937.5, 7510.0], [76930.0, 20.0], [76890.0, 13240.0], [76887.5, 7540.0]], "asks": [[77105.0, 1440.0], [77107.5, 95400.0], [77110.0, 78500.0], [77112.5, 1500.0], [77115.0, 1170.0], [77117.5, 3890.0], [77120.0, 3000.0], [77125.0, 10000.0], [77140.0, 7930.0], [77142.5, 26420.0], [77145.0, 2270.0], [77147.5, 7570.0], [77160.0, 2270.0], [77162.5, 7570.0], [77170.0, 2310.0], [77172.5, 7680.0], [77175.0, 20.0], [77180.0, 2300.0], [77182.5, 7680.0], [77197.5, 2260.0]]}}}
{"jsonrpc": "2.0", "method": "subscription", "params": {"channel": "book.BTC-18APR25.none.20.100ms", "data": {"timestamp": 1744181262633, "change_id": 96395733549, "instrument_name": "BTC-18APR25", "bids": [[77132.5, 10000.0], [77127.5, 1170.0], [77125.0, 4730.0], [77122.5, 1400.0], [77120.0, 3370.0], [77117.5, 6560.0], [77110.0, 1970.0], [77107.5, 6670.0], [77090.0, 1970.0], [77087.5, 6570.0], [77080.0, 1900.0], [77077.5, 6340.0], [77072.5, 480.0], [77070.0, 3570.0], [77067.5, 6560.0], [77060.0, 1960.0], [77057.5, 6520.0], [77052.5, 20.0], [77000.0, 1930.0], [76997.5, 6440.0]], "asks": [[77135.0, 7970.0], [77137.5, 1400.0], [77140.0, 420.0], [77145.0, 1400.0], [77147.5, 3890.0], [77150.0, 7960.0], [77152.5, 2930.0], [77155.0, 5290.0], [77157.5, 3370.0], [77160.0, 6560.0], [77165.0, 10000.0], [77170.0, 6610.0], [77175.0, 20.0], [77177.5, 1970.0], [77180.0, 6560.0], [77187.5, 1970.0], [77190.0, 6560.0], [77197.5, 1940.0], [77200.0, 6470.0], [77207.5, 1920.0]]}}}
{"jsonrpc": "2.0", "method": "subscription", "params": {"channel": "book.BTC-11APR25.none.20.100ms", "data": {"timestamp": 1744181262964, "change_id": 96395734185, "instrument_name": "BTC-11APR25", "bids": [[77095.0, 170.0], [77092.5, 12480.0], [77077.5, 1170.0], [77075.0, 4370.0], [77072.5, 1700.0], [77060.0, 2270.0], [77057.5, 7570.0], [77052.5, 20.0], [77002.5, 2270.0], [77000.0, 7560.0], [76992.5, 2210.0], [76990.0, 7380.0], [76940.0, 2250.0], [76937.5, 7510.0], [76930.0, 20.0], [76902.5, 990.0], [76900.0, 3310.0], [76897.5, 7570.0], [76890.0, 13240.0], [76887.5, 7540.0]], "asks": [[77097.5, 1400.0], [77100.0, 2240.0], [77102.5, 1400.0], [77105.0, 46370.0], [77107.5, 71400.0], [77110.0, 82840.0], [77112.5, 1500.0], [77125.0, 10000.0], [77135.0, 7570.0], [77140.0, 7930.0], [77142.5, 26420.0], [77145.0, 2270.0], [77147.5, 7570.0], [77160.0, 2270.0], [77162.5, 7570.0], [77170.0, 2310.0], [77172.5, 7680.0], [77175.0, 20.0], [77180.0, 2300.0], [77182.5, 7680.0]]}}}
{"jsonrpc": "2.0", "method": "subscription", "params": {"channel": "book.BTC-18APR25.none.20.100ms", "data": {"timestamp": 1744181262981, "change_id": 96395734192, "instrument_name": "BTC-18APR25", "bids": [[77132.5, 10000.0], [77125.0, 2390.0], [77122.5, 6560.0], [77120.0, 1400.0], [77117.5, 1170.0], [77115.0, 3890.0], [77110.0, 1970.0], [77107.5, 6670.0], [77090.0, 1970.0], [77087.5, 6570.0], [77080.0, 1900.0], [77077.5, 6340.0], [77072.5, 480.0], [77070.0, 3570.0], [77067.5, 6560.0], [77060.0, 1960.0], [77057.5, 6520.0], [77052.5, 20.0], [77000.0, 1930.0], [76997.5, 6440.0]], "asks": [[77135.0, 7970.0], [77137.5, 1400.0], [77140.0, 420.0], [77145.0, 1400.0], [77147.5, 3890.0], [77150.0, 7960.0], [77152.5, 2930.0], [77155.0, 5290.0], [77157.5, 3370.0], [77160.0, 6560.0], [77165.0, 10000.0], [77170.0, 6610.0], [77175.0, 20.0], [77177.5, 1970.0], [77180.0, 6560.0], [77187.5, 1970.0], [77190.0, 6560.0], [77197.5, 1940.0], [77200.0, 6470.0], [77207.5, 1920.0]]}}}
{"jsonrpc": "2.0", "method": "subscription", "params": {"channel": "book.BTC-11APR25.none.20.100ms", "data": {"timestamp": 1744181263260, "change_id": 96395734844, "instrument_name": "BTC-11APR25", "bids": [[77097.5, 170.0], [77095.0, 3740.0], [77092.5, 12480.0], [77077.5, 1170.0], [77075.0, 4370.0], [77072.5, 1700.0], [77060.0, 2270.0], [77057.5, 7570.0], [77052.5, 20.0], [77002.5, 2270.0], [77000.0, 7560.0], [76992.5, 2210.0], [76990.0, 7380.0], [76940.0, 2250.0], [76937.5, 7510.0], [76930.0, 20.0], [76902.5, 990.0], [76900.0, 3310.0], [76897.5, 7570.0], [76890.0, 13240.0]], "asks": [[77102.5, 21400.0], [77105.0, 46370.0], [77107.5, 51400.0], [77110.0, 80990.0], [77112.5, 100.0], [77122.5, 3000.0], [77125.0, 10000.0], [77132.5, 2270.0], [77135.0, 7570.0], [77140.0, 7930.0], [77142.5, 26420.0], [77145.0, 2270.0], [77147.5, 7570.0], [77160.0, 2270.0], [77162.5, 7570.0], [77170.0, 2310.0], [77172.5, 7680.0], [77175.0, 20.0], [77180.0, 2300.0], [77182.5, 7680.0]]}}}
{"jsonrpc": "2.0", "method": "subscription", "params": {"channel": "book.BTC-18APR25.none.20.100ms", "data": {"timestamp": 1744181263243, "change_id": 96395734686, "instrument_name": "BTC-18APR25", "bids": [[77132.5, 10000.0], [77127.5, 420.0], [77125.0, 3790.0], [77122.5, 6560.0], [77120.0, 1400.0], [77117.5, 1170.0], [77115.0, 3890.0], [77110.0, 1970.0], [77107.5, 6670.0], [77090.0, 1970.0], [77087.5, 6570.0], [77080.0, 1900.0], [77077.5, 6340.0], [77072.5, 480.0], [77070.0, 3570.0], [77067.5, 6560.0], [77060.0, 1960.0], [77057.5, 6520.0], [77052.5, 20.0], [77000.0, 1930.0]], "asks": [[77135.0, 14470.0], [77137.5, 1400.0], [77140.0, 420.0], [77145.0, 1400.0], [77147.5, 3890.0], [77150.0, 7960.0], [77152.5, 25940.0], [77155.0, 82440.0], [77157.5, 3370.0], [77160.0, 6560.0], [77162.5, 3000.0], [77165.0, 10000.0], [77170.0, 6610.0], [77175.0, 20.0], [77177.5, 1970.0], [77180.0, 6560.0], [77187.5, 1970.0], [77190.0, 6560.0], [77197.5, 1940.0], [77200.0, 6470.0]]}}}
{"jsonrpc": "2.0", "method": "subscription", "params": {"channel": "book.BTC-18APR25.none.20.100ms", "data": {"timestamp": 1744181263512, "change_id": 96395735360, "instrument_name": "BTC-18APR25", "bids": [[77132.5, 10010.0], [77127.5, 420.0], [77125.0, 3790.0], [77122.5, 6560.0], [77120.0, 1400.0], [77117.5, 1170.0], [77115.0, 3890.0], [77110.0, 1970.0], [77107.5, 6670.0], [77090.0, 1970.0], [77087.5, 6570.0], [77080.0, 1900.0], [77077.5, 6340.0], [77072.5, 480.0], [77070.0, 3570.0], [77067.5, 6560.0], [77060.0, 1960.0], [77057.5, 6520.0], [77052.5, 20.0], [77000.0, 1930.0]], "asks": [[77135.0, 7970.0], [77137.5, 1400.0], [77140.0, 420.0], [77145.0, 1400.0], [77147.5, 3890.0], [77150.0, 7960.0], [77152.5, 25940.0], [77155.0, 82440.0], [77157.5, 3370.0], [77160.0, 6560.0], [77162.5, 3000.0], [77165.0, 10000.0], [77170.0, 6610.0], [77175.0, 20.0], [77177.5, 1970.0], [77180.0, 6560.0], [77187.5, 1970.0], [77190.0, 6560.0], [77197.5, 1940.0], [77200.0, 6470.0]]}}}
{"jsonrpc": "2.0", "method": "subscription", "params": {"channel": "book.BTC-11APR25.none.20.100ms", "data": {"timestamp": 1744181263839, "change_id": 96395735514, "instrument_name": "BTC-11APR25", "bids": [[77097.5, 170.0], [77095.0, 3740.0], [77092.5, 12480.0], [77077.5, 1170.0], [77075.0, 4370.0], [77072.5, 1700.0], [77070.0, 2270.0], [77067.5, 7570.0], [77060.0, 2270.0], [77057.5, 7570.0], [77052.5, 20.0], [77002.5, 2270.0], [77000.0, 7560.0], [76992.5, 2210.0], [76990.0, 7380.0], [76940.0, 2250.0], [76937.5, 7510.0], [76930.0, 20.0], [76902.5, 990.0], [76900.0, 3310.0]], "asks": [[77102.5, 21400.0], [77105.0, 46370.0], [77107.5, 53990.0], [77110.0, 80990.0], [77112.5, 100.0], [77122.5, 3000.0], [77125.0, 10000.0], [77132.5, 2270.0], [77135.0, 7570.0], [77140.0, 7930.0], [77142.5, 26420.0], [77145.0, 2270.0], [77147.5, 7570.0], [77160.0, 2270.0], [77162.5, 7570.0], [77170.0, 2310.0], [77172.5, 7680.0], [77175.0, 20.0], [77180.0, 2300.0], [77182.5, 7680.0]]}}}
{"jsonrpc": "2.0", "method": "subscription", "params": {"channel": "book.BTC-18APR25.none.20.100ms", "data": {"timestamp": 1744181263954, "change_id": 96395735761, "instrument_name": "BTC-18APR25", "bids": [[77132.5, 10010.0], [77127.5, 420.0], [77125.0, 3790.0], [77122.5, 6560.0], [77120.0, 1400.0], [77117.5, 1170.0], [77115.0, 3890.0], [77110.0, 1970.0], [77107.5, 6670.0], [77090.0, 1970.0], [77087.5, 6570.0], [77080.0, 1900.0], [77077.5, 6340.0], [77072.5, 480.0], [77070.0, 3570.0], [77067.5, 6560.0], [77060.0, 1960.0], [77057.5, 6520.0], [77052.5, 20.0], [77000.0, 1930.0]], "asks": [[77135.0, 7970.0], [77137.5, 1400.0], [77140.0, 420.0], [77145.0, 1400.0], [77147.5, 3890.0], [77150.0, 7960.0], [77152.5, 25940.0], [77155.0, 82440.0], [77157.5, 3370.0], [77160.0, 6560.0], [77162.5, 3000.0], [77165.0, 10000.0], [77170.0, 6610.0], [77175.0, 20.0], [77177.5, 1970.0], [77180.0, 6560.0], [77187.5, 1970.0], [77190.0, 6560.0], [77197.5, 1940.0], [77200.0, 6470.0]]}}}
{"jsonrpc": "2.0", "method": "subscription", "params": {"channel": "book.BTC-11APR25.none.20.100ms", "data": {"timestamp": 1744181264255, "change_id": 96395736247, "instrument_name": "BTC-11APR25", "bids": [[77097.5, 170.0], [77095.0, 4160.0], [77092.5, 13880.0], [77082.5, 420.0], [77080.0, 1400.0], [77077.5, 1170.0], [77075.0, 4370.0], [77072.5, 1700.0], [77060.0, 2270.0], [77057.5, 7570.0], [77052.5, 20.0], [77002.5, 2270.0], [77000.0, 7560.0], [76992.5, 2210.0], [76990.0, 7380.0], [76940.0, 2250.0], [76937.5, 7510.0], [76930.0, 20.0], [76902.5, 990.0], [76900.0, 3310.0]], "asks": [[77100.0, 1520.0], [77102.5, 21400.0], [77105.0, 46370.0], [77107.5, 53990.0], [77110.0, 80990.0], [77112.5, 100.0], [77122.5, 3000.0], [77125.0, 10000.0], [77132.5, 2270.0], [77135.0, 7570.0], [77140.0, 7930.0], [77142.5, 26420.0], [77145.0, 2270.0], [77147.5, 7570.0], [77160.0, 2270.0], [77162.5, 7570.0], [77170.0, 2310.0], [77172.5, 7680.0], [77175.0, 20.0], [77180.0, 2300.0]]}}}
{"jsonrpc": "2.0", "method": "subscription", "params": {"channel": "book.BTC-18APR25.none.20.100ms", "data": {"timestamp": 1744181264256, "change_id": 96395736248, "instrument_name": "BTC-18APR25", "bids": [[77132.5, 10000.0], [77127.5, 420.0], [77125.0, 3790.0], [77122.5, 6560.0], [77120.0, 1400.0], [77117.5, 1170.0], [77115.0, 4310.0], [77112.5, 1400.0], [77110.0, 1970.0], [77107.5, 6670.0], [77090.0, 1970.0], [77087.5, 6570.0], [77080.0, 1900.0], [77077.5, 6340.0], [77072.5, 480.0], [77070.0, 3570.0], [77067.5, 6560.0], [77060.0, 1960.0], [77057.5, 6520.0], [77052.5, 20.0]], "asks": [[77135.0, 6570.0], [77137.5, 1400.0], [77140.0, 420.0], [77145.0, 1400.0], [77147.5, 3890.0], [77150.0, 7960.0], [77152.5, 25940.0], [77155.0, 82440.0], [77157.5, 1970.0], [77160.0, 6560.0], [77162.5, 3000.0], [77165.0, 10000.0], [77167.5, 1980.0], [77170.0, 6610.0], [77175.0, 20.0], [77177.5, 1970.0], [77180.0, 6560.0], [77187.5, 1970.0], [77190.0, 6560.0], [77197.5, 1940.0]]}}}
{"jsonrpc": "2.0", "method": "subscription", "params": {"channel": "book.BTC-11APR25.none.20.100ms", "data": {"timestamp": 1744181264595, "change_id": 96395736606, "instrument_name": "BTC-11APR25", "bids": [[77097.5, 170.0], [77095.0, 4160.0], [77092.5, 13880.0], [77082.5, 420.0], [77080.0, 1400.0], [77077.5, 1170.0], [77075.0, 4370.0], [77072.5, 1700.0], [77060.0, 2270.0], [77057.5, 7570.0], [77052.5, 20.0], [77002.5, 2270.0], [77000.0, 7560.0], [76992.5, 2210.0], [76990.0, 7380.0], [76940.0, 2250.0], [76937.5, 7510.0], [76930.0, 20.0], [76902.5, 990.0], [76900.0, 3310.0]], "asks": [[77100.0, 120.0], [77102.5, 21400.0], [77105.0, 46370.0], [77107.5, 53990.0], [77110.0, 80990.0], [77112.5, 100.0], [77122.5, 3000.0], [77125.0, 10000.0], [77132.5, 2270.0], [77135.0, 7570.0], [77140.0, 7930.0], [77142.5, 26420.0], [77145.0, 2270.0], [77147.5, 7570.0], [77160.0, 2270.0], [77162.5, 7570.0], [77170.0, 2310.0], [77172.5, 7680.0], [77175.0, 20.0], [77180.0, 2300.0]]}}}
{"jsonrpc": "2.0", "method": "subscription", "params": {"channel": "book.BTC-18APR25.none.20.100ms", "data": {"timestamp": 1744181264389, "change_id": 96395736445, "instrument_name": "BTC-18APR25", "bids": [[77132.5, 10000.0], [77125.0, 3790.0], [77122.5, 6560.0], [77120.0, 1400.0], [77117.5, 1170.0], [77115.0, 4310.0], [77112.5, 1400.0], [77110.0, 1970.0], [77107.5, 6670.0], [77090.0, 1970.0], [77087.5, 6570.0], [77080.0, 1900.0], [77077.5, 6340.0], [77072.5, 480.0], [77070.0, 3570.0], [77067.5, 6560.0], [77060.0, 1960.0], [77057.5, 6520.0], [77052.5, 20.0], [77000.0, 1930.0]], "asks": [[77135.0, 6570.0], [77137.5, 1400.0], [77140.0, 420.0], [77145.0, 1400.0], [77147.5, 3890.0], [77150.0, 7960.0], [77152.5, 25940.0], [77155.0, 82440.0], [77157.5, 1970.0], [77160.0, 6560.0], [77162.5, 3000.0], [77165.0, 10000.0], [77167.5, 1980.0], [77170.0, 6610.0], [77175.0, 20.0], [77177.5, 1970.0], [77180.0, 6560.0], [77187.5, 1970.0], [77190.0, 6560.0], [77197.5, 1940.0]]}}}
{"jsonrpc": "2.0", "method": "subscription", "params": {"channel": "book.BTC-11APR25.none.20.100ms", "data": {"timestamp": 1744181265009, "change_id": 96395737233, "instrument_name": "BTC-11APR25", "bids": [[77092.5, 2480.0], [77082.5, 3370.0], [77080.0, 11400.0], [77077.5, 1170.0], [77075.0, 480.0], [77072.5, 1600.0], [77060.0, 2270.0], [77057.5, 7670.0], [77052.5, 20.0], [77002.5, 2270.0], [77000.0, 7560.0], [76992.5, 2210.0], [76990.0, 7380.0], [76940.0, 2250.0], [76937.5, 7510.0], [76930.0, 20.0], [76902.5, 990.0], [76900.0, 3310.0], [76897.5, 7570.0], [76890.0, 13240.0]], "asks": [[77095.0, 10.0], [77097.5, 1400.0], [77100.0, 8240.0], [77102.5, 21500.0], [77105.0, 46370.0], [77107.5, 53990.0], [77110.0, 80990.0], [77122.5, 3000.0], [77125.0, 10000.0], [77132.5, 2270.0], [77135.0, 7570.0], [77140.0, 7930.0], [77142.5, 26420.0], [77145.0, 2270.0], [77147.5, 7570.0], [77160.0, 2270.0], [77162.5, 7570.0], [77170.0, 2310.0], [77172.5, 7680.0], [77175.0, 20.0]]}}}
{"jsonrpc": "2.0", "method": "subscription", "params": {"channel": "book.BTC-18APR25.none.20.100ms", "data": {"timestamp": 1744181265009, "change_id": 96395737236, "instrument_name": "BTC-18APR25", "bids": [[77115.0, 3890.0], [77110.0, 1970.0], [77107.5, 6570.0], [77092.5, 100.0], [77090.0, 1970.0], [77087.5, 6570.0], [77080.0, 1900.0], [77077.5, 6340.0], [77072.5, 480.0], [77070.0, 3570.0], [77067.5, 6560.0], [77060.0, 1960.0], [77057.5, 6520.0], [77052.5, 20.0], [77000.0, 1930.0], [76997.5, 6440.0], [76990.0, 20.0], [76945.0, 16550.0], [76942.5, 6630.0], [76930.0, 20.0]], "asks": [[77135.0, 13070.0], [77137.5, 1400.0], [77140.0, 420.0], [77145.0, 1400.0], [77147.5, 3890.0], [77150.0, 7960.0], [77152.5, 25940.0], [77155.0, 82440.0], [77157.5, 1970.0], [77160.0, 6560.0], [77162.5, 3000.0], [77165.0, 10000.0], [77167.5, 1980.0], [77170.0, 6610.0], [77175.0, 20.0], [77177.5, 1970.0], [77180.0, 6560.0], [77187.5, 1970.0], [77190.0, 6560.0], [77197.5, 1940.0]]}}}
{"jsonrpc": "2.0", "method": "subscription", "params": {"channel": "book.BTC-11APR25.none.20.100ms", "data": {"timestamp": 1744181265216, "change_id": 96395738350, "instrument_name": "BTC-11APR25", "bids": [[77087.5, 1570.0], [77085.0, 1400.0], [77082.5, 1400.0], [77080.0, 10000.0], [77075.0, 2480.0], [77060.0, 3890.0], [77057.5, 100.0], [77052.5, 20.0], [77047.5, 1600.0], [77042.5, 7420.0], [77000.0, 7560.0], [76990.0, 7380.0], [76937.5, 7510.0], [76930.0, 20.0], [76900.0, 3310.0], [76897.5, 7570.0], [76890.0, 13240.0], [76887.5, 7540.0], [76882.5, 52990.0], [76880.0, 105000.0]], "asks": [[77090.0, 1400.0], [77092.5, 1400.0], [77095.0, 1400.0], [77097.5, 5290.0], [77100.0, 1400.0], [77102.5, 71500.0], [77105.0, 51400.0], [77110.0, 77100.0], [77115.0, 10000.0], [77125.0, 7420.0], [77135.0, 7570.0], [77142.5, 26420.0], [77147.5, 7570.0], [77162.5, 7570.0], [77172.5, 7680.0], [77175.0, 20.0], [77182.5, 7680.0], [77200.0, 7530.0], [77210.0, 7550.0], [77220.0, 7620.0]]}}}
{"jsonrpc": "2.0", "method": "subscription", "params": {"channel": "book.BTC-18APR25.none.20.100ms", "data": {"timestamp": 1744181265261, "change_id": 96395738639, "instrument_name": "BTC-18APR25", "bids": [[77120.0, 10.0], [77117.5, 10000.0], [77110.0, 1970.0], [77107.5, 6570.0], [77105.0, 1170.0], [77102.5, 3890.0], [77100.0, 2390.0], [77097.5, 6560.0], [77095.0, 1400.0], [77092.5, 100.0], [77090.0, 1970.0], [77087.5, 6570.0], [77080.0, 1900.0], [77077.5, 6340.0], [77070.0, 1970.0], [77067.5, 6560.0], [77060.0, 1960.0], [77057.5, 6520.0], [77052.5, 500.0], [77050.0, 1600.0]], "asks": [[77122.5, 1400.0], [77125.0, 7400.0], [77127.5, 1400.0], [77130.0, 5740.0], [77132.5, 7900.0], [77135.0, 6980.0], [77137.5, 1500.0], [77140.0, 1530.0], [77142.5, 3890.0], [77145.0, 1400.0], [77147.5, 3790.0], [77150.0, 7960.0], [77152.5, 24540.0], [77155.0, 77150.0], [77157.5, 1970.0], [77160.0, 6560.0], [77162.5, 3000.0], [77165.0, 10000.0], [77167.5, 1980.0], [77170.0, 6610.0]]}}}
{"jsonrpc": "2.0", "method": "subscription", "params": {"channel": "book.BTC-11APR25.none.20.100ms", "data": {"timestamp": 1744181265668, "change_id": 96395739550, "instrument_name": "BTC-11APR25", "bids": [[77087.5, 1570.0], [77085.0, 1400.0], [77082.5, 4400.0], [77080.0, 10000.0], [77077.5, 740.0], [77075.0, 2480.0], [77062.5, 1170.0], [77060.0, 3890.0], [77057.5, 100.0], [77052.5, 20.0], [77050.0, 480.0], [77047.5, 1600.0], [77045.0, 2230.0], [77042.5, 7420.0], [77002.5, 2270.0], [77000.0, 7560.0], [76992.5, 2210.0], [76990.0, 7380.0], [76940.0, 2250.0], [76937.5, 7510.0]], "asks": [[77090.0, 1400.0], [77092.5, 1400.0], [77095.0, 3410.0], [77097.5, 5290.0], [77100.0, 38270.0], [77102.5, 71500.0], [77105.0, 51400.0], [77112.5, 3000.0], [77115.0, 10000.0], [77122.5, 2230.0], [77125.0, 7420.0], [77132.5, 2270.0], [77135.0, 7570.0], [77140.0, 7930.0], [77142.5, 26420.0], [77145.0, 2270.0], [77147.5, 7570.0], [77160.0, 2270.0], [77162.5, 7570.0], [77170.0, 2310.0]]}}}
{"jsonrpc": "2.0", "method": "subscription", "params": {"channel": "book.BTC-18APR25.none.20.100ms", "data": {"timestamp": 1744181265666, "change_id": 96395739536, "instrument_name": "BTC-18APR25", "bids": [[77117.5, 10000.0], [77110.0, 1970.0], [77107.5, 6570.0], [77105.0, 1170.0], [77102.5, 3890.0], [77100.0, 2390.0], [77097.5, 6560.0], [77095.0, 1400.0], [77092.5, 100.0], [77090.0, 1970.0], [77087.5, 6570.0], [77080.0, 1900.0], [77077.5, 6340.0], [77070.0, 1970.0], [77067.5, 6560.0], [77060.0, 1960.0], [77057.5, 6520.0], [77052.5, 500.0], [77050.0, 1600.0], [76997.5, 6440.0]], "asks": [[77120.0, 10.0], [77122.5, 4210.0], [77125.0, 6560.0], [77127.5, 1400.0], [77130.0, 5740.0], [77132.5, 7900.0], [77135.0, 6980.0], [77137.5, 1500.0], [77140.0, 1530.0], [77142.5, 3890.0], [77145.0, 1400.0], [77147.5, 3790.0], [77150.0, 7960.0], [77152.5, 3000.0], [77155.0, 10000.0], [77157.5, 1970.0], [77160.0, 6560.0], [77167.5, 1980.0], [77170.0, 6610.0], [77175.0, 20.0]]}}}
{"jsonrpc": "2.0", "method": "subscription", "params": {"channel": "book.BTC-11APR25.none.20.100ms", "data": {"timestamp": 1744181265971, "change_id": 96395739975, "instrument_name": "BTC-11APR25", "bids": [[77087.5, 1400.0], [77085.0, 1400.0], [77082.5, 4400.0], [77080.0, 10000.0], [77077.5, 740.0], [77075.0, 2480.0], [77062.5, 1170.0], [77060.0, 3890.0], [77057.5, 100.0], [77052.5, 20.0], [77050.0, 480.0], [77047.5, 1600.0], [77045.0, 2230.0], [77042.5, 7420.0], [77002.5, 2270.0], [77000.0, 7560.0], [76992.5, 2210.0], [76990.0, 7380.0], [76940.0, 2250.0], [76937.5, 7510.0]], "asks": [[77090.0, 1570.0], [77092.5, 1400.0], [77095.0, 9160.0], [77097.5, 5290.0], [77100.0, 58270.0], [77102.5, 51500.0], [77105.0, 51400.0], [77112.5, 3000.0], [77115.0, 10000.0], [77122.5, 2230.0], [77125.0, 7420.0], [77132.5, 2270.0], [77135.0, 7570.0], [77140.0, 7930.0], [77142.5, 26420.0], [77145.0, 2270.0], [77147.5, 7570.0], [77160.0, 2270.0], [77162.5, 7570.0], [77170.0, 2310.0]]}}}
{"jsonrpc": "2.0", "method": "subscription", "params": {"channel": "book.BTC-18APR25.none.20.100ms", "data": {"timestamp": 1744181265951, "change_id": 96395739943, "instrument_name": "BTC-18APR25", "bids": [[77117.5, 10000.0], [77110.0, 1970.0], [77107.5, 6570.0], [77105.0, 1170.0], [77102.5, 3890.0], [77100.0, 2390.0], [77097.5, 6560.0], [77095.0, 1400.0], [77092.5, 100.0], [77090.0, 1970.0], [77087.5, 6570.0], [77080.0, 1900.0], [77077.5, 6340.0], [77070.0, 1970.0], [77067.5, 6560.0], [77060.0, 1960.0], [77057.5, 6520.0], [77052.5, 500.0], [77050.0, 1600.0], [76997.5, 6440.0]], "asks": [[77120.0, 10.0], [77122.5, 4210.0], [77125.0, 6560.0], [77127.5, 1400.0], [77130.0, 5740.0], [77132.5, 7900.0], [77135.0, 6980.0], [77137.5, 1500.0], [77140.0, 1530.0], [77142.5, 3890.0], [77145.0, 1400.0], [77147.5, 3790.0], [77150.0, 7960.0], [77152.5, 3000.0], [77155.0, 10000.0], [77157.5, 1970.0], [77160.0, 6560.0], [77167.5, 1980.0], [77170.0, 6610.0], [77175.0, 20.0]]}}}
{"jsonrpc": "2.0", "method": "subscription", "params": {"channel": "book.BTC-11APR25.none.20.100ms", "data": {"timestamp": 1744181266319, "change_id": 96395740818, "instrument_name": "BTC-11APR25", "bids": [[77092.5, 1570.0], [77090.0, 1400.0], [77087.5, 420.0], [77085.0, 1400.0], [77082.5, 4400.0], [77080.0, 10000.0], [77077.5, 740.0], [77075.0, 2480.0], [77067.5, 420.0], [77065.0, 1400.0], [77062.5, 1170.0], [77060.0, 3890.0], [77057.5, 100.0], [77055.0, 2230.0], [77052.5, 7440.0], [77050.0, 480.0], [77047.5, 1600.0], [77045.0, 2230.0], [77042.5, 7420.0], [77002.5, 2270.0]], "asks": [[77095.0, 1400.0], [77097.5, 5290.0], [77100.0, 58270.0], [77102.5, 128600.0], [77105.0, 50000.0], [77112.5, 3000.0], [77115.0, 10000.0], [77132.5, 2270.0], [77135.0, 7570.0], [77140.0, 7930.0], [77142.5, 26420.0], [77145.0, 2270.0], [77147.5, 7570.0], [77160.0, 2270.0], [77162.5, 7570.0], [77170.0, 2310.0], [77172.5, 7680.0], [77175.0, 20.0], [77180.0, 2300.0], [77182.5, 7680.0]]}}}
{"jsonrpc": "2.0", "method": "subscription", "params": {"channel": "book.BTC-18APR25.none.20.100ms", "data": {"timestamp": 1744181266306, "change_id": 96395740759, "instrument_name": "BTC-18APR25", "bids": [[77120.0, 10.0], [77117.5, 10000.0], [77112.5, 420.0], [77110.0, 3370.0], [77107.5, 6570.0], [77105.0, 1170.0], [77102.5, 3890.0], [77100.0, 2390.0], [77097.5, 6560.0], [77095.0, 1400.0], [77092.5, 100.0], [77090.0, 1970.0], [77087.5, 6570.0], [77080.0, 1900.0], [77077.5, 6340.0], [77070.0, 1970.0], [77067.5, 6560.0], [77060.0, 1960.0], [77057.5, 6520.0], [77052.5, 500.0]], "asks": [[77125.0, 840.0], [77127.5, 1400.0], [77130.0, 5740.0], [77132.5, 7900.0], [77135.0, 6980.0], [77137.5, 1500.0], [77140.0, 1530.0], [77142.5, 3890.0], [77147.5, 2390.0], [77150.0, 6560.0], [77152.5, 3000.0], [77155.0, 10000.0], [77157.5, 1970.0], [77160.0, 6560.0], [77167.5, 1980.0], [77170.0, 6610.0], [77175.0, 20.0], [77177.5, 1970.0], [77180.0, 6560.0], [77187.5, 1970.0]]}}}
{"jsonrpc": "2.0", "method": "subscription", "params": {"channel": "book.BTC-11APR25.none.20.100ms", "data": {"timestamp": 1744181266587, "change_id": 96395741151, "instrument_name": "BTC-11APR25", "bids": [[77092.5, 1570.0], [77090.0, 1400.0], [77087.5, 420.0], [77085.0, 1400.0], [77082.5, 4400.0], [77080.0, 10000.0], [77077.5, 740.0], [77075.0, 2480.0], [77067.5, 420.0], [77065.0, 1400.0], [77062.5, 1170.0], [77060.0, 3890.0], [77057.5, 100.0], [77055.0, 2230.0], [77052.5, 7440.0], [77050.0, 480.0], [77047.5, 1600.0], [77045.0, 2230.0], [77042.5, 7420.0], [77002.5, 2270.0]], "asks": [[77095.0, 1460.0], [77097.5, 5290.0], [77100.0, 58270.0], [77102.5, 128600.0], [77105.0, 50000.0], [77112.5, 3000.0], [77115.0, 10000.0], [77132.5, 2270.0], [77135.0, 7570.0], [77140.0, 7930.0], [77142.5, 26420.0], [77145.0, 2270.0], [77147.5, 7570.0], [77160.0, 2270.0], [77162.5, 7570.0], [77170.0, 2310.0], [77172.5, 7680.0], [77175.0, 20.0], [77180.0, 2300.0], [77182.5, 7680.0]]}}}
{"jsonrpc": "2.0", "method": "subscription", "params": {"channel": "book.BTC-11APR25.none.20.100ms", "data": {"timestamp": 1744181266824, "change_id": 96395741292, "instrument_name": "BTC-11APR25", "bids": [[77092.5, 1570.0], [77090.0, 1400.0], [77087.5, 420.0], [77085.0, 1400.0], [77082.5, 4400.0], [77080.0, 10000.0], [77077.5, 740.0], [77075.0, 2480.0], [77070.0, 1590.0], [77067.5, 3890.0], [77065.0, 1400.0], [77057.5, 100.0], [77055.0, 2230.0], [77052.5, 7440.0], [77050.0, 480.0], [77047.5, 1600.0], [77045.0, 2230.0], [77042.5, 7420.0], [77002.5, 2270.0], [77000.0, 7560.0]], "asks": [[77095.0, 1460.0], [77097.5, 1400.0], [77100.0, 58270.0], [77102.5, 128600.0], [77105.0, 53890.0], [77112.5, 3000.0], [77115.0, 10000.0], [77132.5, 2270.0], [77135.0, 7570.0], [77140.0, 7930.0], [77142.5, 26420.0], [77145.0, 2270.0], [77147.5, 7570.0], [77160.0, 2270.0], [77162.5, 7570.0], [77170.0, 2310.0], [77172.5, 7680.0], [77175.0, 20.0], [77180.0, 2300.0], [77182.5, 7680.0]]}}}
{"jsonrpc": "2.0", "method": "subscription", "params": {"channel": "book.BTC-18APR25.none.20.100ms", "data": {"timestamp": 1744181266906, "change_id": 96395741371, "instrument_name": "BTC-18APR25", "bids": [[77122.5, 10.0], [77120.0, 2520.0], [77117.5, 10000.0], [77112.5, 420.0], [77110.0, 3370.0], [77107.5, 6570.0], [77105.0, 1170.0], [77102.5, 3890.0], [77100.0, 2390.0], [77097.5, 6560.0], [77095.0, 1400.0], [77092.5, 100.0], [77090.0, 1970.0], [77087.5, 6570.0], [77080.0, 1900.0], [77077.5, 6340.0], [77070.0, 1970.0], [77067.5, 6560.0], [77060.0, 1960.0], [77057.5, 6520.0]], "asks": [[77125.0, 1410.0], [77127.5, 1400.0], [77130.0, 5740.0], [77132.5, 7900.0], [77135.0, 6980.0], [77137.5, 1500.0], [77140.0, 1530.0], [77142.5, 3890.0], [77145.0, 25110.0], [77147.5, 77140.0], [77150.0, 6560.0], [77152.5, 3000.0], [77155.0, 10000.0], [77157.5, 1970.0], [77160.0, 6560.0], [77167.5, 1980.0], [77170.0, 6610.0], [77175.0, 20.0], [77177.5, 1970.0], [77180.0, 6560.0]]}}}
{"jsonrpc": "2.0", "method": "subscription", "params": {"channel": "book.BTC-11APR25.none.20.100ms", "data": {"timestamp": 1744181267288, "change_id": 96395742005, "instrument_name": "BTC-11APR25", "bids": [[77092.5, 1570.0], [77090.0, 1400.0], [77087.5, 420.0], [77085.0, 1400.0], [77082.5, 4400.0], [77080.0, 10000.0], [77077.5, 740.0], [77075.0, 2900.0], [77072.5, 1400.0], [77070.0, 1170.0], [77067.5, 3890.0], [77057.5, 100.0], [77055.0, 2230.0], [77052.5, 7440.0], [77050.0, 480.0], [77047.5, 1600.0], [77045.0, 2230.0], [77042.5, 7420.0], [77002.5, 2270.0], [77000.0, 7560.0]], "asks": [[77095.0, 2110.0], [77097.5, 1400.0], [77100.0, 58270.0], [77102.5, 128600.0], [77105.0, 53890.0], [77112.5, 3000.0], [77115.0, 10000.0], [77132.5, 2270.0], [77135.0, 7570.0], [77140.0, 7930.0], [77142.5, 26420.0], [77145.0, 2270.0], [77147.5, 7570.0], [77160.0, 2270.0], [77162.5, 7570.0], [77170.0, 2310.0], [77172.5, 7680.0], [77175.0, 20.0], [77180.0, 2300.0], [77182.5, 7680.0]]}}}
{"jsonrpc": "2.0", "method": "subscription", "params": {"channel": "book.BTC-18APR25.none.20.100ms", "data": {"timestamp": 1744181267299, "change_id": 96395742011, "instrument_name": "BTC-18APR25", "bids": [[77122.5, 10.0], [77120.0, 2520.0], [77117.5, 10000.0], [77112.5, 420.0], [77110.0, 3370.0], [77107.5, 6570.0], [77105.0, 1170.0], [77102.5, 3890.0], [77100.0, 2390.0], [77097.5, 6560.0], [77092.5, 100.0], [77090.0, 1970.0], [77087.5, 6570.0], [77080.0, 1900.0], [77077.5, 6340.0], [77070.0, 1970.0], [77067.5, 6560.0], [77060.0, 1960.0], [77057.5, 6520.0], [77052.5, 500.0]], "asks": [[77125.0, 1410.0], [77127.5, 1400.0], [77130.0, 5740.0], [77132.5, 7900.0], [77135.0, 7380.0], [77137.5, 1500.0], [77140.0, 2930.0], [77142.5, 3890.0], [77145.0, 25110.0], [77147.5, 77140.0], [77150.0, 6560.0], [77152.5, 3000.0], [77155.0, 10000.0], [77157.5, 1970.0], [77160.0, 6560.0], [77167.5, 1980.0], [77170.0, 6610.0], [77175.0, 20.0], [77177.5, 1970.0], [77180.0, 6560.0]]}}}
{"jsonrpc": "2.0", "method": "subscription", "params": {"channel": "book.BTC-11APR25.none.20.100ms", "data": {"timestamp": 1744181267462, "change_id": 96395742160, "instrument_name": "BTC-11APR25", "bids": [[77092.5, 1570.0], [77090.0, 1400.0], [77087.5, 420.0], [77085.0, 1400.0], [77082.5, 4400.0], [77080.0, 10000.0], [77077.5, 740.0], [77075.0, 2900.0], [77072.5, 1400.0], [77070.0, 1170.0], [77067.5, 3890.0], [77057.5, 100.0], [77055.0, 2230.0], [77052.5, 7440.0], [77050.0, 480.0], [77047.5, 1600.0], [77045.0, 2230.0], [77042.5, 7420.0], [77002.5, 2270.0], [77000.0, 7560.0]], "asks": [[77095.0, 22710.0], [77097.5, 49060.0], [77100.0, 1400.0], [77102.5, 128600.0], [77105.0, 53890.0], [77112.5, 3000.0], [77115.0, 10000.0], [77132.5, 2270.0], [77135.0, 7570.0], [77140.0, 7930.0], [77142.5, 26420.0], [77145.0, 2270.0], [77147.5, 7570.0], [77160.0, 2270.0], [77162.5, 7570.0], [77170.0, 2310.0], [77172.5, 7680.0], [77175.0, 20.0], [77180.0, 2300.0], [77182.5, 7680.0]]}}}
{"jsonrpc": "2.0", "method": "subscription", "params": {"channel": "book.BTC-18APR25.none.20.100ms", "data": {"timestamp": 1744181267609, "change_id": 96395742343, "instrument_name": "BTC-18APR25", "bids": [[77125.0, 10.0], [77120.0, 2520.0], [77117.5, 10000.0], [77112.5, 420.0], [77110.0, 3370.0], [77107.5, 6570.0], [77105.0, 1170.0], [77102.5, 3890.0], [77100.0, 2390.0], [77097.5, 6560.0], [77092.5, 100.0], [77090.0, 1970.0], [77087.5, 6570.0], [77080.0, 1900.0], [77077.5, 6340.0], [77070.0, 1970.0], [77067.5, 6560.0], [77060.0, 1960.0], [77057.5, 6520.0], [77052.5, 500.0]], "asks": [[77127.5, 1410.0], [77130.0, 3790.0], [77132.5, 1400.0], [77135.0, 7380.0], [77137.5, 1500.0], [77140.0, 2930.0], [77142.5, 3890.0], [77145.0, 25110.0], [77147.5, 77140.0], [77150.0, 6560.0], [77152.5, 3000.0], [77155.0, 10000.0], [77157.5, 1970.0], [77160.0, 6560.0], [77167.5, 1980.0], [77170.0, 6610.0], [77175.0, 20.0], [77177.5, 1970.0], [77180.0, 6560.0], [77187.5, 1970.0]]}}}
{"jsonrpc": "2.0", "method": "subscription", "params": {"channel": "book.BTC-11APR25.none.20.100ms", "data": {"timestamp": 1744181267868, "change_id": 96395742591, "instrument_name": "BTC-11APR25", "bids": [[77090.0, 1570.0], [77087.5, 420.0], [77085.0, 1400.0], [77082.5, 4400.0], [77080.0, 10000.0], [77077.5, 740.0], [77075.0, 2900.0], [77072.5, 1400.0], [77070.0, 1170.0], [77067.5, 3890.0], [77057.5, 100.0], [77055.0, 2230.0], [77052.5, 7440.0], [77050.0, 480.0], [77047.5, 1600.0], [77045.0, 2230.0], [77042.5, 7420.0], [77002.5, 2270.0], [77000.0, 7560.0], [76992.5, 2210.0]], "asks": [[77092.5, 1420.0], [77095.0, 23550.0], [77097.5, 1400.0], [77100.0, 56150.0], [77102.5, 128600.0], [77105.0, 53890.0], [77112.5, 3000.0], [77115.0, 10000.0], [77132.5, 2270.0], [77135.0, 7570.0], [77140.0, 7930.0], [77142.5, 26420.0], [77145.0, 2270.0], [77147.5, 7570.0], [77160.0, 2270.0], [77162.5, 7570.0], [77170.0, 2310.0], [77172.5, 7680.0], [77175.0, 20.0], [77180.0, 2300.0]]}}}
{"jsonrpc": "2.0", "method": "subscription", "params": {"channel": "book.BTC-18APR25.none.20.100ms", "data": {"timestamp": 1744181267868, "change_id": 96395742590, "instrument_name": "BTC-18APR25", "bids": [[77117.5, 10000.0], [77115.0, 1590.0], [77112.5, 3890.0], [77110.0, 3370.0], [77107.5, 6570.0], [77100.0, 2390.0], [77097.5, 6560.0], [77092.5, 100.0], [77090.0, 1970.0], [77087.5, 6570.0], [77080.0, 1900.0], [77077.5, 6340.0], [77070.0, 1970.0], [77067.5, 6560.0], [77060.0, 1960.0], [77057.5, 6520.0], [77052.5, 500.0], [77050.0, 1600.0], [76997.5, 6440.0], [76990.0, 20.0]], "asks": [[77120.0, 10.0], [77122.5, 6610.0], [77125.0, 13130.0], [77127.5, 1400.0], [77130.0, 2390.0], [77132.5, 1400.0], [77135.0, 7380.0], [77137.5, 1500.0], [77140.0, 2930.0], [77142.5, 3890.0], [77145.0, 25110.0], [77147.5, 77140.0], [77150.0, 6560.0], [77152.5, 3000.0], [77155.0, 10000.0], [77157.5, 1970.0], [77160.0, 6560.0], [77167.5, 1980.0], [77170.0, 6610.0], [77175.0, 20.0]]}}}
{"jsonrpc": "2.0", "method": "subscription", "params": {"channel": "book.BTC-11APR25.none.20.100ms", "data": {"timestamp": 1744181268117, "change_id": 96395742990, "instrument_name": "BTC-11APR25", "bids": [[77085.0, 1400.0], [77082.5, 4400.0], [77080.0, 10000.0], [77077.5, 740.0], [77075.0, 3270.0], [77072.5, 1400.0], [77070.0, 2570.0], [77067.5, 3890.0], [77057.5, 100.0], [77055.0, 2230.0], [77052.5, 7440.0], [77050.0, 480.0], [77047.5, 1600.0], [77045.0, 2230.0], [77042.5, 7420.0], [77002.5, 2270.0], [77000.0, 7560.0], [76992.5, 2210.0], [76990.0, 7380.0], [76940.0, 2250.0]], "asks": [[77092.5, 8230.0], [77095.0, 20840.0], [77097.5, 1400.0], [77100.0, 56150.0], [77102.5, 128600.0], [77105.0, 53890.0], [77112.5, 3000.0], [77115.0, 10000.0], [77120.0, 2230.0], [77122.5, 7420.0], [77132.5, 2270.0], [77135.0, 7570.0], [77140.0, 7930.0], [77142.5, 26420.0], [77145.0, 2270.0], [77147.5, 7570.0], [77160.0, 2270.0], [77162.5, 7570.0], [77170.0, 2310.0], [77172.5, 7680.0]]}}}
{"jsonrpc": "2.0", "method": "subscription", "params": {"channel": "book.BTC-18APR25.none.20.100ms", "data": {"timestamp": 1744181268282, "change_id": 96395743305, "instrument_name": "BTC-18APR25", "bids": [[77117.5, 10000.0], [77115.0, 1590.0], [77112.5, 3890.0], [77110.0, 3370.0], [77107.5, 6570.0], [77105.0, 420.0], [77102.5, 1400.0], [77100.0, 2390.0], [77097.5, 6560.0], [77092.5, 100.0], [77090.0, 1970.0], [77087.5, 6570.0], [77080.0, 1900.0], [77077.5, 6340.0], [77070.0, 1970.0], [77067.5, 6560.0], [77060.0, 1960.0], [77057.5, 6520.0], [77052.5, 500.0], [77050.0, 1600.0]], "asks": [[77120.0, 10.0], [77122.5, 6610.0], [77125.0, 13130.0], [77127.5, 1400.0], [77130.0, 2390.0], [77132.5, 1400.0], [77135.0, 7380.0], [77137.5, 1500.0], [77140.0, 2930.0], [77142.5, 3890.0], [77145.0, 25110.0], [77147.5, 77140.0], [77150.0, 6560.0], [77152.5, 3000.0], [77155.0, 10000.0], [77157.5, 1970.0], [77160.0, 6560.0], [77167.5, 1980.0], [77170.0, 6610.0], [77175.0, 20.0]]}}}
{"jsonrpc": "2.0", "method": "subscription", "params": {"channel": "book.BTC-11APR25.none.20.100ms", "data": {"timestamp": 1744181268460, "change_id": 96395743575, "instrument_name": "BTC-11APR25", "bids": [[77085.0, 1570.0], [77082.5, 4400.0], [77080.0, 10000.0], [77077.5, 740.0], [77075.0, 3270.0], [77072.5, 1400.0], [77070.0, 2570.0], [77067.5, 3890.0], [77057.5, 100.0], [77052.5, 20.0], [77050.0, 480.0], [77047.5, 1600.0], [77045.0, 2230.0], [77042.5, 7420.0], [77002.5, 2270.0], [77000.0, 7560.0], [76992.5, 2210.0], [76990.0, 7380.0], [76940.0, 2250.0], [76937.5, 7510.0]], "asks": [[77087.5, 1410.0], [77092.5, 8210.0], [77095.0, 20840.0], [77097.5, 1400.0], [77100.0, 56150.0], [77102.5, 128600.0], [77105.0, 53890.0], [77112.5, 3000.0], [77115.0, 10000.0], [77120.0, 2230.0], [77122.5, 7420.0], [77132.5, 2270.0], [77135.0, 7570.0], [77140.0, 7930.0], [77142.5, 26420.0], [77145.0, 2270.0], [77147.5, 7570.0], [77160.0, 2270.0], [77162.5, 7570.0], [77170.0, 2310.0]]}}}
{"jsonrpc": "2.0", "method": "subscription", "params": {"channel": "book.BTC-18APR25.none.20.100ms", "data": {"timestamp": 1744181268397, "change_id": 96395743547, "instrument_name": "BTC-18APR25", "bids": [[77117.5, 10000.0], [77115.0, 1590.0], [77112.5, 3890.0], [77110.0, 3370.0], [77107.5, 6570.0], [77105.0, 420.0], [77102.5, 1400.0], [77100.0, 2390.0], [77097.5, 6560.0], [77092.5, 100.0], [77090.0, 1970.0], [77087.5, 6570.0], [77080.0, 1900.0], [77077.5, 6340.0], [77070.0, 1970.0], [77067.5, 6560.0], [77060.0, 1960.0], [77057.5, 6520.0], [77052.5, 500.0], [77050.0, 1600.0]], "asks": [[77120.0, 10.0], [77122.5, 6610.0], [77125.0, 13130.0], [77127.5, 1400.0], [77130.0, 2390.0], [77132.5, 1400.0], [77135.0, 7380.0], [77137.5, 1500.0], [77140.0, 2930.0], [77142.5, 3890.0], [77145.0, 25110.0], [77147.5, 77140.0], [77150.0, 6560.0], [77152.5, 3000.0], [77155.0, 10000.0], [77157.5, 1970.0], [77160.0, 6560.0], [77167.5, 1980.0], [77170.0, 6610.0], [77175.0, 20.0]]}}}
{"jsonrpc": "2.0", "method": "subscription", "params": {"channel": "book.BTC-11APR25.none.20.100ms", "data": {"timestamp": 1744181268950, "change_id": 96395743955, "instrument_name": "BTC-11APR25", "bids": [[77085.0, 170.0], [77082.5, 4400.0], [77080.0, 10000.0], [77077.5, 740.0], [77075.0, 3270.0], [77072.5, 1400.0], [77070.0, 2570.0], [77067.5, 3890.0], [77057.5, 100.0], [77052.5, 20.0], [77050.0, 480.0], [77047.5, 1600.0], [77045.0, 2230.0], [77042.5, 7420.0], [77002.5, 2270.0], [77000.0, 7560.0], [76992.5, 2210.0], [76990.0, 7380.0], [76940.0, 2250.0], [76937.5, 7510.0]], "asks": [[77087.5, 1400.0], [77092.5, 8210.0], [77095.0, 20840.0], [77097.5, 1400.0], [77100.0, 56150.0], [77102.5, 128600.0], [77105.0, 53890.0], [77112.5, 3000.0], [77115.0, 10000.0], [77120.0, 2230.0], [77122.5, 7420.0], [77132.5, 2270.0], [77135.0, 7570.0], [77140.0, 7930.0], [77142.5, 26420.0], [77145.0, 2270.0], [77147.5, 7570.0], [77160.0, 2270.0], [77162.5, 7570.0], [77170.0, 2310.0]]}}}
{"jsonrpc": "2.0", "method": "subscription", "params": {"channel": "book.BTC-18APR25.none.20.100ms", "data": {"timestamp": 1744181268968, "change_id": 96395743986, "instrument_name": "BTC-18APR25", "bids": [[77117.5, 10000.0], [77115.0, 1590.0], [77112.5, 3890.0], [77110.0, 3370.0], [77107.5, 6570.0], [77105.0, 420.0], [77102.5, 1400.0], [77100.0, 2390.0], [77097.5, 6560.0], [77092.5, 100.0], [77090.0, 1970.0], [77087.5, 6570.0], [77080.0, 1900.0], [77077.5, 6340.0], [77070.0, 1970.0], [77067.5, 6560.0], [77060.0, 1960.0], [77057.5, 6520.0], [77052.5, 500.0], [77050.0, 1600.0]], "asks": [[77120.0, 10.0], [77122.5, 6610.0], [77125.0, 13130.0], [77127.5, 1400.0], [77130.0, 2390.0], [77132.5, 1400.0], [77135.0, 7380.0], [77137.5, 1500.0], [77140.0, 2930.0], [77142.5, 3890.0], [77145.0, 25110.0], [77147.5, 77140.0], [77150.0, 6560.0], [77152.5, 3000.0], [77155.0, 10000.0], [77157.5, 1970.0], [77160.0, 6560.0], [77167.5, 1980.0], [77170.0, 6610.0], [77175.0, 20.0]]}}}
{"jsonrpc": "2.0", "method": "subscription", "params": {"channel": "book.BTC-11APR25.none.20.100ms", "data": {"timestamp": 1744181269301, "change_id": 96395745253, "instrument_name": "BTC-11APR25", "bids": [[77072.5, 1400.0], [77070.0, 1400.0], [77067.5, 10000.0], [77062.5, 2480.0], [77057.5, 100.0], [77052.5, 20.0], [77047.5, 1600.0], [77032.5, 7420.0], [77000.0, 7560.0], [76990.0, 7380.0], [76940.0, 2250.0], [76937.5, 7510.0], [76930.0, 20.0], [76900.0, 3310.0], [76897.5, 7570.0], [76890.0, 13240.0], [76887.5, 7540.0], [76882.5, 52990.0], [76880.0, 105000.0], [76875.0, 7470.0]], "asks": [[77082.5, 440.0], [77085.0, 1820.0], [77087.5, 1400.0], [77092.5, 8310.0], [77095.0, 20790.0], [77097.5, 1400.0], [77100.0, 41120.0], [77102.5, 128500.0], [77105.0, 3890.0], [77112.5, 7420.0], [77115.0, 10000.0], [77120.0, 2230.0], [77122.5, 7420.0], [77135.0, 7570.0], [77142.5, 26420.0], [77147.5, 7570.0], [77162.5, 7570.0], [77170.0, 2310.0], [77172.5, 7680.0], [77175.0, 20.0]]}}}
{"jsonrpc": "2.0", "method": "subscription", "params": {"channel": "book.BTC-18APR25.none.20.100ms", "data": {"timestamp": 1744181269297, "change_id": 96395745273, "instrument_name": "BTC-18APR25", "bids": [[77105.0, 10000.0], [77102.5, 420.0], [77100.0, 3790.0], [77097.5, 6560.0], [77092.5, 100.0], [77090.0, 1970.0], [77087.5, 6570.0], [77080.0, 1900.0], [77077.5, 6340.0], [77070.0, 1970.0], [77067.5, 6560.0], [77060.0, 1960.0], [77057.5, 6520.0], [77052.5, 500.0], [77050.0, 3590.0], [77047.5, 6630.0], [77000.0, 1930.0], [76997.5, 6440.0], [76990.0, 20.0], [76945.0, 16550.0]], "asks": [[77107.5, 10.0], [77110.0, 4780.0], [77112.5, 7900.0], [77115.0, 8030.0], [77122.5, 3390.0], [77125.0, 7080.0], [77127.5, 1500.0], [77132.5, 3370.0], [77135.0, 7350.0], [77137.5, 1400.0], [77140.0, 2930.0], [77142.5, 3890.0], [77145.0, 25110.0], [77147.5, 77140.0], [77150.0, 6560.0], [77152.5, 3000.0], [77155.0, 10000.0], [77157.5, 1970.0], [77160.0, 6560.0], [77167.5, 1980.0]]}}}
{"jsonrpc": "2.0", "method": "subscription", "params": {"channel": "book.BTC-11APR25.none.20.100ms", "data": {"timestamp": 1744181269604, "change_id": 96395746309, "instrument_name": "BTC-11APR25", "bids": [[77072.5, 1400.0], [77070.0, 1400.0], [77060.0, 2480.0], [77055.0, 10000.0], [77052.5, 20.0], [77050.0, 3890.0], [77047.5, 1600.0], [77045.0, 100.0], [77032.5, 7420.0], [77000.0, 7560.0], [76990.0, 7380.0], [76937.5, 7510.0], [76930.0, 20.0], [76900.0, 3310.0], [76897.5, 7570.0], [76890.0, 13240.0], [76887.5, 7540.0], [76882.5, 52990.0], [76880.0, 105000.0], [76875.0, 7470.0]], "asks": [[77082.5, 20.0], [77085.0, 1400.0], [77087.5, 5290.0], [77090.0, 50000.0], [77092.5, 21500.0], [77097.5, 51400.0], [77100.0, 1400.0], [77102.5, 88500.0], [77112.5, 7420.0], [77122.5, 7420.0], [77135.0, 7570.0], [77142.5, 26420.0], [77147.5, 7570.0], [77162.5, 7570.0], [77172.5, 7680.0], [77175.0, 20.0], [77182.5, 7680.0], [77200.0, 7530.0], [77210.0, 7550.0], [77220.0, 7620.0]]}}}
{"jsonrpc": "2.0", "method": "subscription", "params": {"channel": "book.BTC-18APR25.none.20.100ms", "data": {"timestamp": 1744181269600, "change_id": 96395746292, "instrument_name": "BTC-18APR25", "bids": [[77100.0, 1400.0], [77092.5, 13890.0], [77087.5, 6570.0], [77080.0, 100.0], [77077.5, 6340.0], [77067.5, 6560.0], [77057.5, 6520.0], [77052.5, 20.0], [77050.0, 1600.0], [77047.5, 6630.0], [76997.5, 6440.0], [76990.0, 20.0], [76945.0, 16550.0], [76942.5, 6630.0], [76930.0, 20.0], [76910.0, 52990.0], [76872.5, 6540.0], [76867.5, 20.0], [76860.0, 6580.0], [76847.5, 6370.0]], "asks": [[77102.5, 10.0], [77107.5, 1400.0], [77112.5, 7900.0], [77115.0, 8030.0], [77122.5, 1400.0], [77125.0, 6630.0], [77127.5, 1500.0], [77132.5, 5290.0], [77135.0, 6560.0], [77137.5, 1400.0], [77140.0, 1400.0], [77145.0, 10000.0], [77147.5, 77140.0], [77150.0, 6560.0], [77160.0, 6560.0], [77170.0, 6610.0], [77175.0, 20.0], [77180.0, 6560.0], [77200.0, 6470.0], [77210.0, 6390.0]]}}}
{"jsonrpc": "2.0", "method": "subscription", "params": {"channel": "book.BTC-11APR25.none.20.100ms", "data": {"timestamp": 1744181269942, "change_id": 96395746959, "instrument_name": "BTC-11APR25", "bids": [[77072.5, 1400.0], [77070.0, 3880.0], [77057.5, 3000.0], [77055.0, 10000.0], [77052.5, 20.0], [77050.0, 3890.0], [77047.5, 1600.0], [77045.0, 100.0], [77032.5, 7420.0], [77000.0, 7560.0], [76990.0, 7380.0], [76937.5, 7510.0], [76930.0, 20.0], [76900.0, 3310.0], [76897.5, 7570.0], [76890.0, 13240.0], [76887.5, 7540.0], [76882.5, 52990.0], [76880.0, 105000.0], [76875.0, 7470.0]], "asks": [[77082.5, 440.0], [77085.0, 1400.0], [77087.5, 20290.0], [77090.0, 70640.0], [77092.5, 71500.0], [77095.0, 840.0], [77097.5, 1400.0], [77100.0, 4820.0], [77102.5, 11400.0], [77112.5, 7420.0], [77122.5, 7420.0], [77135.0, 7570.0], [77142.5, 26420.0], [77147.5, 7570.0], [77162.5, 7570.0], [77172.5, 7680.0], [77175.0, 20.0], [77182.5, 7680.0], [77200.0, 7530.0], [77210.0, 7550.0]]}}}
{"jsonrpc": "2.0", "method": "subscription", "params": {"channel": "book.BTC-18APR25.none.20.100ms", "data": {"timestamp": 1744181269952, "change_id": 96395746979, "instrument_name": "BTC-18APR25", "bids": [[77105.0, 10.0], [77102.5, 1400.0], [77100.0, 1400.0], [77095.0, 4170.0], [77092.5, 13890.0], [77090.0, 1970.0], [77087.5, 6570.0], [77080.0, 2000.0], [77077.5, 6340.0], [77070.0, 1970.0], [77067.5, 6560.0], [77060.0, 1960.0], [77057.5, 6520.0], [77052.5, 500.0], [77050.0, 3590.0], [77047.5, 6630.0], [77000.0, 1930.0], [76997.5, 6440.0], [76990.0, 20.0], [76945.0, 16550.0]], "asks": [[77107.5, 1410.0], [77110.0, 4780.0], [77112.5, 7900.0], [77115.0, 8030.0], [77122.5, 3390.0], [77125.0, 7080.0], [77127.5, 1500.0], [77130.0, 3560.0], [77132.5, 5290.0], [77135.0, 7400.0], [77137.5, 1400.0], [77140.0, 1400.0], [77142.5, 3000.0], [77145.0, 11970.0], [77150.0, 6560.0], [77157.5, 1970.0], [77160.0, 6560.0], [77167.5, 1980.0], [77170.0, 6610.0], [77175.0, 20.0]]}}}
{"jsonrpc": "2.0", "method": "subscription", "params": {"channel": "book.BTC-11APR25.none.20.100ms", "data": {"timestamp": 1744181270298, "change_id": 96395747793, "instrument_name": "BTC-11APR25", "bids": [[77070.0, 2480.0], [77062.5, 420.0], [77060.0, 1400.0], [77057.5, 3000.0], [77055.0, 10000.0], [77052.5, 20.0], [77050.0, 510.0], [77047.5, 1600.0], [77035.0, 2230.0], [77032.5, 7420.0], [77002.5, 2270.0], [77000.0, 7560.0], [76992.5, 2210.0], [76990.0, 7380.0], [76940.0, 2250.0], [76937.5, 7510.0], [76930.0, 20.0], [76902.5, 990.0], [76900.0, 5580.0], [76897.5, 7570.0]], "asks": [[77072.5, 20.0], [77075.0, 2240.0], [77077.5, 1400.0], [77080.0, 3030.0], [77082.5, 1500.0], [77085.0, 58640.0], [77087.5, 82370.0], [77090.0, 120000.0], [77100.0, 3420.0], [77102.5, 10000.0], [77110.0, 2230.0], [77112.5, 7420.0], [77120.0, 2230.0], [77122.5, 7420.0], [77132.5, 2270.0], [77135.0, 7570.0], [77140.0, 7930.0], [77142.5, 26420.0], [77145.0, 2270.0], [77147.5, 7570.0]]}}}
{"jsonrpc": "2.0", "method": "subscription", "params": {"channel": "book.BTC-18APR25.none.20.100ms", "data": {"timestamp": 1744181270300, "change_id": 96395747804, "instrument_name": "BTC-18APR25", "bids": [[77097.5, 1400.0], [77095.0, 3000.0], [77092.5, 10000.0], [77090.0, 1970.0], [77087.5, 6570.0], [77080.0, 1900.0], [77077.5, 6340.0], [77070.0, 1970.0], [77067.5, 6560.0], [77060.0, 1960.0], [77057.5, 6520.0], [77052.5, 500.0], [77050.0, 3590.0], [77047.5, 6630.0], [77000.0, 1930.0], [76997.5, 6440.0], [76990.0, 20.0], [76945.0, 16550.0], [76942.5, 6630.0], [76930.0, 20.0]], "asks": [[77102.5, 10.0], [77105.0, 7470.0], [77107.5, 1400.0], [77110.0, 6180.0], [77112.5, 7900.0], [77115.0, 6630.0], [77117.5, 100.0], [77122.5, 3390.0], [77125.0, 30160.0], [77127.5, 1400.0], [77130.0, 80680.0], [77132.5, 5290.0], [77135.0, 6560.0], [77142.5, 3000.0], [77145.0, 11970.0], [77150.0, 6560.0], [77157.5, 1970.0], [77160.0, 6560.0], [77167.5, 1980.0], [77170.0, 6610.0]]}}}
{"jsonrpc": "2.0", "method": "subscription", "params": {"channel": "book.BTC-11APR25.none.20.100ms", "data": {"timestamp": 1744181270629, "change_id": 96395748470, "instrument_name": "BTC-11APR25", "bids": [[77072.5, 170.0], [77070.0, 1820.0], [77067.5, 1400.0], [77062.5, 1110.0], [77060.0, 3880.0], [77057.5, 3000.0], [77055.0, 10000.0], [77052.5, 1190.0], [77050.0, 4400.0], [77047.5, 1600.0], [77035.0, 2230.0], [77032.5, 7520.0], [77002.5, 2270.0], [77000.0, 7560.0], [76992.5, 2210.0], [76990.0, 7380.0], [76940.0, 2250.0], [76937.5, 7510.0], [76930.0, 20.0], [76902.5, 990.0]], "asks": [[77075.0, 1400.0], [77077.5, 1400.0], [77080.0, 8830.0], [77082.5, 1500.0], [77085.0, 78640.0], [77087.5, 132370.0], [77090.0, 50000.0], [77100.0, 3420.0], [77102.5, 10000.0], [77110.0, 2230.0], [77112.5, 7420.0], [77120.0, 2230.0], [77122.5, 7420.0], [77132.5, 2270.0], [77135.0, 7570.0], [77140.0, 7930.0], [77142.5, 26420.0], [77145.0, 2270.0], [77147.5, 7570.0], [77160.0, 2270.0]]}}}
{"jsonrpc": "2.0", "method": "subscription", "params": {"channel": "book.BTC-18APR25.none.20.100ms", "data": {"timestamp": 1744181270627, "change_id": 96395748467, "instrument_name": "BTC-18APR25", "bids": [[77100.0, 10.0], [77097.5, 1400.0], [77095.0, 3000.0], [77092.5, 13890.0], [77090.0, 1970.0], [77087.5, 6570.0], [77080.0, 1900.0], [77077.5, 6340.0], [77070.0, 1970.0], [77067.5, 6660.0], [77060.0, 1960.0], [77057.5, 6520.0], [77052.5, 500.0], [77050.0, 3590.0], [77047.5, 6630.0], [77000.0, 1930.0], [76997.5, 6440.0], [76990.0, 20.0], [76945.0, 16550.0], [76942.5, 6630.0]], "asks": [[77102.5, 10.0], [77105.0, 7470.0], [77107.5, 1400.0], [77110.0, 6180.0], [77112.5, 7900.0], [77115.0, 6630.0], [77117.5, 100.0], [77122.5, 3390.0], [77125.0, 30160.0], [77127.5, 1400.0], [77130.0, 80680.0], [77132.5, 5290.0], [77135.0, 6560.0], [77142.5, 3000.0], [77145.0, 11970.0], [77150.0, 6560.0], [77157.5, 1970.0], [77160.0, 6560.0], [77167.5, 1980.0], [77170.0, 6610.0]]}}}
{"jsonrpc": "2.0", "method": "subscription", "params": {"channel": "book.BTC-11APR25.none.20.100ms", "data": {"timestamp": 1744181270898, "change_id": 96395748747, "instrument_name": "BTC-11APR25", "bids": [[77070.0, 2900.0], [77067.5, 1400.0], [77062.5, 420.0], [77060.0, 1400.0], [77057.5, 3000.0], [77055.0, 10000.0], [77052.5, 1190.0], [77050.0, 4400.0], [77047.5, 1600.0], [77035.0, 2230.0], [77032.5, 7520.0], [77002.5, 2270.0], [77000.0, 7560.0], [76992.5, 2210.0], [76990.0, 7380.0], [76940.0, 2250.0], [76937.5, 7510.0], [76930.0, 20.0], [76902.5, 990.0], [76900.0, 5580.0]], "asks": [[77072.5, 1570.0], [77075.0, 2240.0], [77077.5, 1400.0], [77080.0, 8830.0], [77082.5, 1500.0], [77085.0, 78640.0], [77087.5, 132370.0], [77090.0, 50000.0], [77100.0, 3420.0], [77102.5, 10000.0], [77110.0, 2230.0], [77112.5, 7420.0], [77120.0, 2230.0], [77122.5, 7420.0], [77132.5, 2270.0], [77135.0, 7570.0], [77140.0, 7930.0], [77142.5, 26420.0], [77145.0, 2270.0], [77147.5, 7570.0]]}}}
{"jsonrpc": "2.0", "method": "subscription", "params": {"channel": "book.BTC-18APR25.none.20.100ms", "data": {"timestamp": 1744181270909, "change_id": 96395748764, "instrument_name": "BTC-18APR25", "bids": [[77092.5, 13890.0], [77090.0, 1970.0], [77087.5, 6570.0], [77080.0, 1900.0], [77077.5, 6340.0], [77070.0, 1970.0], [77067.5, 6660.0], [77060.0, 1960.0], [77057.5, 6520.0], [77052.5, 500.0], [77050.0, 3590.0], [77047.5, 6630.0], [77000.0, 1930.0], [76997.5, 6440.0], [76990.0, 20.0], [76945.0, 16550.0], [76942.5, 6630.0], [76930.0, 20.0], [76910.0, 52990.0], [76872.5, 6540.0]], "asks": [[77097.5, 10.0], [77100.0, 1400.0], [77102.5, 1400.0], [77105.0, 7470.0], [77107.5, 1400.0], [77110.0, 6180.0], [77112.5, 7900.0], [77115.0, 6630.0], [77117.5, 100.0], [77122.5, 3390.0], [77125.0, 30160.0], [77127.5, 1400.0], [77130.0, 80680.0], [77132.5, 5290.0], [77135.0, 6560.0], [77142.5, 3000.0], [77145.0, 11970.0], [77150.0, 6560.0], [77157.5, 1970.0], [77160.0, 6560.0]]}}}
{"jsonrpc": "2.0", "method": "subscription", "params": {"channel": "book.BTC-11APR25.none.20.100ms", "data": {"timestamp": 1744181271190, "change_id": 96395749270, "instrument_name": "BTC-11APR25", "bids": [[77070.0, 3070.0], [77062.5, 420.0], [77060.0, 1400.0], [77057.5, 4400.0], [77055.0, 10000.0], [77052.5, 1190.0], [77050.0, 4400.0], [77047.5, 1600.0], [77042.5, 100.0], [77035.0, 2230.0], [77032.5, 7420.0], [77002.5, 2270.0], [77000.0, 7560.0], [76992.5, 2210.0], [76990.0, 7380.0], [76940.0, 2250.0], [76937.5, 7510.0], [76930.0, 20.0], [76902.5, 990.0], [76900.0, 5580.0]], "asks": [[77072.5, 1570.0], [77075.0, 2240.0], [77077.5, 1400.0], [77080.0, 8830.0], [77082.5, 1500.0], [77085.0, 55520.0], [77087.5, 55290.0], [77090.0, 50000.0], [77100.0, 3420.0], [77102.5, 10000.0], [77110.0, 2230.0], [77112.5, 7420.0], [77120.0, 2230.0], [77122.5, 7420.0], [77132.5, 2270.0], [77135.0, 7570.0], [77140.0, 7930.0], [77142.5, 26420.0], [77145.0, 2270.0], [77147.5, 7570.0]]}}}
{"jsonrpc": "2.0", "method": "subscription", "params": {"channel": "book.BTC-18APR25.none.20.100ms", "data": {"timestamp": 1744181271223, "change_id": 96395749379, "instrument_name": "BTC-18APR25", "bids": [[77097.5, 10.0], [77095.0, 5570.0], [77092.5, 13890.0], [77090.0, 1970.0], [77087.5, 6570.0], [77080.0, 1900.0], [77077.5, 6440.0], [77070.0, 1970.0], [77067.5, 6560.0], [77060.0, 1960.0], [77057.5, 6520.0], [77052.5, 500.0], [77050.0, 3590.0], [77047.5, 6630.0], [77000.0, 1930.0], [76997.5, 6440.0], [76990.0, 20.0], [76945.0, 16550.0], [76942.5, 6630.0], [76930.0, 20.0]], "asks": [[77100.0, 1400.0], [77102.5, 1400.0], [77105.0, 7470.0], [77107.5, 1400.0], [77110.0, 6180.0], [77112.5, 7900.0], [77115.0, 6630.0], [77117.5, 520.0], [77120.0, 1400.0], [77122.5, 3390.0], [77125.0, 30160.0], [77130.0, 80680.0], [77132.5, 3890.0], [77135.0, 6560.0], [77142.5, 3000.0], [77145.0, 11970.0], [77150.0, 6560.0], [77157.5, 1970.0], [77160.0, 6560.0], [77167.5, 1980.0]]}}}
{"jsonrpc": "2.0", "method": "subscription", "params": {"channel": "book.BTC-11APR25.none.20.100ms", "data": {"timestamp": 1744181271548, "change_id": 96395749889, "instrument_name": "BTC-11APR25", "bids": [[77070.0, 3070.0], [77062.5, 420.0], [77060.0, 1400.0], [77057.5, 4400.0], [77055.0, 10000.0], [77052.5, 1190.0], [77050.0, 4400.0], [77047.5, 1600.0], [77042.5, 100.0], [77035.0, 2230.0], [77032.5, 7420.0], [77002.5, 2270.0], [77000.0, 7560.0], [76992.5, 2210.0], [76990.0, 7380.0], [76940.0, 2250.0], [76937.5, 7510.0], [76930.0, 20.0], [76902.5, 990.0], [76900.0, 5580.0]], "asks": [[77072.5, 1400.0], [77075.0, 17140.0], [77077.5, 1400.0], [77080.0, 81220.0], [77082.5, 78580.0], [77085.0, 23930.0], [77087.5, 20290.0], [77090.0, 50000.0], [77100.0, 3420.0], [77102.5, 10000.0], [77110.0, 2230.0], [77112.5, 7420.0], [77120.0, 2230.0], [77122.5, 7420.0], [77132.5, 2270.0], [77135.0, 7570.0], [77140.0, 7930.0], [77142.5, 26420.0], [77145.0, 2270.0], [77147.5, 7570.0]]}}}
{"jsonrpc": "2.0", "method": "subscription", "params": {"channel": "book.BTC-18APR25.none.20.100ms", "data": {"timestamp": 1744181271454, "change_id": 96395749718, "instrument_name": "BTC-18APR25", "bids": [[77100.0, 10.0], [77097.5, 420.0], [77095.0, 5570.0], [77092.5, 13890.0], [77090.0, 1970.0], [77087.5, 6570.0], [77080.0, 1900.0], [77077.5, 6440.0], [77070.0, 1970.0], [77067.5, 6560.0], [77060.0, 1960.0], [77057.5, 6520.0], [77052.5, 500.0], [77050.0, 3590.0], [77047.5, 6630.0], [77000.0, 1930.0], [76997.5, 6440.0], [76990.0, 20.0], [76945.0, 16550.0], [76942.5, 6630.0]], "asks": [[77102.5, 1400.0], [77105.0, 7470.0], [77107.5, 1400.0], [77110.0, 6180.0], [77112.5, 7900.0], [77115.0, 6630.0], [77117.5, 520.0], [77120.0, 1400.0], [77122.5, 3390.0], [77125.0, 30160.0], [77130.0, 80680.0], [77132.5, 3890.0], [77135.0, 6560.0], [77142.5, 3000.0], [77145.0, 11970.0], [77150.0, 6560.0], [77157.5, 1970.0], [77160.0, 6560.0], [77167.5, 1980.0], [77170.0, 6610.0]]}}}
{"jsonrpc": "2.0", "method": "subscription", "params": {"channel": "book.BTC-11APR25.none.20.100ms", "data": {"timestamp": 1744181271632, "change_id": 96395749921, "instrument_name": "BTC-11APR25", "bids": [[77070.0, 3070.0], [77062.5, 420.0], [77060.0, 1400.0], [77057.5, 4400.0], [77055.0, 10000.0], [77052.5, 1190.0], [77050.0, 4400.0], [77047.5, 1600.0], [77042.5, 100.0], [77035.0, 2230.0], [77032.5, 7420.0], [77002.5, 2270.0], [77000.0, 7560.0], [76992.5, 2210.0], [76990.0, 7380.0], [76940.0, 2250.0], [76937.5, 7510.0], [76930.0, 20.0], [76902.5, 990.0], [76900.0, 5580.0]], "asks": [[77072.5, 1400.0], [77075.0, 17140.0], [77077.5, 21400.0], [77080.0, 81220.0], [77082.5, 78580.0], [77085.0, 3930.0], [77087.5, 20290.0], [77090.0, 50000.0], [77100.0, 3420.0], [77102.5, 10000.0], [77110.0, 2230.0], [77112.5, 7420.0], [77120.0, 2230.0], [77122.5, 7420.0], [77132.5, 2270.0], [77135.0, 7570.0], [77140.0, 7930.0], [77142.5, 26420.0], [77145.0, 2270.0], [77147.5, 7570.0]]}}}
{"jsonrpc": "2.0", "method": "subscription", "params": {"channel": "book.BTC-18APR25.none.20.100ms", "data": {"timestamp": 1744181271927, "change_id": 96395750245, "instrument_name": "BTC-18APR25", "bids": [[77100.0, 10.0], [77097.5, 420.0], [77095.0, 5570.0], [77092.5, 13890.0], [77090.0, 1970.0], [77087.5, 6570.0], [77080.0, 1900.0], [77077.5, 6440.0], [77070.0, 1970.0], [77067.5, 6560.0], [77060.0, 1960.0], [77057.5, 6520.0], [77052.5, 500.0], [77050.0, 3590.0], [77047.5, 6630.0], [77000.0, 1930.0], [76997.5, 6440.0], [76990.0, 20.0], [76945.0, 16550.0], [76942.5, 6630.0]], "asks": [[77102.5, 1400.0], [77105.0, 7470.0], [77107.5, 1400.0], [77110.0, 6180.0], [77112.5, 7900.0], [77115.0, 6630.0], [77117.5, 520.0], [77120.0, 1400.0], [77122.5, 3390.0], [77125.0, 30160.0], [77130.0, 80680.0], [77132.5, 3890.0], [77135.0, 6560.0], [77142.5, 3000.0], [77145.0, 11970.0], [77150.0, 6560.0], [77157.5, 1970.0], [77160.0, 6560.0], [77167.5, 1980.0], [77170.0, 6610.0]]}}}
{"jsonrpc": "2.0", "method": "subscription", "params": {"channel": "book.BTC-11APR25.none.20.100ms", "data": {"timestamp": 1744181272274, "change_id": 96395750757, "instrument_name": "BTC-11APR25", "bids": [[77072.5, 170.0], [77070.0, 4300.0], [77062.5, 420.0], [77060.0, 1400.0], [77057.5, 4400.0], [77055.0, 10000.0], [77052.5, 2590.0], [77050.0, 4400.0], [77047.5, 1600.0], [77042.5, 100.0], [77035.0, 2230.0], [77032.5, 7420.0], [77002.5, 2270.0], [77000.0, 7560.0], [76992.5, 2210.0], [76990.0, 7380.0], [76940.0, 2250.0], [76937.5, 7510.0], [76930.0, 20.0], [76902.5, 990.0]], "asks": [[77075.0, 1400.0], [77077.5, 46730.0], [77080.0, 71400.0], [77082.5, 77180.0], [77085.0, 2530.0], [77087.5, 18890.0], [77090.0, 50000.0], [77100.0, 3420.0], [77102.5, 10000.0], [77110.0, 2230.0], [77112.5, 7420.0], [77120.0, 2230.0], [77122.5, 7420.0], [77132.5, 2270.0], [77135.0, 7570.0], [77140.0, 7930.0], [77142.5, 26420.0], [77145.0, 2270.0], [77147.5, 7570.0], [77160.0, 2270.0]]}}}
{"jsonrpc": "2.0", "method": "subscription", "params": {"channel": "book.BTC-18APR25.none.20.100ms", "data": {"timestamp": 1744181272251, "change_id": 96395750717, "instrument_name": "BTC-18APR25", "bids": [[77100.0, 10.0], [77097.5, 420.0], [77095.0, 5570.0], [77092.5, 13890.0], [77090.0, 1970.0], [77087.5, 6570.0], [77082.5, 420.0], [77080.0, 3300.0], [77077.5, 6440.0], [77070.0, 1970.0], [77067.5, 6560.0], [77060.0, 1960.0], [77057.5, 6520.0], [77052.5, 500.0], [77050.0, 3590.0], [77047.5, 6630.0], [77000.0, 1930.0], [76997.5, 6440.0], [76990.0, 20.0], [76945.0, 16550.0]], "asks": [[77102.5, 1400.0], [77105.0, 7470.0], [77107.5, 1400.0], [77110.0, 6180.0], [77112.5, 7900.0], [77115.0, 8030.0], [77117.5, 520.0], [77120.0, 1400.0], [77122.5, 3390.0], [77125.0, 30160.0], [77130.0, 80680.0], [77132.5, 3890.0], [77135.0, 6560.0], [77142.5, 3000.0], [77145.0, 11970.0], [77150.0, 6560.0], [77157.5, 1970.0], [77160.0, 6560.0], [77167.5, 1980.0], [77170.0, 6610.0]]}}}
{"jsonrpc": "2.0", "method": "subscription", "params": {"channel": "book.BTC-11APR25.none.20.100ms", "data": {"timestamp": 1744181272610, "change_id": 96395751593, "instrument_name": "BTC-11APR25", "bids": [[77065.0, 840.0], [77062.5, 1400.0], [77060.0, 1400.0], [77057.5, 4400.0], [77055.0, 12340.0], [77052.5, 3900.0], [77050.0, 4400.0], [77042.5, 100.0], [77027.5, 480.0], [77025.0, 3830.0], [77022.5, 7420.0], [77002.5, 2270.0], [77000.0, 7560.0], [76992.5, 2210.0], [76990.0, 7380.0], [76940.0, 2250.0], [76937.5, 7510.0], [76930.0, 20.0], [76902.5, 990.0], [76900.0, 5580.0]], "asks": [[77070.0, 2410.0], [77072.5, 1400.0], [77075.0, 1400.0], [77077.5, 49890.0], [77080.0, 125310.0], [77082.5, 77180.0], [77085.0, 3700.0], [77087.5, 3890.0], [77090.0, 3000.0], [77092.5, 10000.0], [77110.0, 2230.0], [77112.5, 7420.0], [77120.0, 2230.0], [77122.5, 7420.0], [77132.5, 2270.0], [77135.0, 7570.0], [77140.0, 7930.0], [77142.5, 26420.0], [77145.0, 2270.0], [77147.5, 7570.0]]}}}
{"jsonrpc": "2.0", "method": "subscription", "params": {"channel": "book.BTC-18APR25.none.20.100ms", "data": {"timestamp": 1744181272597, "change_id": 96395751565, "instrument_name": "BTC-18APR25", "bids": [[77092.5, 13890.0], [77090.0, 1970.0], [77087.5, 6570.0], [77082.5, 420.0], [77080.0, 3300.0], [77077.5, 6440.0], [77070.0, 1970.0], [77067.5, 6560.0], [77060.0, 1960.0], [77057.5, 6520.0], [77052.5, 20.0], [77050.0, 1990.0], [77047.5, 6630.0], [77032.5, 480.0], [77030.0, 1600.0], [77027.5, 6630.0], [77000.0, 1930.0], [76997.5, 6440.0], [76990.0, 20.0], [76945.0, 16550.0]], "asks": [[77095.0, 1410.0], [77097.5, 1400.0], [77102.5, 3390.0], [77105.0, 7470.0], [77107.5, 1400.0], [77110.0, 6180.0], [77112.5, 7900.0], [77115.0, 8030.0], [77117.5, 520.0], [77120.0, 1400.0], [77122.5, 3390.0], [77125.0, 30160.0], [77130.0, 82810.0], [77132.5, 3890.0], [77135.0, 16560.0], [77145.0, 1970.0], [77150.0, 6560.0], [77157.5, 1970.0], [77160.0, 6560.0], [77167.5, 1980.0]]}}}
{"jsonrpc": "2.0", "method": "subscription", "params": {"channel": "book.BTC-11APR25.none.20.100ms", "data": {"timestamp": 1744181272941, "change_id": 96395752348, "instrument_name": "BTC-11APR25", "bids": [[77072.5, 1570.0], [77070.0, 3700.0], [77067.5, 7500.0], [77065.0, 420.0], [77062.5, 2480.0], [77060.0, 1400.0], [77057.5, 4400.0], [77055.0, 10000.0], [77052.5, 20.0], [77050.0, 3890.0], [77042.5, 100.0], [77040.0, 2230.0], [77037.5, 7420.0], [77027.5, 480.0], [77025.0, 3830.0], [77022.5, 7420.0], [77002.5, 2270.0], [77000.0, 7560.0], [76992.5, 2210.0], [76990.0, 7380.0]], "asks": [[77075.0, 100.0], [77080.0, 121400.0], [77085.0, 2530.0], [77090.0, 3000.0], [77092.5, 10000.0], [77110.0, 2230.0], [77112.5, 7420.0], [77120.0, 2230.0], [77122.5, 7420.0], [77132.5, 2270.0], [77135.0, 7570.0], [77140.0, 7930.0], [77142.5, 26420.0], [77145.0, 2270.0], [77147.5, 7570.0], [77160.0, 2270.0], [77162.5, 7570.0], [77170.0, 2310.0], [77172.5, 7680.0], [77175.0, 20.0]]}}}
{"jsonrpc": "2.0", "method": "subscription", "params": {"channel": "book.BTC-18APR25.none.20.100ms", "data": {"timestamp": 1744181272942, "change_id": 96395752354, "instrument_name": "BTC-18APR25", "bids": [[77100.0, 12680.0], [77097.5, 14530.0], [77095.0, 5570.0], [77092.5, 13890.0], [77090.0, 1970.0], [77087.5, 6570.0], [77082.5, 420.0], [77080.0, 3300.0], [77077.5, 6440.0], [77070.0, 1970.0], [77067.5, 6560.0], [77060.0, 1960.0], [77057.5, 6520.0], [77052.5, 20.0], [77050.0, 1990.0], [77047.5, 6630.0], [77030.0, 1600.0], [77027.5, 6630.0], [77000.0, 1930.0], [76997.5, 6440.0]], "asks": [[77110.0, 1400.0], [77112.5, 1400.0], [77115.0, 8030.0], [77117.5, 520.0], [77120.0, 3810.0], [77122.5, 1400.0], [77125.0, 6630.0], [77130.0, 5690.0], [77135.0, 16560.0], [77150.0, 6560.0], [77157.5, 1970.0], [77160.0, 6560.0], [77167.5, 1980.0], [77170.0, 6610.0], [77175.0, 20.0], [77197.5, 1940.0], [77200.0, 6470.0], [77210.0, 6390.0], [77225.0, 3310.0], [77227.5, 6640.0]]}}}
{"jsonrpc": "2.0", "method": "subscription", "params": {"channel": "book.BTC-11APR25.none.20.100ms", "data": {"timestamp": 1744181273261, "change_id": 96395753324, "instrument_name": "BTC-11APR25", "bids": [[77082.5, 170.0], [77080.0, 840.0], [77077.5, 1400.0], [77075.0, 2870.0], [77072.5, 1400.0], [77070.0, 6130.0], [77067.5, 7500.0], [77062.5, 420.0], [77060.0, 1400.0], [77057.5, 4400.0], [77055.0, 10000.0], [77052.5, 1190.0], [77050.0, 3890.0], [77042.5, 100.0], [77040.0, 2230.0], [77037.5, 7420.0], [77027.5, 480.0], [77025.0, 3830.0], [77022.5, 7420.0], [77002.5, 2270.0]], "asks": [[77085.0, 2630.0], [77087.5, 48750.0], [77090.0, 50000.0], [77092.5, 50000.0], [77102.5, 3000.0], [77105.0, 10000.0], [77120.0, 2230.0], [77122.5, 7420.0], [77132.5, 2270.0], [77135.0, 7570.0], [77140.0, 7930.0], [77142.5, 26420.0], [77145.0, 2270.0], [77147.5, 7570.0], [77160.0, 2270.0], [77162.5, 7570.0], [77170.0, 2310.0], [77172.5, 7680.0], [77175.0, 20.0], [77180.0, 2300.0]]}}}
