{"jsonrpc": "2.0", "method": "subscription", "params": {"channel": "book.BTC-14MAR25.none.20.100ms", "data": {"timestamp": 1741084178090, "change_id": 90844809789, "instrument_name": "BTC-14MAR25", "bids": [[83767.5, 460.0], [83765.0, 3000.0], [83762.5, 10000.0], [83760.0, 8600.0], [83757.5, 29130.0], [83755.0, 120.0], [83750.0, 1350.0], [83747.5, 4500.0], [83740.0, 2160.0], [83737.5, 3290.0], [83735.0, 4520.0], [83727.5, 1350.0], [83725.0, 4500.0], [83687.5, 1350.0], [83685.0, 11200.0], [83682.5, 22320.0], [83675.0, 1350.0], [83672.5, 4500.0], [83667.5, 20.0], [83610.0, 1350.0]], "asks": [[83772.5, 3290.0], [83790.0, 6000.0], [83792.5, 23290.0], [83795.0, 21940.0], [83797.5, 56200.0], [83800.0, 120.0], [83805.0, 1350.0], [83807.5, 4500.0], [83810.0, 3000.0], [83812.5, 10000.0], [83815.0, 1020.0], [83817.5, 4500.0], [83825.0, 1170.0], [83827.5, 4500.0], [83835.0, 1350.0], [83837.5, 4500.0], [83850.0, 1950.0], [83852.5, 4500.0], [83855.0, 2000.0], [83860.0, 8540.0]]}}}
{"jsonrpc": "2.0", "method": "subscription", "params": {"channel": "book.BTC-7MAR25.none.20.100ms", "data": {"timestamp": 1741084178288, "change_id": 90844810086, "instrument_name": "BTC-7MAR25", "bids": [[83695.0, 2600.0], [83687.5, 1620.0], [83685.0, 15270.0], [83682.5, 9100.0], [83680.0, 35400.0], [83677.5, 10000.0], [83675.0, 1990.0], [83672.5, 120.0], [83670.0, 6500.0], [83662.5, 47510.0], [83660.0, 6500.0], [83652.5, 1950.0], [83650.0, 9630.0], [83642.5, 1950.0], [83640.0, 6500.0], [83632.5, 1950.0], [83630.0, 6500.0], [83622.5, 1950.0], [83620.0, 6500.0], [83612.5, 17570.0]], "asks": [[83705.0, 940.0], [83710.0, 3130.0], [83715.0, 120.0], [83720.0, 20200.0], [83722.5, 66500.0], [83725.0, 16420.0], [83727.5, 44290.0], [83732.5, 1960.0], [83735.0, 7140.0], [83737.5, 2000.0], [83745.0, 10.0], [83750.0, 1950.0], [83752.5, 6500.0], [83760.0, 1950.0], [83762.5, 6500.0], [83772.5, 24450.0], [83775.0, 75770.0], [83780.0, 1950.0], [83782.5, 6500.0], [83795.0, 1960.0]]}}}
{"jsonrpc": "2.0", "method": "subscription", "params": {"channel": "book.BTC-14MAR25.none.20.100ms", "data": {"timestamp": 1741084178299, "change_id": 90844810102, "instrument_name": "BTC-14MAR25", "bids": [[83770.0, 120.0], [83765.0, 3000.0], [83762.5, 10000.0], [83760.0, 8600.0], [83757.5, 29130.0], [83755.0, 120.0], [83752.5, 990.0], [83750.0, 4640.0], [83747.5, 4500.0], [83745.0, 18000.0], [83742.5, 60000.0], [83740.0, 1430.0], [83735.0, 4520.0], [83727.5, 1350.0], [83725.0, 4500.0], [83712.5, 990.0], [83710.0, 3290.0], [83707.5, 1350.0], [83705.0, 4500.0], [83687.5, 1350.0]], "asks": [[83772.5, 3290.0], [83790.0, 6000.0], [83792.5, 23290.0], [83795.0, 21940.0], [83797.5, 56200.0], [83800.0, 120.0], [83805.0, 1350.0], [83807.5, 4500.0], [83810.0, 3000.0], [83812.5, 10000.0], [83815.0, 1020.0], [83817.5, 4500.0], [83825.0, 1170.0], [83827.5, 4500.0], [83835.0, 1350.0], [83837.5, 4500.0], [83850.0, 1950.0], [83852.5, 4500.0], [83855.0, 2000.0], [83860.0, 8540.0]]}}}
{"jsonrpc": "2.0", "method": "subscription", "params": {"channel": "book.BTC-7MAR25.none.20.100ms", "data": {"timestamp": 1741084178753, "change_id": 90844810879, "instrument_name": "BTC-7MAR25", "bids": [[83692.5, 2950.0], [83690.0, 11550.0], [83687.5, 2600.0], [83685.0, 8460.0], [83682.5, 2600.0], [83680.0, 19140.0], [83677.5, 10000.0], [83675.0, 19420.0], [83672.5, 59060.0], [83670.0, 6500.0], [83662.5, 47510.0], [83660.0, 6500.0], [83652.5, 1950.0], [83650.0, 9630.0], [83642.5, 1950.0], [83640.0, 6500.0], [83632.5, 1950.0], [83630.0, 6500.0], [83622.5, 1950.0], [83620.0, 6500.0]], "asks": [[83700.0, 3380.0], [83702.5, 2600.0], [83705.0, 940.0], [83710.0, 5120.0], [83712.5, 6500.0], [83715.0, 120.0], [83720.0, 20200.0], [83722.5, 66500.0], [83725.0, 16420.0], [83727.5, 44290.0], [83732.5, 1960.0], [83735.0, 7140.0], [83737.5, 2000.0], [83745.0, 10.0], [83750.0, 1950.0], [83752.5, 6500.0], [83760.0, 1950.0], [83762.5, 6500.0], [83772.5, 24450.0], [83775.0, 75770.0]]}}}
{"jsonrpc": "2.0", "method": "subscription", "params": {"channel": "book.BTC-14MAR25.none.20.100ms", "data": {"timestamp": 1741084178537, "change_id": 90844810444, "instrument_name": "BTC-14MAR25", "bids": [[83770.0, 120.0], [83765.0, 3000.0], [83762.5, 10000.0], [83760.0, 8600.0], [83757.5, 24630.0], [83755.0, 120.0], [83752.5, 990.0], [83750.0, 4640.0], [83747.5, 4500.0], [83745.0, 18000.0], [83742.5, 60000.0], [83740.0, 1430.0], [83735.0, 4520.0], [83727.5, 1350.0], [83725.0, 4500.0], [83712.5, 990.0], [83710.0, 3290.0], [83707.5, 1350.0], [83705.0, 4500.0], [83687.5, 1350.0]], "asks": [[83772.5, 3290.0], [83780.0, 1350.0], [83782.5, 4500.0], [83790.0, 6000.0], [83792.5, 23290.0], [83795.0, 21940.0], [83797.5, 56200.0], [83800.0, 120.0], [83805.0, 1350.0], [83807.5, 4500.0], [83810.0, 3000.0], [83812.5, 10000.0], [83815.0, 1020.0], [83817.5, 4500.0], [83825.0, 1170.0], [83827.5, 4500.0], [83835.0, 1350.0], [83837.5, 4500.0], [83850.0, 1950.0], [83852.5, 4500.0]]}}}
{"jsonrpc": "2.0", "method": "subscription", "params": {"channel": "book.BTC-7MAR25.none.20.100ms", "data": {"timestamp": 1741084179081, "change_id": 90844812343, "instrument_name": "BTC-7MAR25", "bids": [[83677.5, 4550.0], [83675.0, 25920.0], [83672.5, 58940.0], [83670.0, 15940.0], [83667.5, 3960.0], [83665.0, 20110.0], [83662.5, 10000.0], [83660.0, 6620.0], [83655.0, 16560.0], [83652.5, 45560.0], [83650.0, 9630.0], [83642.5, 1950.0], [83640.0, 6500.0], [83632.5, 1950.0], [83630.0, 6500.0], [83622.5, 1950.0], [83620.0, 6500.0], [83602.5, 24080.0], [83600.0, 58610.0], [83595.0, 1950.0]], "asks": [[83695.0, 2730.0], [83697.5, 6500.0], [83700.0, 4360.0], [83702.5, 5730.0], [83705.0, 120.0], [83707.5, 15000.0], [83710.0, 54740.0], [83712.5, 16500.0], [83715.0, 600.0], [83717.5, 2000.0], [83720.0, 2890.0], [83722.5, 6500.0], [83725.0, 16420.0], [83727.5, 44290.0], [83732.5, 1960.0], [83735.0, 6540.0], [83745.0, 10.0], [83750.0, 1950.0], [83752.5, 6500.0], [83760.0, 1950.0]]}}}
{"jsonrpc": "2.0", "method": "subscription", "params": {"channel": "book.BTC-14MAR25.none.20.100ms", "data": {"timestamp": 1741084179037, "change_id": 90844812336, "instrument_name": "BTC-14MAR25", "bids": [[83770.0, 120.0], [83762.5, 10000.0], [83745.0, 18000.0], [83742.5, 84640.0], [83740.0, 1430.0], [83735.0, 4520.0], [83727.5, 1350.0], [83725.0, 4500.0], [83712.5, 990.0], [83710.0, 3290.0], [83707.5, 1350.0], [83705.0, 4500.0], [83685.0, 11200.0], [83682.5, 22320.0], [83675.0, 1350.0], [83672.5, 4500.0], [83667.5, 20.0], [83610.0, 1350.0], [83607.5, 4500.0], [83600.0, 20.0]], "asks": [[83772.5, 7790.0], [83780.0, 1350.0], [83782.5, 4500.0], [83790.0, 6120.0], [83792.5, 23290.0], [83795.0, 21940.0], [83797.5, 56200.0], [83800.0, 3000.0], [83802.5, 10000.0], [83805.0, 1350.0], [83807.5, 4500.0], [83815.0, 1020.0], [83817.5, 4500.0], [83825.0, 1170.0], [83827.5, 4500.0], [83832.5, 600.0], [83835.0, 3350.0], [83837.5, 4500.0], [83850.0, 1350.0], [83852.5, 4500.0]]}}}
{"jsonrpc": "2.0", "method": "subscription", "params": {"channel": "book.BTC-7MAR25.none.20.100ms", "data": {"timestamp": 1741084179390, "change_id": 90844812986, "instrument_name": "BTC-7MAR25", "bids": [[83685.0, 5100.0], [83682.5, 2600.0], [83680.0, 10070.0], [83677.5, 9100.0], [83675.0, 12220.0], [83670.0, 15940.0], [83667.5, 3960.0], [83665.0, 20110.0], [83662.5, 10000.0], [83660.0, 6620.0], [83655.0, 16560.0], [83652.5, 45560.0], [83650.0, 9630.0], [83642.5, 1950.0], [83640.0, 6500.0], [83632.5, 1950.0], [83630.0, 6500.0], [83622.5, 1950.0], [83620.0, 6500.0], [83602.5, 24080.0]], "asks": [[83692.5, 2600.0], [83700.0, 2800.0], [83702.5, 9630.0], [83705.0, 120.0], [83710.0, 4950.0], [83712.5, 16500.0], [83715.0, 15530.0], [83717.5, 2000.0], [83720.0, 52890.0], [83722.5, 6500.0], [83725.0, 16420.0], [83727.5, 44290.0], [83732.5, 1960.0], [83735.0, 6540.0], [83745.0, 10.0], [83750.0, 1950.0], [83752.5, 6500.0], [83760.0, 1950.0], [83762.5, 6500.0], [83770.0, 32670.0]]}}}
{"jsonrpc": "2.0", "method": "subscription", "params": {"channel": "book.BTC-14MAR25.none.20.100ms", "data": {"timestamp": 1741084179337, "change_id": 90844812932, "instrument_name": "BTC-14MAR25", "bids": [[83770.0, 120.0], [83762.5, 10000.0], [83747.5, 990.0], [83745.0, 10680.0], [83742.5, 24640.0], [83740.0, 1430.0], [83735.0, 4520.0], [83727.5, 1350.0], [83725.0, 4500.0], [83712.5, 990.0], [83710.0, 3290.0], [83707.5, 1350.0], [83705.0, 4500.0], [83687.5, 1350.0], [83685.0, 11200.0], [83682.5, 22320.0], [83675.0, 1350.0], [83672.5, 4500.0], [83667.5, 20.0], [83610.0, 1350.0]], "asks": [[83772.5, 7790.0], [83780.0, 1350.0], [83782.5, 4500.0], [83790.0, 6120.0], [83792.5, 23290.0], [83795.0, 21940.0], [83797.5, 56200.0], [83800.0, 3000.0], [83802.5, 10000.0], [83805.0, 1350.0], [83807.5, 4500.0], [83815.0, 1020.0], [83817.5, 4500.0], [83825.0, 1170.0], [83827.5, 4500.0], [83832.5, 600.0], [83835.0, 3350.0], [83837.5, 4500.0], [83850.0, 1350.0], [83852.5, 4500.0]]}}}
{"jsonrpc": "2.0", "method": "subscription", "params": {"channel": "book.BTC-7MAR25.none.20.100ms", "data": {"timestamp": 1741084179737, "change_id": 90844813536, "instrument_name": "BTC-7MAR25", "bids": [[83682.5, 2600.0], [83680.0, 10070.0], [83677.5, 9100.0], [83675.0, 12220.0], [83670.0, 15940.0], [83667.5, 7650.0], [83665.0, 32100.0], [83662.5, 10000.0], [83660.0, 6620.0], [83655.0, 16560.0], [83652.5, 45560.0], [83650.0, 9630.0], [83642.5, 1950.0], [83640.0, 6500.0], [83632.5, 1950.0], [83630.0, 6500.0], [83622.5, 1950.0], [83620.0, 6500.0], [83602.5, 24080.0], [83600.0, 58610.0]], "asks": [[83692.5, 2600.0], [83700.0, 2800.0], [83702.5, 9630.0], [83705.0, 120.0], [83710.0, 4950.0], [83712.5, 16500.0], [83715.0, 15530.0], [83717.5, 2000.0], [83720.0, 52890.0], [83722.5, 6500.0], [83725.0, 16420.0], [83727.5, 44290.0], [83732.5, 1960.0], [83735.0, 6540.0], [83745.0, 10.0], [83750.0, 1950.0], [83752.5, 6500.0], [83760.0, 1950.0], [83762.5, 6500.0], [83770.0, 32670.0]]}}}
{"jsonrpc": "2.0", "method": "subscription", "params": {"channel": "book.BTC-7MAR25.none.20.100ms", "data": {"timestamp": 1741084179884, "change_id": 90844813805, "instrument_name": "BTC-7MAR25", "bids": [[83685.0, 12330.0], [83682.5, 2600.0], [83680.0, 8460.0], [83677.5, 2600.0], [83675.0, 12220.0], [83670.0, 15940.0], [83667.5, 7650.0], [83665.0, 32100.0], [83662.5, 10000.0], [83660.0, 6620.0], [83655.0, 16560.0], [83652.5, 45560.0], [83650.0, 9630.0], [83642.5, 1950.0], [83640.0, 6500.0], [83632.5, 1950.0], [83630.0, 6500.0], [83622.5, 1950.0], [83620.0, 6500.0], [83602.5, 24080.0]], "asks": [[83692.5, 2600.0], [83700.0, 980.0], [83702.5, 3130.0], [83705.0, 120.0], [83710.0, 4950.0], [83712.5, 16500.0], [83715.0, 15530.0], [83717.5, 2000.0], [83720.0, 52890.0], [83722.5, 6500.0], [83725.0, 16420.0], [83727.5, 44290.0], [83732.5, 1960.0], [83735.0, 6540.0], [83745.0, 10.0], [83750.0, 1950.0], [83752.5, 6500.0], [83760.0, 1950.0], [83762.5, 6500.0], [83770.0, 32670.0]]}}}
{"jsonrpc": "2.0", "method": "subscription", "params": {"channel": "book.BTC-14MAR25.none.20.100ms", "data": {"timestamp": 1741084180044, "change_id": 90844813771, "instrument_name": "BTC-14MAR25", "bids": [[83770.0, 120.0], [83762.5, 10000.0], [83747.5, 990.0], [83745.0, 10680.0], [83742.5, 24640.0], [83740.0, 1430.0], [83735.0, 4520.0], [83727.5, 1350.0], [83725.0, 4500.0], [83712.5, 990.0], [83710.0, 3290.0], [83707.5, 1350.0], [83705.0, 4500.0], [83687.5, 1350.0], [83685.0, 11200.0], [83682.5, 22320.0], [83675.0, 1350.0], [83672.5, 4500.0], [83667.5, 20.0], [83610.0, 1350.0]], "asks": [[83772.5, 3290.0], [83780.0, 1350.0], [83782.5, 4500.0], [83790.0, 6120.0], [83792.5, 23290.0], [83795.0, 21940.0], [83797.5, 56200.0], [83800.0, 3000.0], [83802.5, 10000.0], [83805.0, 1350.0], [83807.5, 4500.0], [83815.0, 1020.0], [83817.5, 4500.0], [83825.0, 1170.0], [83827.5, 4500.0], [83832.5, 600.0], [83835.0, 3350.0], [83837.5, 4500.0], [83850.0, 1350.0], [83852.5, 4500.0]]}}}
{"jsonrpc": "2.0", "method": "subscription", "params": {"channel": "book.BTC-7MAR25.none.20.100ms", "data": {"timestamp": 1741084180354, "change_id": 90844814365, "instrument_name": "BTC-7MAR25", "bids": [[83685.0, 9830.0], [83682.5, 2600.0], [83680.0, 8460.0], [83677.5, 2600.0], [83675.0, 12220.0], [83670.0, 15940.0], [83667.5, 3960.0], [83665.0, 20110.0], [83662.5, 10000.0], [83660.0, 6620.0], [83655.0, 16560.0], [83652.5, 45560.0], [83650.0, 9630.0], [83642.5, 1950.0], [83640.0, 6500.0], [83632.5, 1950.0], [83630.0, 6500.0], [83622.5, 1950.0], [83620.0, 6500.0], [83602.5, 24080.0]], "asks": [[83692.5, 2600.0], [83700.0, 2800.0], [83702.5, 9630.0], [83705.0, 120.0], [83710.0, 4950.0], [83712.5, 16500.0], [83715.0, 15530.0], [83717.5, 2000.0], [83720.0, 52890.0], [83722.5, 6500.0], [83725.0, 16420.0], [83727.5, 44290.0], [83732.5, 1960.0], [83735.0, 6540.0], [83745.0, 10.0], [83750.0, 1950.0], [83752.5, 6500.0], [83760.0, 1950.0], [83762.5, 6500.0], [83770.0, 32670.0]]}}}
{"jsonrpc": "2.0", "method": "subscription", "params": {"channel": "book.BTC-14MAR25.none.20.100ms", "data": {"timestamp": 1741084180375, "change_id": 90844814372, "instrument_name": "BTC-14MAR25", "bids": [[83770.0, 120.0], [83762.5, 10000.0], [83747.5, 5080.0], [83745.0, 24720.0], [83742.5, 24640.0], [83740.0, 1430.0], [83735.0, 4520.0], [83727.5, 1350.0], [83725.0, 4500.0], [83717.5, 3320.0], [83715.0, 12010.0], [83712.5, 990.0], [83710.0, 3290.0], [83707.5, 1350.0], [83705.0, 4500.0], [83692.5, 4440.0], [83690.0, 14810.0], [83687.5, 1350.0], [83685.0, 4500.0], [83675.0, 1350.0]], "asks": [[83772.5, 3290.0], [83780.0, 1350.0], [83782.5, 4500.0], [83790.0, 6120.0], [83792.5, 23290.0], [83795.0, 21940.0], [83797.5, 56200.0], [83800.0, 3000.0], [83802.5, 10000.0], [83805.0, 1350.0], [83807.5, 4500.0], [83815.0, 1020.0], [83817.5, 4500.0], [83825.0, 1170.0], [83827.5, 4500.0], [83832.5, 600.0], [83835.0, 3350.0], [83837.5, 4500.0], [83850.0, 1350.0], [83852.5, 4500.0]]}}}
{"jsonrpc": "2.0", "method": "subscription", "params": {"channel": "book.BTC-7MAR25.none.20.100ms", "data": {"timestamp": 1741084180717, "change_id": 90844815211, "instrument_name": "BTC-7MAR25", "bids": [[83695.0, 5080.0], [83692.5, 6500.0], [83690.0, 9880.0], [83687.5, 2600.0], [83685.0, 1720.0], [83682.5, 2600.0], [83680.0, 5860.0], [83677.5, 2600.0], [83675.0, 15150.0], [83670.0, 31220.0], [83665.0, 4950.0], [83662.5, 10000.0], [83660.0, 6500.0], [83655.0, 16560.0], [83652.5, 45560.0], [83650.0, 9630.0], [83642.5, 1950.0], [83640.0, 6500.0], [83632.5, 1950.0], [83630.0, 6500.0]], "asks": [[83705.0, 120.0], [83707.5, 940.0], [83710.0, 6130.0], [83712.5, 10000.0], [83720.0, 17530.0], [83722.5, 56500.0], [83725.0, 16420.0], [83727.5, 44290.0], [83732.5, 1960.0], [83735.0, 6540.0], [83737.5, 600.0], [83740.0, 2000.0], [83745.0, 10.0], [83750.0, 1950.0], [83752.5, 6500.0], [83760.0, 1950.0], [83762.5, 6500.0], [83770.0, 32670.0], [83772.5, 33140.0], [83775.0, 75770.0]]}}}
{"jsonrpc": "2.0", "method": "subscription", "params": {"channel": "book.BTC-14MAR25.none.20.100ms", "data": {"timestamp": 1741084180703, "change_id": 90844815025, "instrument_name": "BTC-14MAR25", "bids": [[83770.0, 120.0], [83765.0, 3000.0], [83762.5, 10000.0], [83755.0, 2340.0], [83752.5, 3290.0], [83750.0, 4500.0], [83747.5, 5080.0], [83745.0, 21430.0], [83742.5, 24640.0], [83740.0, 1430.0], [83735.0, 4520.0], [83727.5, 1350.0], [83725.0, 4500.0], [83717.5, 3320.0], [83715.0, 12010.0], [83712.5, 990.0], [83710.0, 3290.0], [83707.5, 1350.0], [83705.0, 4500.0], [83692.5, 4440.0]], "asks": [[83772.5, 3290.0], [83790.0, 6120.0], [83792.5, 23290.0], [83795.0, 21940.0], [83797.5, 56200.0], [83800.0, 3000.0], [83802.5, 10000.0], [83805.0, 1350.0], [83807.5, 4500.0], [83815.0, 1020.0], [83817.5, 4500.0], [83825.0, 1170.0], [83827.5, 4500.0], [83835.0, 1350.0], [83837.5, 4500.0], [83850.0, 1350.0], [83852.5, 4500.0], [83857.5, 600.0], [83860.0, 14130.0], [83862.5, 44000.0]]}}}
{"jsonrpc": "2.0", "method": "subscription", "params": {"channel": "book.BTC-7MAR25.none.20.100ms", "data": {"timestamp": 1741084180795, "change_id": 90844815482, "instrument_name": "BTC-7MAR25", "bids": [[83692.5, 780.0], [83690.0, 3380.0], [83687.5, 2600.0], [83685.0, 1720.0], [83682.5, 2600.0], [83680.0, 12990.0], [83677.5, 2600.0], [83675.0, 40060.0], [83670.0, 31220.0], [83665.0, 4950.0], [83662.5, 10000.0], [83660.0, 6500.0], [83655.0, 16560.0], [83652.5, 45560.0], [83650.0, 9630.0], [83642.5, 1950.0], [83640.0, 6500.0], [83632.5, 1950.0], [83630.0, 6500.0], [83622.5, 1950.0]], "asks": [[83705.0, 120.0], [83707.5, 940.0], [83710.0, 6130.0], [83712.5, 10000.0], [83720.0, 17530.0], [83722.5, 56500.0], [83725.0, 16420.0], [83727.5, 44290.0], [83732.5, 1960.0], [83735.0, 6540.0], [83737.5, 600.0], [83740.0, 2000.0], [83745.0, 10.0], [83750.0, 1950.0], [83752.5, 6500.0], [83760.0, 1950.0], [83762.5, 6500.0], [83770.0, 32670.0], [83772.5, 33140.0], [83775.0, 75770.0]]}}}
{"jsonrpc": "2.0", "method": "subscription", "params": {"channel": "book.BTC-14MAR25.none.20.100ms", "data": {"timestamp": 1741084180791, "change_id": 90844815466, "instrument_name": "BTC-14MAR25", "bids": [[83770.0, 120.0], [83765.0, 3000.0], [83762.5, 10000.0], [83755.0, 2340.0], [83752.5, 3410.0], [83750.0, 4500.0], [83747.5, 5080.0], [83745.0, 21430.0], [83742.5, 24520.0], [83740.0, 1430.0], [83735.0, 4520.0], [83727.5, 1350.0], [83725.0, 4500.0], [83717.5, 3320.0], [83715.0, 12010.0], [83712.5, 990.0], [83710.0, 3290.0], [83707.5, 1350.0], [83705.0, 4500.0], [83692.5, 4440.0]], "asks": [[83772.5, 3290.0], [83780.0, 1350.0], [83782.5, 4500.0], [83790.0, 6120.0], [83792.5, 23290.0], [83795.0, 21940.0], [83797.5, 56200.0], [83800.0, 3000.0], [83802.5, 10000.0], [83805.0, 1350.0], [83807.5, 4500.0], [83815.0, 1020.0], [83817.5, 4500.0], [83825.0, 1170.0], [83827.5, 4500.0], [83835.0, 1350.0], [83837.5, 4500.0], [83850.0, 1350.0], [83852.5, 4500.0], [83857.5, 600.0]]}}}
{"jsonrpc": "2.0", "method": "subscription", "params": {"channel": "book.BTC-7MAR25.none.20.100ms", "data": {"timestamp": 1741084181398, "change_id": 90844816489, "instrument_name": "BTC-7MAR25", "bids": [[83687.5, 2600.0], [83685.0, 1720.0], [83682.5, 2600.0], [83680.0, 12990.0], [83677.5, 2600.0], [83675.0, 33560.0], [83670.0, 31220.0], [83665.0, 4950.0], [83662.5, 10000.0], [83660.0, 6500.0], [83655.0, 16560.0], [83652.5, 45560.0], [83650.0, 9630.0], [83642.5, 1950.0], [83640.0, 6500.0], [83632.5, 1950.0], [83630.0, 6500.0], [83622.5, 1950.0], [83620.0, 6500.0], [83602.5, 24080.0]], "asks": [[83695.0, 4900.0], [83697.5, 2600.0], [83700.0, 8500.0], [83702.5, 2600.0], [83705.0, 6620.0], [83710.0, 4580.0], [83712.5, 16500.0], [83720.0, 17530.0], [83722.5, 56500.0], [83725.0, 16420.0], [83727.5, 44290.0], [83732.5, 1960.0], [83735.0, 6540.0], [83737.5, 600.0], [83740.0, 2000.0], [83745.0, 10.0], [83750.0, 1950.0], [83752.5, 6500.0], [83760.0, 1950.0], [83762.5, 6500.0]]}}}
{"jsonrpc": "2.0", "method": "subscription", "params": {"channel": "book.BTC-14MAR25.none.20.100ms", "data": {"timestamp": 1741084181394, "change_id": 90844816479, "instrument_name": "BTC-14MAR25", "bids": [[83770.0, 120.0], [83762.5, 10000.0], [83755.0, 1390.0], [83752.5, 120.0], [83750.0, 4500.0], [83747.5, 8370.0], [83745.0, 21430.0], [83742.5, 24520.0], [83740.0, 1430.0], [83735.0, 4520.0], [83727.5, 1350.0], [83725.0, 4500.0], [83717.5, 3320.0], [83715.0, 12010.0], [83712.5, 990.0], [83710.0, 3290.0], [83707.5, 1350.0], [83705.0, 4500.0], [83692.5, 4440.0], [83690.0, 14810.0]], "asks": [[83772.5, 3290.0], [83780.0, 1350.0], [83782.5, 4500.0], [83790.0, 6120.0], [83792.5, 23290.0], [83795.0, 21940.0], [83797.5, 56200.0], [83800.0, 3000.0], [83802.5, 10000.0], [83805.0, 1350.0], [83807.5, 4500.0], [83815.0, 1020.0], [83817.5, 4500.0], [83825.0, 1170.0], [83827.5, 4500.0], [83835.0, 1350.0], [83837.5, 4500.0], [83850.0, 1350.0], [83852.5, 4500.0], [83860.0, 12130.0]]}}}
{"jsonrpc": "2.0", "method": "subscription", "params": {"channel": "book.BTC-7MAR25.none.20.100ms", "data": {"timestamp": 1741084181683, "change_id": 90844816925, "instrument_name": "BTC-7MAR25", "bids": [[83687.5, 2600.0], [83685.0, 1720.0], [83682.5, 2600.0], [83680.0, 12990.0], [83677.5, 2600.0], [83675.0, 30630.0], [83670.0, 15280.0], [83665.0, 9200.0], [83662.5, 26220.0], [83660.0, 6500.0], [83655.0, 16560.0], [83652.5, 45560.0], [83650.0, 9630.0], [83642.5, 1950.0], [83640.0, 6500.0], [83632.5, 1950.0], [83630.0, 6500.0], [83622.5, 1950.0], [83620.0, 6500.0], [83602.5, 24080.0]], "asks": [[83692.5, 2600.0], [83695.0, 2600.0], [83697.5, 2600.0], [83700.0, 5120.0], [83705.0, 6620.0], [83710.0, 4580.0], [83712.5, 16500.0], [83720.0, 17530.0], [83722.5, 56500.0], [83725.0, 16420.0], [83727.5, 44290.0], [83732.5, 1960.0], [83735.0, 6540.0], [83745.0, 10.0], [83750.0, 1950.0], [83752.5, 6500.0], [83760.0, 1950.0], [83762.5, 6500.0], [83770.0, 32670.0], [83772.5, 33140.0]]}}}
{"jsonrpc": "2.0", "method": "subscription", "params": {"channel": "book.BTC-14MAR25.none.20.100ms", "data": {"timestamp": 1741084181668, "change_id": 90844816888, "instrument_name": "BTC-14MAR25", "bids": [[83770.0, 120.0], [83762.5, 10000.0], [83752.5, 1470.0], [83750.0, 4500.0], [83747.5, 8370.0], [83745.0, 21430.0], [83742.5, 24520.0], [83740.0, 1430.0], [83735.0, 4520.0], [83727.5, 1350.0], [83725.0, 4500.0], [83717.5, 3320.0], [83715.0, 12010.0], [83712.5, 990.0], [83710.0, 3290.0], [83707.5, 1350.0], [83705.0, 4500.0], [83692.5, 4440.0], [83690.0, 14810.0], [83687.5, 1350.0]], "asks": [[83772.5, 3290.0], [83780.0, 1350.0], [83782.5, 4500.0], [83790.0, 6120.0], [83792.5, 23290.0], [83795.0, 21940.0], [83797.5, 56200.0], [83800.0, 3000.0], [83802.5, 10000.0], [83805.0, 1350.0], [83807.5, 4500.0], [83815.0, 1020.0], [83817.5, 4500.0], [83825.0, 1170.0], [83827.5, 4500.0], [83835.0, 1350.0], [83837.5, 4500.0], [83850.0, 1350.0], [83852.5, 4500.0], [83860.0, 12130.0]]}}}
{"jsonrpc": "2.0", "method": "subscription", "params": {"channel": "book.BTC-7MAR25.none.20.100ms", "data": {"timestamp": 1741084182056, "change_id": 90844817751, "instrument_name": "BTC-7MAR25", "bids": [[83680.0, 12990.0], [83675.0, 24910.0], [83670.0, 4670.0], [83667.5, 15160.0], [83665.0, 9200.0], [83662.5, 26220.0], [83660.0, 6500.0], [83655.0, 2890.0], [83650.0, 9630.0], [83647.5, 13670.0], [83645.0, 45560.0], [83642.5, 1950.0], [83640.0, 6500.0], [83632.5, 1950.0], [83630.0, 6500.0], [83622.5, 1950.0], [83620.0, 6500.0], [83605.0, 1960.0], [83602.5, 6500.0], [83600.0, 17610.0]], "asks": [[83690.0, 1560.0], [83692.5, 2600.0], [83695.0, 4320.0], [83697.5, 2600.0], [83700.0, 5120.0], [83705.0, 6620.0], [83707.5, 15000.0], [83710.0, 54580.0], [83712.5, 16500.0], [83715.0, 13290.0], [83717.5, 44290.0], [83720.0, 2890.0], [83722.5, 6500.0], [83725.0, 3130.0], [83732.5, 1960.0], [83735.0, 6540.0], [83745.0, 10.0], [83750.0, 1950.0], [83752.5, 6500.0], [83760.0, 1950.0]]}}}
{"jsonrpc": "2.0", "method": "subscription", "params": {"channel": "book.BTC-14MAR25.none.20.100ms", "data": {"timestamp": 1741084181947, "change_id": 90844817659, "instrument_name": "BTC-14MAR25", "bids": [[83770.0, 120.0], [83762.5, 10000.0], [83752.5, 120.0], [83747.5, 5080.0], [83745.0, 21430.0], [83742.5, 24520.0], [83740.0, 1430.0], [83735.0, 4520.0], [83727.5, 1350.0], [83725.0, 4500.0], [83717.5, 3320.0], [83715.0, 12010.0], [83712.5, 990.0], [83710.0, 3290.0], [83707.5, 1350.0], [83705.0, 4500.0], [83692.5, 4440.0], [83690.0, 14810.0], [83687.5, 1350.0], [83685.0, 4500.0]], "asks": [[83772.5, 7790.0], [83780.0, 1350.0], [83782.5, 4500.0], [83790.0, 6120.0], [83792.5, 23290.0], [83795.0, 21940.0], [83797.5, 56200.0], [83800.0, 3000.0], [83802.5, 10000.0], [83805.0, 1350.0], [83807.5, 4500.0], [83815.0, 1020.0], [83817.5, 4500.0], [83825.0, 1170.0], [83827.5, 4500.0], [83835.0, 1350.0], [83837.5, 4500.0], [83850.0, 1350.0], [83852.5, 4500.0], [83860.0, 12130.0]]}}}
{"jsonrpc": "2.0", "method": "subscription", "params": {"channel": "book.BTC-14MAR25.none.20.100ms", "data": {"timestamp": 1741084182084, "change_id": 90844817800, "instrument_name": "BTC-14MAR25", "bids": [[83770.0, 120.0], [83762.5, 10000.0], [83752.5, 120.0], [83747.5, 5080.0], [83745.0, 21430.0], [83742.5, 27810.0], [83740.0, 1430.0], [83735.0, 4520.0], [83727.5, 1350.0], [83725.0, 4500.0], [83717.5, 3320.0], [83715.0, 12010.0], [83712.5, 990.0], [83710.0, 3290.0], [83707.5, 1350.0], [83705.0, 4500.0], [83692.5, 4440.0], [83690.0, 14810.0], [83687.5, 1350.0], [83685.0, 4500.0]], "asks": [[83772.5, 7790.0], [83780.0, 1350.0], [83782.5, 4500.0], [83790.0, 6120.0], [83792.5, 23290.0], [83795.0, 21940.0], [83797.5, 56200.0], [83800.0, 3000.0], [83802.5, 10000.0], [83805.0, 1350.0], [83807.5, 4500.0], [83815.0, 1020.0], [83817.5, 4500.0], [83825.0, 1170.0], [83827.5, 4500.0], [83835.0, 1350.0], [83837.5, 4500.0], [83850.0, 1350.0], [83852.5, 4500.0], [83860.0, 12130.0]]}}}
{"jsonrpc": "2.0", "method": "subscription", "params": {"channel": "book.BTC-7MAR25.none.20.100ms", "data": {"timestamp": 1741084182359, "change_id": 90844818299, "instrument_name": "BTC-7MAR25", "bids": [[83682.5, 9830.0], [83680.0, 9860.0], [83675.0, 25890.0], [83672.5, 3130.0], [83670.0, 4670.0], [83667.5, 15160.0], [83665.0, 9240.0], [83662.5, 26350.0], [83660.0, 6500.0], [83655.0, 2890.0], [83650.0, 9630.0], [83647.5, 13670.0], [83645.0, 45560.0], [83642.5, 1950.0], [83640.0, 6500.0], [83632.5, 1950.0], [83630.0, 6500.0], [83622.5, 1950.0], [83620.0, 6500.0], [83605.0, 1960.0]], "asks": [[83690.0, 2300.0], [83692.5, 5730.0], [83695.0, 5230.0], [83697.5, 2600.0], [83700.0, 8490.0], [83705.0, 6620.0], [83707.5, 15000.0], [83710.0, 54580.0], [83712.5, 16500.0], [83715.0, 13290.0], [83717.5, 44290.0], [83720.0, 2890.0], [83722.5, 6500.0], [83725.0, 3130.0], [83732.5, 1960.0], [83735.0, 6540.0], [83745.0, 10.0], [83750.0, 1950.0], [83752.5, 6500.0], [83760.0, 1950.0]]}}}
{"jsonrpc": "2.0", "method": "subscription", "params": {"channel": "book.BTC-14MAR25.none.20.100ms", "data": {"timestamp": 1741084182518, "change_id": 90844818611, "instrument_name": "BTC-14MAR25", "bids": [[83770.0, 120.0], [83762.5, 10000.0], [83745.0, 7390.0], [83742.5, 27810.0], [83740.0, 1550.0], [83735.0, 4520.0], [83727.5, 1350.0], [83725.0, 4500.0], [83720.0, 3600.0], [83717.5, 7510.0], [83715.0, 4500.0], [83712.5, 990.0], [83710.0, 3290.0], [83707.5, 1350.0], [83705.0, 4500.0], [83692.5, 14810.0], [83687.5, 1350.0], [83685.0, 4500.0], [83675.0, 1350.0], [83672.5, 4500.0]], "asks": [[83772.5, 7790.0], [83780.0, 1350.0], [83782.5, 4500.0], [83790.0, 6120.0], [83792.5, 23290.0], [83795.0, 21940.0], [83797.5, 56200.0], [83800.0, 3000.0], [83802.5, 10000.0], [83805.0, 1350.0], [83807.5, 4500.0], [83815.0, 1020.0], [83817.5, 4500.0], [83825.0, 1170.0], [83827.5, 4500.0], [83835.0, 1350.0], [83837.5, 4500.0], [83850.0, 1350.0], [83852.5, 4500.0], [83860.0, 12130.0]]}}}
{"jsonrpc": "2.0", "method": "subscription", "params": {"channel": "book.BTC-7MAR25.none.20.100ms", "data": {"timestamp": 1741084182585, "change_id": 90844818801, "instrument_name": "BTC-7MAR25", "bids": [[83677.5, 4550.0], [83675.0, 8100.0], [83672.5, 3130.0], [83670.0, 2600.0], [83667.5, 4550.0], [83665.0, 24400.0], [83662.5, 26350.0], [83660.0, 6500.0], [83657.5, 120.0], [83655.0, 16200.0], [83650.0, 55190.0], [83642.5, 1950.0], [83640.0, 6500.0], [83632.5, 1950.0], [83630.0, 6500.0], [83622.5, 1950.0], [83620.0, 6500.0], [83605.0, 1960.0], [83602.5, 6500.0], [83600.0, 17610.0]], "asks": [[83690.0, 4160.0], [83692.5, 5730.0], [83700.0, 1990.0], [83705.0, 6620.0], [83707.5, 15000.0], [83710.0, 54580.0], [83712.5, 16500.0], [83715.0, 13290.0], [83717.5, 44290.0], [83720.0, 4890.0], [83722.5, 6500.0], [83725.0, 3130.0], [83732.5, 1960.0], [83735.0, 6540.0], [83745.0, 10.0], [83750.0, 1950.0], [83752.5, 6500.0], [83760.0, 1950.0], [83762.5, 6500.0], [83770.0, 32670.0]]}}}
{"jsonrpc": "2.0", "method": "subscription", "params": {"channel": "book.BTC-7MAR25.none.20.100ms", "data": {"timestamp": 1741084183024, "change_id": 90844819612, "instrument_name": "BTC-7MAR25", "bids": [[83685.0, 13210.0], [83682.5, 2600.0], [83680.0, 780.0], [83677.5, 2600.0], [83675.0, 7090.0], [83672.5, 15980.0], [83670.0, 2600.0], [83667.5, 4550.0], [83665.0, 24400.0], [83662.5, 26350.0], [83660.0, 6500.0], [83657.5, 120.0], [83655.0, 16200.0], [83650.0, 55190.0], [83642.5, 1950.0], [83640.0, 6500.0], [83632.5, 1950.0], [83630.0, 6500.0], [83622.5, 1950.0], [83620.0, 6500.0]], "asks": [[83697.5, 4550.0], [83700.0, 8490.0], [83705.0, 6620.0], [83710.0, 19380.0], [83712.5, 66500.0], [83715.0, 13290.0], [83717.5, 44290.0], [83720.0, 4890.0], [83722.5, 6500.0], [83725.0, 3130.0], [83732.5, 1960.0], [83735.0, 6540.0], [83745.0, 10.0], [83750.0, 1950.0], [83752.5, 6500.0], [83760.0, 1950.0], [83762.5, 6500.0], [83770.0, 32670.0], [83772.5, 33140.0], [83775.0, 75770.0]]}}}
{"jsonrpc": "2.0", "method": "subscription", "params": {"channel": "book.BTC-14MAR25.none.20.100ms", "data": {"timestamp": 1741084182846, "change_id": 90844819360, "instrument_name": "BTC-14MAR25", "bids": [[83770.0, 120.0], [83762.5, 10000.0], [83752.5, 1350.0], [83750.0, 4500.0], [83745.0, 7390.0], [83742.5, 27810.0], [83740.0, 1550.0], [83735.0, 4520.0], [83727.5, 1350.0], [83725.0, 4500.0], [83720.0, 3600.0], [83717.5, 7510.0], [83715.0, 4500.0], [83712.5, 990.0], [83710.0, 3290.0], [83707.5, 1350.0], [83705.0, 4500.0], [83692.5, 14810.0], [83687.5, 1350.0], [83685.0, 4500.0]], "asks": [[83772.5, 3290.0], [83780.0, 1350.0], [83782.5, 4500.0], [83790.0, 6120.0], [83792.5, 23290.0], [83795.0, 21940.0], [83797.5, 56200.0], [83800.0, 3000.0], [83802.5, 10000.0], [83805.0, 1350.0], [83807.5, 4500.0], [83815.0, 1020.0], [83817.5, 4500.0], [83825.0, 1170.0], [83827.5, 4500.0], [83835.0, 1350.0], [83837.5, 4500.0], [83840.0, 2000.0], [83850.0, 1350.0], [83852.5, 4500.0]]}}}
{"jsonrpc": "2.0", "method": "subscription", "params": {"channel": "book.BTC-7MAR25.none.20.100ms", "data": {"timestamp": 1741084183378, "change_id": 90844820053, "instrument_name": "BTC-7MAR25", "bids": [[83685.0, 14050.0], [83682.5, 2600.0], [83680.0, 5760.0], [83677.5, 2600.0], [83675.0, 9970.0], [83672.5, 12850.0], [83670.0, 2600.0], [83667.5, 4550.0], [83665.0, 24400.0], [83662.5, 26350.0], [83660.0, 6500.0], [83657.5, 120.0], [83655.0, 16200.0], [83650.0, 55190.0], [83642.5, 1950.0], [83640.0, 6500.0], [83632.5, 1950.0], [83630.0, 6500.0], [83622.5, 1950.0], [83620.0, 6500.0]], "asks": [[83692.5, 2600.0], [83695.0, 940.0], [83697.5, 3130.0], [83700.0, 1990.0], [83705.0, 6620.0], [83710.0, 19380.0], [83712.5, 66500.0], [83715.0, 13290.0], [83717.5, 44290.0], [83720.0, 4890.0], [83722.5, 6500.0], [83725.0, 3130.0], [83732.5, 1960.0], [83735.0, 6540.0], [83745.0, 10.0], [83750.0, 1950.0], [83752.5, 6500.0], [83760.0, 1950.0], [83762.5, 6500.0], [83770.0, 32670.0]]}}}
{"jsonrpc": "2.0", "method": "subscription", "params": {"channel": "book.BTC-14MAR25.none.20.100ms", "data": {"timestamp": 1741084183065, "change_id": 90844819921, "instrument_name": "BTC-14MAR25", "bids": [[83770.0, 120.0], [83762.5, 10000.0], [83752.5, 1350.0], [83750.0, 4500.0], [83747.5, 2950.0], [83745.0, 17220.0], [83742.5, 27810.0], [83740.0, 1550.0], [83735.0, 4520.0], [83727.5, 1350.0], [83725.0, 4500.0], [83720.0, 3600.0], [83717.5, 7510.0], [83715.0, 4500.0], [83712.5, 990.0], [83710.0, 3290.0], [83707.5, 1350.0], [83705.0, 4500.0], [83692.5, 14810.0], [83687.5, 1350.0]], "asks": [[83772.5, 3290.0], [83780.0, 1350.0], [83782.5, 4500.0], [83790.0, 6120.0], [83792.5, 23290.0], [83795.0, 21940.0], [83797.5, 56200.0], [83800.0, 3000.0], [83802.5, 10000.0], [83805.0, 1350.0], [83807.5, 4500.0], [83815.0, 1020.0], [83817.5, 4500.0], [83825.0, 1170.0], [83827.5, 4500.0], [83835.0, 1350.0], [83837.5, 4500.0], [83840.0, 2000.0], [83850.0, 1350.0], [83852.5, 4500.0]]}}}
{"jsonrpc": "2.0", "method": "subscription", "params": {"channel": "book.BTC-7MAR25.none.20.100ms", "data": {"timestamp": 1741084183697, "change_id": 90844820620, "instrument_name": "BTC-7MAR25", "bids": [[83692.5, 3380.0], [83690.0, 7280.0], [83687.5, 6500.0], [83685.0, 7280.0], [83680.0, 5760.0], [83677.5, 2600.0], [83675.0, 9970.0], [83672.5, 12850.0], [83670.0, 2600.0], [83667.5, 4670.0], [83665.0, 24400.0], [83662.5, 26350.0], [83660.0, 6500.0], [83655.0, 16200.0], [83650.0, 55190.0], [83642.5, 1950.0], [83640.0, 6500.0], [83632.5, 1950.0], [83630.0, 6500.0], [83622.5, 1950.0]], "asks": [[83700.0, 5730.0], [83705.0, 120.0], [83710.0, 19380.0], [83712.5, 10000.0], [83715.0, 63290.0], [83717.5, 44290.0], [83720.0, 4890.0], [83722.5, 6500.0], [83725.0, 3130.0], [83732.5, 1960.0], [83735.0, 6540.0], [83745.0, 10.0], [83750.0, 1950.0], [83752.5, 6500.0], [83760.0, 1950.0], [83762.5, 6500.0], [83770.0, 32670.0], [83772.5, 33140.0], [83775.0, 75770.0], [83780.0, 1950.0]]}}}
{"jsonrpc": "2.0", "method": "subscription", "params": {"channel": "book.BTC-14MAR25.none.20.100ms", "data": {"timestamp": 1741084183710, "change_id": 90844820660, "instrument_name": "BTC-14MAR25", "bids": [[83770.0, 120.0], [83765.0, 3000.0], [83762.5, 10000.0], [83752.5, 2170.0], [83750.0, 7910.0], [83747.5, 2950.0], [83745.0, 17220.0], [83742.5, 24520.0], [83740.0, 1430.0], [83735.0, 4520.0], [83727.5, 1350.0], [83725.0, 4500.0], [83720.0, 3600.0], [83717.5, 7510.0], [83715.0, 4500.0], [83712.5, 990.0], [83710.0, 3290.0], [83707.5, 1350.0], [83705.0, 4500.0], [83695.0, 8940.0]], "asks": [[83772.5, 3290.0], [83790.0, 6120.0], [83792.5, 23290.0], [83795.0, 21940.0], [83797.5, 56200.0], [83800.0, 3000.0], [83802.5, 10000.0], [83805.0, 1350.0], [83807.5, 4500.0], [83815.0, 1020.0], [83817.5, 4500.0], [83825.0, 1170.0], [83827.5, 4500.0], [83835.0, 1350.0], [83837.5, 4500.0], [83840.0, 2000.0], [83850.0, 1350.0], [83852.5, 4500.0], [83860.0, 12130.0], [83862.5, 44000.0]]}}}
{"jsonrpc": "2.0", "method": "subscription", "params": {"channel": "book.BTC-7MAR25.none.20.100ms", "data": {"timestamp": 1741084184014, "change_id": 90844821262, "instrument_name": "BTC-7MAR25", "bids": [[83690.0, 4550.0], [83685.0, 7280.0], [83680.0, 5760.0], [83677.5, 2600.0], [83675.0, 9970.0], [83672.5, 12850.0], [83670.0, 2600.0], [83667.5, 4670.0], [83665.0, 24400.0], [83662.5, 26350.0], [83660.0, 6500.0], [83655.0, 16200.0], [83650.0, 55190.0], [83642.5, 1950.0], [83640.0, 6500.0], [83632.5, 1950.0], [83630.0, 6500.0], [83622.5, 1950.0], [83620.0, 6500.0], [83605.0, 1960.0]], "asks": [[83700.0, 5730.0], [83705.0, 120.0], [83710.0, 19380.0], [83712.5, 10000.0], [83715.0, 63290.0], [83717.5, 44290.0], [83720.0, 4890.0], [83722.5, 6500.0], [83725.0, 3130.0], [83732.5, 1960.0], [83735.0, 6540.0], [83745.0, 10.0], [83750.0, 1950.0], [83752.5, 6500.0], [83760.0, 1950.0], [83762.5, 6500.0], [83770.0, 32670.0], [83772.5, 33140.0], [83775.0, 75770.0], [83780.0, 1950.0]]}}}
{"jsonrpc": "2.0", "method": "subscription", "params": {"channel": "book.BTC-14MAR25.none.20.100ms", "data": {"timestamp": 1741084183937, "change_id": 90844821245, "instrument_name": "BTC-14MAR25", "bids": [[83765.0, 3000.0], [83762.5, 10000.0], [83760.0, 180.0], [83752.5, 2170.0], [83750.0, 7910.0], [83747.5, 2950.0], [83745.0, 17220.0], [83742.5, 24520.0], [83740.0, 1430.0], [83735.0, 4520.0], [83727.5, 1350.0], [83725.0, 4500.0], [83720.0, 3600.0], [83717.5, 7510.0], [83715.0, 4500.0], [83712.5, 990.0], [83710.0, 3290.0], [83707.5, 1350.0], [83705.0, 4500.0], [83695.0, 8940.0]], "asks": [[83772.5, 3290.0], [83780.0, 1350.0], [83782.5, 4500.0], [83790.0, 6120.0], [83792.5, 23290.0], [83795.0, 21940.0], [83797.5, 56200.0], [83800.0, 3000.0], [83802.5, 10000.0], [83805.0, 1350.0], [83807.5, 4500.0], [83815.0, 1020.0], [83817.5, 4500.0], [83825.0, 1170.0], [83827.5, 4500.0], [83835.0, 1350.0], [83837.5, 4500.0], [83840.0, 2000.0], [83850.0, 1350.0], [83852.5, 4500.0]]}}}
{"jsonrpc": "2.0", "method": "subscription", "params": {"channel": "book.BTC-7MAR25.none.20.100ms", "data": {"timestamp": 1741084184678, "change_id": 90844822040, "instrument_name": "BTC-7MAR25", "bids": [[83692.5, 3380.0], [83690.0, 4550.0], [83687.5, 2600.0], [83685.0, 7280.0], [83680.0, 5760.0], [83677.5, 2600.0], [83675.0, 9970.0], [83672.5, 12850.0], [83670.0, 2600.0], [83667.5, 4670.0], [83665.0, 24400.0], [83662.5, 26350.0], [83660.0, 6500.0], [83655.0, 16200.0], [83650.0, 55190.0], [83642.5, 1950.0], [83640.0, 6500.0], [83632.5, 1950.0], [83630.0, 6500.0], [83622.5, 1950.0]], "asks": [[83700.0, 3130.0], [83705.0, 120.0], [83710.0, 19380.0], [83712.5, 10000.0], [83715.0, 63290.0], [83717.5, 44290.0], [83720.0, 4890.0], [83722.5, 6500.0], [83725.0, 3130.0], [83732.5, 1960.0], [83735.0, 6540.0], [83745.0, 10.0], [83750.0, 1950.0], [83752.5, 6500.0], [83760.0, 1950.0], [83762.5, 6500.0], [83770.0, 32670.0], [83772.5, 33140.0], [83775.0, 75770.0], [83780.0, 1950.0]]}}}
{"jsonrpc": "2.0", "method": "subscription", "params": {"channel": "book.BTC-7MAR25.none.20.100ms", "data": {"timestamp": 1741084185004, "change_id": 90844823037, "instrument_name": "BTC-7MAR25", "bids": [[83700.0, 4160.0], [83697.5, 2600.0], [83695.0, 4160.0], [83692.5, 2600.0], [83690.0, 3380.0], [83687.5, 2600.0], [83685.0, 780.0], [83680.0, 10080.0], [83677.5, 2600.0], [83675.0, 28860.0], [83672.5, 22850.0], [83667.5, 120.0], [83665.0, 4950.0], [83662.5, 16350.0], [83660.0, 6500.0], [83655.0, 2890.0], [83650.0, 9630.0], [83642.5, 1950.0], [83640.0, 6500.0], [83632.5, 1950.0]], "asks": [[83705.0, 120.0], [83707.5, 3130.0], [83710.0, 19380.0], [83712.5, 10000.0], [83715.0, 63290.0], [83717.5, 44290.0], [83720.0, 4890.0], [83722.5, 6500.0], [83725.0, 3130.0], [83732.5, 1960.0], [83735.0, 6540.0], [83745.0, 10.0], [83750.0, 1950.0], [83752.5, 6500.0], [83760.0, 1950.0], [83762.5, 6500.0], [83770.0, 32670.0], [83772.5, 33140.0], [83775.0, 75770.0], [83780.0, 1950.0]]}}}
{"jsonrpc": "2.0", "method": "subscription", "params": {"channel": "book.BTC-14MAR25.none.20.100ms", "data": {"timestamp": 1741084184799, "change_id": 90844822563, "instrument_name": "BTC-14MAR25", "bids": [[83765.0, 3000.0], [83762.5, 10000.0], [83760.0, 180.0], [83752.5, 2170.0], [83750.0, 7910.0], [83747.5, 2950.0], [83745.0, 17220.0], [83742.5, 24520.0], [83740.0, 1430.0], [83735.0, 4520.0], [83727.5, 1350.0], [83725.0, 4500.0], [83720.0, 3600.0], [83717.5, 7510.0], [83715.0, 4500.0], [83712.5, 990.0], [83710.0, 3290.0], [83707.5, 1350.0], [83705.0, 4500.0], [83697.5, 1350.0]], "asks": [[83772.5, 3290.0], [83790.0, 6120.0], [83792.5, 23290.0], [83795.0, 21940.0], [83797.5, 56200.0], [83805.0, 1350.0], [83807.5, 4500.0], [83812.5, 3000.0], [83815.0, 11020.0], [83817.5, 4500.0], [83825.0, 1170.0], [83827.5, 4500.0], [83835.0, 1350.0], [83837.5, 4500.0], [83840.0, 2000.0], [83850.0, 1350.0], [83852.5, 4500.0], [83860.0, 12130.0], [83862.5, 44000.0], [83867.5, 20.0]]}}}
{"jsonrpc": "2.0", "method": "subscription", "params": {"channel": "book.BTC-14MAR25.none.20.100ms", "data": {"timestamp": 1741084185079, "change_id": 90844823618, "instrument_name": "BTC-14MAR25", "bids": [[83765.0, 3000.0], [83762.5, 10000.0], [83760.0, 180.0], [83752.5, 2170.0], [83750.0, 7910.0], [83747.5, 2950.0], [83745.0, 17220.0], [83742.5, 24520.0], [83740.0, 1430.0], [83735.0, 4520.0], [83727.5, 1350.0], [83725.0, 4500.0], [83720.0, 3600.0], [83717.5, 7510.0], [83715.0, 4500.0], [83712.5, 990.0], [83710.0, 3290.0], [83707.5, 1350.0], [83705.0, 4500.0], [83697.5, 1350.0]], "asks": [[83772.5, 3290.0], [83780.0, 1350.0], [83782.5, 4500.0], [83790.0, 6120.0], [83792.5, 23290.0], [83795.0, 21940.0], [83797.5, 56200.0], [83805.0, 1350.0], [83807.5, 4500.0], [83812.5, 3000.0], [83815.0, 11020.0], [83817.5, 4500.0], [83825.0, 1170.0], [83827.5, 4500.0], [83835.0, 1350.0], [83837.5, 4500.0], [83840.0, 2000.0], [83850.0, 1350.0], [83852.5, 4500.0], [83860.0, 12130.0]]}}}
{"jsonrpc": "2.0", "method": "subscription", "params": {"channel": "book.BTC-7MAR25.none.20.100ms", "data": {"timestamp": 1741084185362, "change_id": 90844823815, "instrument_name": "BTC-7MAR25", "bids": [[83692.5, 2600.0], [83690.0, 3380.0], [83687.5, 2600.0], [83685.0, 780.0], [83680.0, 10080.0], [83677.5, 2600.0], [83675.0, 25130.0], [83672.5, 10000.0], [83667.5, 120.0], [83665.0, 4950.0], [83662.5, 16350.0], [83660.0, 6500.0], [83655.0, 2890.0], [83650.0, 9630.0], [83642.5, 1950.0], [83640.0, 6500.0], [83632.5, 1950.0], [83630.0, 6500.0], [83622.5, 1950.0], [83620.0, 6500.0]], "asks": [[83700.0, 3420.0], [83702.5, 2600.0], [83705.0, 1060.0], [83707.5, 3130.0], [83710.0, 19380.0], [83712.5, 10000.0], [83715.0, 63290.0], [83717.5, 44290.0], [83720.0, 4890.0], [83722.5, 6500.0], [83725.0, 3130.0], [83732.5, 1960.0], [83735.0, 6540.0], [83745.0, 10.0], [83750.0, 1950.0], [83752.5, 6500.0], [83760.0, 1950.0], [83762.5, 6500.0], [83770.0, 32670.0], [83772.5, 33140.0]]}}}
{"jsonrpc": "2.0", "method": "subscription", "params": {"channel": "book.BTC-14MAR25.none.20.100ms", "data": {"timestamp": 1741084185644, "change_id": 90844824295, "instrument_name": "BTC-14MAR25", "bids": [[83765.0, 3000.0], [83762.5, 10000.0], [83760.0, 180.0], [83752.5, 2170.0], [83750.0, 7910.0], [83747.5, 2950.0], [83745.0, 17220.0], [83742.5, 24520.0], [83740.0, 1430.0], [83735.0, 4520.0], [83727.5, 1350.0], [83725.0, 4500.0], [83720.0, 3600.0], [83717.5, 7510.0], [83715.0, 4500.0], [83712.5, 990.0], [83710.0, 3290.0], [83707.5, 1350.0], [83705.0, 4500.0], [83697.5, 1350.0]], "asks": [[83772.5, 3290.0], [83790.0, 6120.0], [83792.5, 23290.0], [83797.5, 4500.0], [83805.0, 1350.0], [83807.5, 4500.0], [83812.5, 53000.0], [83815.0, 11020.0], [83817.5, 4500.0], [83825.0, 1170.0], [83827.5, 4500.0], [83835.0, 1350.0], [83837.5, 4500.0], [83840.0, 2000.0], [83850.0, 1350.0], [83852.5, 4500.0], [83860.0, 12130.0], [83862.5, 44000.0], [83867.5, 20.0], [83870.0, 1350.0]]}}}
{"jsonrpc": "2.0", "method": "subscription", "params": {"channel": "book.BTC-7MAR25.none.20.100ms", "data": {"timestamp": 1741084185529, "change_id": 90844824112, "instrument_name": "BTC-7MAR25", "bids": [[83695.0, 780.0], [83692.5, 2600.0], [83690.0, 780.0], [83687.5, 2600.0], [83685.0, 1620.0], [83682.5, 2600.0], [83680.0, 10080.0], [83677.5, 2600.0], [83675.0, 25130.0], [83672.5, 10000.0], [83667.5, 120.0], [83665.0, 4950.0], [83662.5, 16350.0], [83660.0, 6500.0], [83655.0, 2890.0], [83650.0, 9630.0], [83642.5, 1950.0], [83640.0, 6500.0], [83632.5, 1950.0], [83630.0, 6500.0]], "asks": [[83700.0, 2600.0], [83702.5, 2600.0], [83705.0, 1060.0], [83707.5, 3130.0], [83710.0, 19380.0], [83712.5, 10000.0], [83715.0, 63290.0], [83717.5, 44290.0], [83720.0, 4890.0], [83722.5, 6500.0], [83725.0, 3130.0], [83732.5, 1960.0], [83735.0, 6540.0], [83745.0, 10.0], [83750.0, 1950.0], [83752.5, 6500.0], [83760.0, 1950.0], [83762.5, 6500.0], [83770.0, 32670.0], [83772.5, 33140.0]]}}}
{"jsonrpc": "2.0", "method": "subscription", "params": {"channel": "book.BTC-7MAR25.none.20.100ms", "data": {"timestamp": 1741084185795, "change_id": 90844824722, "instrument_name": "BTC-7MAR25", "bids": [[83695.0, 780.0], [83692.5, 2600.0], [83690.0, 780.0], [83687.5, 2600.0], [83685.0, 1620.0], [83682.5, 2600.0], [83680.0, 20030.0], [83677.5, 37570.0], [83675.0, 25130.0], [83672.5, 10000.0], [83667.5, 120.0], [83665.0, 4950.0], [83662.5, 16350.0], [83660.0, 6500.0], [83655.0, 2890.0], [83650.0, 9630.0], [83642.5, 1950.0], [83640.0, 6500.0], [83632.5, 1950.0], [83630.0, 6500.0]], "asks": [[83700.0, 2600.0], [83702.5, 2600.0], [83705.0, 1060.0], [83707.5, 3130.0], [83710.0, 19380.0], [83712.5, 10000.0], [83715.0, 63290.0], [83717.5, 44290.0], [83720.0, 4890.0], [83722.5, 6500.0], [83725.0, 3130.0], [83732.5, 1960.0], [83735.0, 6540.0], [83745.0, 10.0], [83750.0, 1950.0], [83752.5, 6500.0], [83760.0, 1950.0], [83762.5, 6500.0], [83770.0, 32670.0], [83772.5, 33140.0]]}}}
{"jsonrpc": "2.0", "method": "subscription", "params": {"channel": "book.BTC-7MAR25.none.20.100ms", "data": {"timestamp": 1741084186247, "change_id": 90844825187, "instrument_name": "BTC-7MAR25", "bids": [[83687.5, 2600.0], [83685.0, 1620.0], [83682.5, 2600.0], [83680.0, 20030.0], [83677.5, 37570.0], [83675.0, 25130.0], [83672.5, 10000.0], [83667.5, 120.0], [83665.0, 4950.0], [83662.5, 16350.0], [83660.0, 6500.0], [83655.0, 2890.0], [83650.0, 9630.0], [83642.5, 1950.0], [83640.0, 6500.0], [83632.5, 1950.0], [83630.0, 6500.0], [83622.5, 1950.0], [83620.0, 6500.0], [83607.5, 17570.0]], "asks": [[83697.5, 3380.0], [83700.0, 3420.0], [83702.5, 2600.0], [83705.0, 1060.0], [83707.5, 3130.0], [83710.0, 19380.0], [83712.5, 10000.0], [83715.0, 63290.0], [83717.5, 44290.0], [83720.0, 4890.0], [83722.5, 6500.0], [83725.0, 3130.0], [83732.5, 1960.0], [83735.0, 6540.0], [83745.0, 10.0], [83750.0, 1950.0], [83752.5, 6500.0], [83760.0, 1950.0], [83762.5, 6500.0], [83770.0, 32670.0]]}}}
{"jsonrpc": "2.0", "method": "subscription", "params": {"channel": "book.BTC-14MAR25.none.20.100ms", "data": {"timestamp": 1741084186277, "change_id": 90844825219, "instrument_name": "BTC-14MAR25", "bids": [[83765.0, 3000.0], [83762.5, 10000.0], [83760.0, 180.0], [83752.5, 2170.0], [83750.0, 7910.0], [83747.5, 2950.0], [83745.0, 17220.0], [83742.5, 24520.0], [83740.0, 1430.0], [83735.0, 4520.0], [83727.5, 1350.0], [83725.0, 4500.0], [83722.5, 7510.0], [83720.0, 1350.0], [83715.0, 4500.0], [83712.5, 990.0], [83710.0, 3290.0], [83707.5, 1350.0], [83705.0, 4500.0], [83702.5, 14810.0]], "asks": [[83770.0, 990.0], [83772.5, 3290.0], [83780.0, 1350.0], [83782.5, 4500.0], [83790.0, 6120.0], [83792.5, 23290.0], [83797.5, 4500.0], [83805.0, 1350.0], [83807.5, 4500.0], [83812.5, 50000.0], [83815.0, 11020.0], [83817.5, 4500.0], [83825.0, 1170.0], [83827.5, 4500.0], [83835.0, 1350.0], [83837.5, 4500.0], [83840.0, 2000.0], [83850.0, 1350.0], [83852.5, 4500.0], [83860.0, 12130.0]]}}}
{"jsonrpc": "2.0", "method": "subscription", "params": {"channel": "book.BTC-7MAR25.none.20.100ms", "data": {"timestamp": 1741084186628, "change_id": 90844825738, "instrument_name": "BTC-7MAR25", "bids": [[83685.0, 1620.0], [83682.5, 2600.0], [83680.0, 20030.0], [83677.5, 34970.0], [83675.0, 18630.0], [83672.5, 10000.0], [83667.5, 120.0], [83665.0, 4950.0], [83662.5, 16350.0], [83660.0, 6500.0], [83655.0, 2890.0], [83650.0, 9630.0], [83642.5, 1950.0], [83640.0, 6500.0], [83632.5, 1950.0], [83630.0, 6500.0], [83622.5, 1950.0], [83620.0, 6500.0], [83607.5, 17570.0], [83605.0, 60530.0]], "asks": [[83692.5, 2600.0], [83695.0, 4220.0], [83697.5, 2600.0], [83700.0, 3950.0], [83702.5, 2600.0], [83705.0, 1950.0], [83707.5, 6500.0], [83710.0, 17630.0], [83712.5, 60000.0], [83715.0, 13290.0], [83717.5, 44290.0], [83720.0, 4890.0], [83722.5, 6500.0], [83725.0, 3130.0], [83732.5, 1960.0], [83735.0, 6540.0], [83745.0, 10.0], [83750.0, 1950.0], [83752.5, 6500.0], [83760.0, 1950.0]]}}}
{"jsonrpc": "2.0", "method": "subscription", "params": {"channel": "book.BTC-14MAR25.none.20.100ms", "data": {"timestamp": 1741084186595, "change_id": 90844825680, "instrument_name": "BTC-14MAR25", "bids": [[83762.5, 10000.0], [83760.0, 180.0], [83750.0, 120.0], [83747.5, 2950.0], [83745.0, 17220.0], [83742.5, 27810.0], [83740.0, 1430.0], [83735.0, 4520.0], [83727.5, 1350.0], [83725.0, 4500.0], [83722.5, 7510.0], [83720.0, 1350.0], [83715.0, 4500.0], [83712.5, 990.0], [83710.0, 3290.0], [83707.5, 1350.0], [83705.0, 4500.0], [83702.5, 14810.0], [83697.5, 1350.0], [83695.0, 4500.0]], "asks": [[83770.0, 990.0], [83772.5, 3290.0], [83780.0, 1350.0], [83782.5, 4500.0], [83790.0, 6120.0], [83792.5, 23290.0], [83797.5, 4500.0], [83805.0, 1350.0], [83807.5, 4500.0], [83812.5, 50000.0], [83815.0, 11020.0], [83817.5, 4500.0], [83825.0, 1170.0], [83827.5, 4500.0], [83835.0, 1350.0], [83837.5, 4500.0], [83840.0, 2000.0], [83850.0, 1350.0], [83852.5, 4500.0], [83860.0, 12130.0]]}}}
{"jsonrpc": "2.0", "method": "subscription", "params": {"channel": "book.BTC-14MAR25.none.20.100ms", "data": {"timestamp": 1741084186794, "change_id": 90844826249, "instrument_name": "BTC-14MAR25", "bids": [[83762.5, 10000.0], [83750.0, 410.0], [83747.5, 2950.0], [83745.0, 17220.0], [83742.5, 27810.0], [83740.0, 1430.0], [83735.0, 4520.0], [83727.5, 1350.0], [83725.0, 4500.0], [83722.5, 7510.0], [83720.0, 1350.0], [83715.0, 4500.0], [83712.5, 990.0], [83710.0, 3290.0], [83707.5, 1350.0], [83705.0, 4500.0], [83702.5, 14810.0], [83697.5, 1350.0], [83695.0, 4500.0], [83687.5, 1350.0]], "asks": [[83770.0, 990.0], [83772.5, 3290.0], [83780.0, 1350.0], [83782.5, 4500.0], [83790.0, 6120.0], [83792.5, 23290.0], [83797.5, 4500.0], [83805.0, 1350.0], [83807.5, 4500.0], [83812.5, 50000.0], [83815.0, 11020.0], [83817.5, 4500.0], [83825.0, 1170.0], [83827.5, 4500.0], [83835.0, 1350.0], [83837.5, 4500.0], [83840.0, 2000.0], [83850.0, 1350.0], [83852.5, 4500.0], [83860.0, 12130.0]]}}}
{"jsonrpc": "2.0", "method": "subscription", "params": {"channel": "book.BTC-7MAR25.none.20.100ms", "data": {"timestamp": 1741084187016, "change_id": 90844826770, "instrument_name": "BTC-7MAR25", "bids": [[83682.5, 940.0], [83680.0, 20030.0], [83677.5, 34970.0], [83675.0, 18630.0], [83672.5, 10000.0], [83667.5, 120.0], [83665.0, 4950.0], [83662.5, 16350.0], [83660.0, 6500.0], [83655.0, 2890.0], [83650.0, 9630.0], [83642.5, 1950.0], [83640.0, 6500.0], [83632.5, 1950.0], [83630.0, 6500.0], [83622.5, 1950.0], [83620.0, 6500.0], [83607.5, 17570.0], [83605.0, 60530.0], [83602.5, 6500.0]], "asks": [[83692.5, 2600.0], [83695.0, 4220.0], [83697.5, 2600.0], [83700.0, 3950.0], [83702.5, 2600.0], [83705.0, 1950.0], [83707.5, 6500.0], [83710.0, 17630.0], [83712.5, 60000.0], [83715.0, 13290.0], [83717.5, 44290.0], [83720.0, 4890.0], [83722.5, 6500.0], [83725.0, 3130.0], [83732.5, 1960.0], [83735.0, 6540.0], [83745.0, 10.0], [83750.0, 1950.0], [83752.5, 6500.0], [83760.0, 1950.0]]}}}
{"jsonrpc": "2.0", "method": "subscription", "params": {"channel": "book.BTC-7MAR25.none.20.100ms", "data": {"timestamp": 1741084187297, "change_id": 90844827508, "instrument_name": "BTC-7MAR25", "bids": [[83682.5, 9830.0], [83677.5, 34970.0], [83670.0, 980.0], [83667.5, 3250.0], [83665.0, 8880.0], [83662.5, 15160.0], [83660.0, 16500.0], [83655.0, 2890.0], [83650.0, 28040.0], [83647.5, 45560.0], [83645.0, 15810.0], [83642.5, 1950.0], [83640.0, 6500.0], [83632.5, 1950.0], [83630.0, 6500.0], [83622.5, 1950.0], [83620.0, 6500.0], [83605.0, 1960.0], [83602.5, 6500.0], [83600.0, 40.0]], "asks": [[83687.5, 5680.0], [83690.0, 2600.0], [83692.5, 5730.0], [83695.0, 5330.0], [83697.5, 9100.0], [83700.0, 820.0], [83702.5, 2600.0], [83705.0, 16840.0], [83707.5, 56500.0], [83710.0, 3000.0], [83712.5, 10000.0], [83715.0, 13890.0], [83717.5, 44290.0], [83720.0, 4890.0], [83722.5, 6500.0], [83725.0, 3130.0], [83732.5, 1960.0], [83735.0, 6540.0], [83745.0, 10.0], [83750.0, 1950.0]]}}}
{"jsonrpc": "2.0", "method": "subscription", "params": {"channel": "book.BTC-14MAR25.none.20.100ms", "data": {"timestamp": 1741084187267, "change_id": 90844827446, "instrument_name": "BTC-14MAR25", "bids": [[83762.5, 10000.0], [83750.0, 410.0], [83747.5, 2950.0], [83745.0, 17220.0], [83742.5, 24520.0], [83740.0, 2160.0], [83735.0, 7810.0], [83727.5, 1350.0], [83725.0, 4500.0], [83720.0, 3430.0], [83717.5, 7510.0], [83715.0, 4500.0], [83712.5, 990.0], [83710.0, 3290.0], [83707.5, 1350.0], [83705.0, 4500.0], [83697.5, 1350.0], [83695.0, 19310.0], [83687.5, 1350.0], [83685.0, 4500.0]], "asks": [[83765.0, 3290.0], [83772.5, 1350.0], [83775.0, 4500.0], [83790.0, 6120.0], [83792.5, 23290.0], [83795.0, 1350.0], [83797.5, 4500.0], [83800.0, 18000.0], [83802.5, 50000.0], [83805.0, 11350.0], [83807.5, 4500.0], [83815.0, 1020.0], [83817.5, 4500.0], [83825.0, 1170.0], [83827.5, 4500.0], [83835.0, 1350.0], [83837.5, 4500.0], [83840.0, 2000.0], [83850.0, 1350.0], [83852.5, 4500.0]]}}}
{"jsonrpc": "2.0", "method": "subscription", "params": {"channel": "book.BTC-14MAR25.none.20.100ms", "data": {"timestamp": 1741084187624, "change_id": 90844828223, "instrument_name": "BTC-14MAR25", "bids": [[83750.0, 290.0], [83747.5, 3000.0], [83745.0, 17390.0], [83742.5, 24520.0], [83740.0, 2160.0], [83737.5, 120.0], [83735.0, 7810.0], [83727.5, 1350.0], [83725.0, 4500.0], [83720.0, 3430.0], [83717.5, 7510.0], [83715.0, 4500.0], [83712.5, 990.0], [83710.0, 3290.0], [83707.5, 1350.0], [83705.0, 4500.0], [83697.5, 1350.0], [83695.0, 19310.0], [83687.5, 1350.0], [83685.0, 4500.0]], "asks": [[83762.5, 990.0], [83765.0, 3290.0], [83772.5, 1350.0], [83775.0, 4500.0], [83790.0, 6120.0], [83792.5, 23290.0], [83795.0, 1350.0], [83797.5, 4500.0], [83802.5, 50000.0], [83805.0, 11350.0], [83807.5, 4500.0], [83815.0, 1020.0], [83817.5, 4500.0], [83825.0, 1170.0], [83827.5, 4500.0], [83835.0, 1350.0], [83837.5, 4500.0], [83840.0, 2000.0], [83850.0, 1350.0], [83852.5, 4500.0]]}}}
{"jsonrpc": "2.0", "method": "subscription", "params": {"channel": "book.BTC-7MAR25.none.20.100ms", "data": {"timestamp": 1741084187643, "change_id": 90844828246, "instrument_name": "BTC-7MAR25", "bids": [[83677.5, 3380.0], [83675.0, 3380.0], [83672.5, 2600.0], [83670.0, 1630.0], [83667.5, 5850.0], [83665.0, 8880.0], [83662.5, 15160.0], [83660.0, 16500.0], [83655.0, 2890.0], [83650.0, 28040.0], [83647.5, 45560.0], [83645.0, 15810.0], [83642.5, 1950.0], [83640.0, 6500.0], [83632.5, 1950.0], [83630.0, 6500.0], [83622.5, 1950.0], [83620.0, 6500.0], [83605.0, 1960.0], [83602.5, 6500.0]], "asks": [[83685.0, 4160.0], [83687.5, 2600.0], [83690.0, 4320.0], [83692.5, 5730.0], [83705.0, 16840.0], [83707.5, 6500.0], [83710.0, 53000.0], [83712.5, 10000.0], [83715.0, 13890.0], [83717.5, 44290.0], [83720.0, 4890.0], [83722.5, 6500.0], [83725.0, 3130.0], [83732.5, 1960.0], [83735.0, 6540.0], [83745.0, 10.0], [83750.0, 1950.0], [83752.5, 6500.0], [83760.0, 1950.0], [83762.5, 6500.0]]}}}
{"jsonrpc": "2.0", "method": "subscription", "params": {"channel": "book.BTC-7MAR25.none.20.100ms", "data": {"timestamp": 1741084187972, "change_id": 90844828981, "instrument_name": "BTC-7MAR25", "bids": [[83680.0, 15760.0], [83677.5, 9100.0], [83675.0, 3380.0], [83672.5, 2600.0], [83670.0, 6220.0], [83667.5, 5730.0], [83665.0, 24560.0], [83662.5, 15160.0], [83660.0, 16500.0], [83655.0, 3010.0], [83650.0, 28040.0], [83647.5, 45560.0], [83645.0, 15810.0], [83642.5, 1950.0], [83640.0, 6500.0], [83632.5, 1950.0], [83630.0, 6500.0], [83622.5, 1950.0], [83620.0, 6500.0], [83605.0, 1960.0]], "asks": [[83690.0, 940.0], [83692.5, 3130.0], [83705.0, 1950.0], [83707.5, 6500.0], [83710.0, 17630.0], [83712.5, 60000.0], [83715.0, 13890.0], [83717.5, 44290.0], [83720.0, 4890.0], [83722.5, 6500.0], [83725.0, 3130.0], [83732.5, 1960.0], [83735.0, 6540.0], [83745.0, 10.0], [83750.0, 1950.0], [83752.5, 6500.0], [83760.0, 1950.0], [83762.5, 6500.0], [83770.0, 32670.0], [83772.5, 33140.0]]}}}
{"jsonrpc": "2.0", "method": "subscription", "params": {"channel": "book.BTC-14MAR25.none.20.100ms", "data": {"timestamp": 1741084187810, "change_id": 90844828727, "instrument_name": "BTC-14MAR25", "bids": [[83750.0, 290.0], [83747.5, 3000.0], [83745.0, 17390.0], [83742.5, 24520.0], [83740.0, 2160.0], [83737.5, 120.0], [83735.0, 7810.0], [83727.5, 1350.0], [83725.0, 4500.0], [83720.0, 3430.0], [83717.5, 7510.0], [83715.0, 4500.0], [83712.5, 990.0], [83710.0, 3290.0], [83707.5, 1350.0], [83705.0, 4500.0], [83697.5, 1350.0], [83695.0, 19310.0], [83687.5, 1350.0], [83685.0, 4500.0]], "asks": [[83757.5, 3290.0], [83770.0, 1350.0], [83772.5, 4500.0], [83780.0, 120.0], [83790.0, 6000.0], [83792.5, 23290.0], [83795.0, 1350.0], [83797.5, 4500.0], [83802.5, 50000.0], [83805.0, 11350.0], [83807.5, 4500.0], [83815.0, 1020.0], [83817.5, 4500.0], [83825.0, 1170.0], [83827.5, 4500.0], [83835.0, 1350.0], [83837.5, 4500.0], [83840.0, 2000.0], [83850.0, 1350.0], [83852.5, 4500.0]]}}}
{"jsonrpc": "2.0", "method": "subscription", "params": {"channel": "book.BTC-7MAR25.none.20.100ms", "data": {"timestamp": 1741084188331, "change_id": 90844829598, "instrument_name": "BTC-7MAR25", "bids": [[83685.0, 9830.0], [83680.0, 1470.0], [83675.0, 6510.0], [83672.5, 2600.0], [83670.0, 6220.0], [83667.5, 2600.0], [83665.0, 24560.0], [83662.5, 15160.0], [83660.0, 16500.0], [83655.0, 3010.0], [83650.0, 28040.0], [83647.5, 45560.0], [83645.0, 15810.0], [83642.5, 1950.0], [83640.0, 6500.0], [83632.5, 1950.0], [83630.0, 6500.0], [83622.5, 1950.0], [83620.0, 6500.0], [83605.0, 1960.0]], "asks": [[83692.5, 780.0], [83695.0, 5100.0], [83697.5, 2600.0], [83700.0, 9670.0], [83702.5, 6500.0], [83705.0, 6620.0], [83710.0, 17630.0], [83712.5, 16500.0], [83715.0, 63890.0], [83717.5, 44290.0], [83720.0, 4890.0], [83722.5, 6500.0], [83725.0, 3130.0], [83732.5, 1960.0], [83735.0, 6540.0], [83745.0, 10.0], [83750.0, 1950.0], [83752.5, 6500.0], [83760.0, 1950.0], [83762.5, 6500.0]]}}}
{"jsonrpc": "2.0", "method": "subscription", "params": {"channel": "book.BTC-14MAR25.none.20.100ms", "data": {"timestamp": 1741084188230, "change_id": 90844829457, "instrument_name": "BTC-14MAR25", "bids": [[83750.0, 290.0], [83747.5, 3000.0], [83745.0, 21890.0], [83742.5, 27810.0], [83740.0, 23180.0], [83737.5, 120.0], [83735.0, 77740.0], [83727.5, 1350.0], [83725.0, 4500.0], [83720.0, 3430.0], [83717.5, 7510.0], [83715.0, 4500.0], [83712.5, 990.0], [83710.0, 3290.0], [83707.5, 1350.0], [83705.0, 4500.0], [83697.5, 5620.0], [83695.0, 19310.0], [83687.5, 1350.0], [83685.0, 4500.0]], "asks": [[83765.0, 3290.0], [83777.5, 1390.0], [83780.0, 4620.0], [83790.0, 6000.0], [83792.5, 23290.0], [83795.0, 1350.0], [83797.5, 4500.0], [83800.0, 18000.0], [83802.5, 50000.0], [83805.0, 11350.0], [83807.5, 4500.0], [83815.0, 1020.0], [83817.5, 4500.0], [83825.0, 1170.0], [83827.5, 4500.0], [83835.0, 1350.0], [83837.5, 4500.0], [83840.0, 2000.0], [83850.0, 1350.0], [83852.5, 4500.0]]}}}
{"jsonrpc": "2.0", "method": "subscription", "params": {"channel": "book.BTC-7MAR25.none.20.100ms", "data": {"timestamp": 1741084188640, "change_id": 90844830132, "instrument_name": "BTC-7MAR25", "bids": [[83677.5, 940.0], [83675.0, 3910.0], [83672.5, 2600.0], [83670.0, 6220.0], [83667.5, 2600.0], [83665.0, 24560.0], [83662.5, 15160.0], [83660.0, 16500.0], [83655.0, 3010.0], [83650.0, 28040.0], [83647.5, 45560.0], [83645.0, 15810.0], [83642.5, 1950.0], [83640.0, 6500.0], [83632.5, 1950.0], [83630.0, 6500.0], [83622.5, 1950.0], [83620.0, 6500.0], [83605.0, 1960.0], [83602.5, 6500.0]], "asks": [[83690.0, 2300.0], [83692.5, 5730.0], [83695.0, 4160.0], [83697.5, 2600.0], [83700.0, 6540.0], [83702.5, 6500.0], [83705.0, 21620.0], [83707.5, 50000.0], [83710.0, 4580.0], [83712.5, 16500.0], [83715.0, 13890.0], [83717.5, 44290.0], [83720.0, 4890.0], [83722.5, 6500.0], [83725.0, 3130.0], [83732.5, 1960.0], [83735.0, 6540.0], [83745.0, 10.0], [83750.0, 1950.0], [83752.5, 6500.0]]}}}
{"jsonrpc": "2.0", "method": "subscription", "params": {"channel": "book.BTC-14MAR25.none.20.100ms", "data": {"timestamp": 1741084188381, "change_id": 90844829673, "instrument_name": "BTC-14MAR25", "bids": [[83750.0, 290.0], [83747.5, 3000.0], [83745.0, 17390.0], [83742.5, 27810.0], [83740.0, 23180.0], [83737.5, 120.0], [83735.0, 77740.0], [83727.5, 1350.0], [83725.0, 4500.0], [83720.0, 3430.0], [83717.5, 7510.0], [83715.0, 4500.0], [83712.5, 990.0], [83710.0, 3290.0], [83707.5, 1350.0], [83705.0, 4500.0], [83697.5, 5620.0], [83695.0, 19310.0], [83687.5, 1350.0], [83685.0, 4500.0]], "asks": [[83762.5, 990.0], [83765.0, 3290.0], [83777.5, 1390.0], [83780.0, 4620.0], [83790.0, 6000.0], [83792.5, 23290.0], [83795.0, 1350.0], [83797.5, 4500.0], [83802.5, 50000.0], [83805.0, 11350.0], [83807.5, 4500.0], [83815.0, 1020.0], [83817.5, 4500.0], [83825.0, 1170.0], [83827.5, 4500.0], [83835.0, 1350.0], [83837.5, 4500.0], [83840.0, 2000.0], [83850.0, 1350.0], [83852.5, 4500.0]]}}}
{"jsonrpc": "2.0", "method": "subscription", "params": {"channel": "book.BTC-7MAR25.none.20.100ms", "data": {"timestamp": 1741084188941, "change_id": 90844831115, "instrument_name": "BTC-7MAR25", "bids": [[83675.0, 2950.0], [83672.5, 9830.0], [83670.0, 6220.0], [83667.5, 3130.0], [83665.0, 24560.0], [83662.5, 15160.0], [83660.0, 10000.0], [83657.5, 5000.0], [83655.0, 19560.0], [83650.0, 23300.0], [83647.5, 45560.0], [83642.5, 1950.0], [83640.0, 6500.0], [83632.5, 1950.0], [83630.0, 6500.0], [83622.5, 1950.0], [83620.0, 6500.0], [83605.0, 1960.0], [83602.5, 6500.0], [83600.0, 40.0]], "asks": [[83685.0, 3900.0], [83687.5, 6500.0], [83690.0, 8530.0], [83692.5, 5730.0], [83695.0, 4040.0], [83697.5, 2600.0], [83700.0, 19340.0], [83702.5, 56500.0], [83705.0, 120.0], [83710.0, 4580.0], [83712.5, 16500.0], [83715.0, 13890.0], [83717.5, 44290.0], [83720.0, 4890.0], [83722.5, 6500.0], [83725.0, 3130.0], [83732.5, 1960.0], [83735.0, 6540.0], [83745.0, 10.0], [83750.0, 1950.0]]}}}
{"jsonrpc": "2.0", "method": "subscription", "params": {"channel": "book.BTC-14MAR25.none.20.100ms", "data": {"timestamp": 1741084188810, "change_id": 90844831114, "instrument_name": "BTC-14MAR25", "bids": [[83750.0, 290.0], [83747.5, 3000.0], [83745.0, 10000.0], [83740.0, 23180.0], [83737.5, 120.0], [83735.0, 98010.0], [83732.5, 3290.0], [83727.5, 1350.0], [83725.0, 4500.0], [83720.0, 3430.0], [83717.5, 7510.0], [83715.0, 4500.0], [83712.5, 990.0], [83710.0, 3290.0], [83707.5, 1350.0], [83705.0, 4500.0], [83697.5, 5620.0], [83695.0, 19310.0], [83687.5, 1350.0], [83685.0, 4500.0]], "asks": [[83755.0, 990.0], [83757.5, 3290.0], [83767.5, 1350.0], [83770.0, 4500.0], [83777.5, 1390.0], [83780.0, 10620.0], [83782.5, 20000.0], [83785.0, 14250.0], [83787.5, 50000.0], [83790.0, 990.0], [83792.5, 3290.0], [83795.0, 1350.0], [83797.5, 4500.0], [83802.5, 3000.0], [83805.0, 11350.0], [83807.5, 4500.0], [83815.0, 1820.0], [83817.5, 4500.0], [83820.0, 2000.0], [83825.0, 1170.0]]}}}
{"jsonrpc": "2.0", "method": "subscription", "params": {"channel": "book.BTC-7MAR25.none.20.100ms", "data": {"timestamp": 1741084189229, "change_id": 90844831338, "instrument_name": "BTC-7MAR25", "bids": [[83672.5, 14380.0], [83670.0, 12720.0], [83667.5, 3130.0], [83665.0, 24560.0], [83662.5, 15160.0], [83660.0, 16500.0], [83657.5, 5000.0], [83655.0, 19560.0], [83650.0, 23300.0], [83647.5, 45560.0], [83642.5, 1950.0], [83640.0, 6500.0], [83632.5, 1950.0], [83630.0, 6500.0], [83622.5, 1950.0], [83620.0, 6500.0], [83605.0, 1960.0], [83602.5, 6500.0], [83600.0, 40.0], [83597.5, 17570.0]], "asks": [[83685.0, 1950.0], [83687.5, 3130.0], [83690.0, 8530.0], [83692.5, 2600.0], [83695.0, 4160.0], [83697.5, 2600.0], [83700.0, 4590.0], [83702.5, 6500.0], [83705.0, 15000.0], [83707.5, 50000.0], [83710.0, 4580.0], [83712.5, 16500.0], [83715.0, 13890.0], [83717.5, 44290.0], [83720.0, 4890.0], [83722.5, 6500.0], [83725.0, 3130.0], [83732.5, 1960.0], [83735.0, 6540.0], [83745.0, 10.0]]}}}
{"jsonrpc": "2.0", "method": "subscription", "params": {"channel": "book.BTC-14MAR25.none.20.100ms", "data": {"timestamp": 1741084189223, "change_id": 90844831327, "instrument_name": "BTC-14MAR25", "bids": [[83752.5, 80.0], [83747.5, 3000.0], [83745.0, 10000.0], [83740.0, 23180.0], [83737.5, 120.0], [83735.0, 98010.0], [83732.5, 3290.0], [83727.5, 1350.0], [83725.0, 4500.0], [83720.0, 3430.0], [83717.5, 7510.0], [83715.0, 4500.0], [83712.5, 990.0], [83710.0, 3290.0], [83707.5, 1350.0], [83705.0, 4500.0], [83697.5, 5620.0], [83695.0, 19310.0], [83687.5, 1350.0], [83685.0, 4500.0]], "asks": [[83757.5, 3290.0], [83767.5, 1350.0], [83770.0, 4500.0], [83777.5, 1390.0], [83780.0, 10620.0], [83782.5, 20000.0], [83785.0, 14250.0], [83787.5, 50000.0], [83790.0, 990.0], [83792.5, 3290.0], [83795.0, 1350.0], [83797.5, 4500.0], [83802.5, 3000.0], [83805.0, 11350.0], [83807.5, 4500.0], [83815.0, 1820.0], [83817.5, 4500.0], [83820.0, 2000.0], [83825.0, 1170.0], [83827.5, 4500.0]]}}}
{"jsonrpc": "2.0", "method": "subscription", "params": {"channel": "book.BTC-7MAR25.none.20.100ms", "data": {"timestamp": 1741084189647, "change_id": 90844832109, "instrument_name": "BTC-7MAR25", "bids": [[83672.5, 9830.0], [83667.5, 7830.0], [83665.0, 24560.0], [83662.5, 15160.0], [83660.0, 10000.0], [83655.0, 7530.0], [83650.0, 39580.0], [83647.5, 45560.0], [83642.5, 1950.0], [83640.0, 6500.0], [83632.5, 1950.0], [83630.0, 6500.0], [83622.5, 1950.0], [83620.0, 6500.0], [83605.0, 1960.0], [83602.5, 6500.0], [83600.0, 40.0], [83597.5, 17570.0], [83595.0, 60520.0], [83592.5, 6500.0]], "asks": [[83680.0, 4160.0], [83682.5, 2600.0], [83685.0, 6030.0], [83687.5, 5730.0], [83690.0, 8380.0], [83692.5, 6500.0], [83695.0, 16500.0], [83700.0, 57830.0], [83702.5, 16500.0], [83710.0, 1580.0], [83712.5, 6500.0], [83715.0, 13890.0], [83717.5, 44290.0], [83720.0, 3950.0], [83722.5, 6500.0], [83732.5, 1960.0], [83735.0, 6540.0], [83745.0, 10.0], [83750.0, 1950.0], [83752.5, 6500.0]]}}}
{"jsonrpc": "2.0", "method": "subscription", "params": {"channel": "book.BTC-14MAR25.none.20.100ms", "data": {"timestamp": 1741084189647, "change_id": 90844832111, "instrument_name": "BTC-14MAR25", "bids": [[83752.5, 80.0], [83747.5, 3000.0], [83745.0, 10000.0], [83740.0, 23180.0], [83737.5, 120.0], [83735.0, 98010.0], [83732.5, 3290.0], [83727.5, 1350.0], [83725.0, 4500.0], [83720.0, 3430.0], [83717.5, 7510.0], [83715.0, 4500.0], [83712.5, 990.0], [83710.0, 3290.0], [83707.5, 1350.0], [83705.0, 4500.0], [83697.5, 5620.0], [83695.0, 19310.0], [83687.5, 1350.0], [83685.0, 4500.0]], "asks": [[83757.5, 3290.0], [83767.5, 1350.0], [83770.0, 4500.0], [83777.5, 1390.0], [83780.0, 10620.0], [83782.5, 20000.0], [83785.0, 14250.0], [83787.5, 50000.0], [83790.0, 3860.0], [83792.5, 3290.0], [83795.0, 11350.0], [83797.5, 4500.0], [83805.0, 1350.0], [83807.5, 4500.0], [83815.0, 1820.0], [83817.5, 4500.0], [83820.0, 2000.0], [83825.0, 1170.0], [83827.5, 4500.0], [83835.0, 1350.0]]}}}
{"jsonrpc": "2.0", "method": "subscription", "params": {"channel": "book.BTC-7MAR25.none.20.100ms", "data": {"timestamp": 1741084189858, "change_id": 90844832537, "instrument_name": "BTC-7MAR25", "bids": [[83672.5, 2930.0], [83670.0, 9830.0], [83667.5, 7830.0], [83665.0, 24560.0], [83662.5, 15160.0], [83660.0, 10000.0], [83655.0, 7530.0], [83650.0, 39580.0], [83647.5, 45560.0], [83642.5, 1950.0], [83640.0, 6500.0], [83632.5, 1950.0], [83630.0, 6500.0], [83622.5, 1950.0], [83620.0, 6500.0], [83605.0, 1960.0], [83602.5, 6500.0], [83600.0, 40.0], [83597.5, 17570.0], [83595.0, 60520.0]], "asks": [[83680.0, 4160.0], [83682.5, 2600.0], [83685.0, 6030.0], [83687.5, 5730.0], [83690.0, 8380.0], [83692.5, 6500.0], [83695.0, 16500.0], [83700.0, 57830.0], [83702.5, 16500.0], [83710.0, 1580.0], [83712.5, 6500.0], [83715.0, 13890.0], [83717.5, 44290.0], [83720.0, 3950.0], [83722.5, 6500.0], [83732.5, 1960.0], [83735.0, 6540.0], [83745.0, 10.0], [83750.0, 1950.0], [83752.5, 6500.0]]}}}
{"jsonrpc": "2.0", "method": "subscription", "params": {"channel": "book.BTC-7MAR25.none.20.100ms", "data": {"timestamp": 1741084190320, "change_id": 90844833262, "instrument_name": "BTC-7MAR25", "bids": [[83670.0, 15470.0], [83667.5, 3130.0], [83665.0, 24560.0], [83662.5, 15160.0], [83660.0, 10000.0], [83655.0, 3010.0], [83650.0, 23300.0], [83647.5, 45560.0], [83642.5, 1950.0], [83640.0, 6500.0], [83637.5, 4750.0], [83635.0, 15820.0], [83632.5, 1950.0], [83630.0, 6500.0], [83622.5, 1950.0], [83620.0, 6500.0], [83605.0, 1960.0], [83602.5, 6500.0], [83600.0, 40.0], [83597.5, 17570.0]], "asks": [[83677.5, 2600.0], [83680.0, 3380.0], [83682.5, 2600.0], [83685.0, 3430.0], [83687.5, 9630.0], [83690.0, 6500.0], [83695.0, 16500.0], [83700.0, 57830.0], [83702.5, 16500.0], [83710.0, 1580.0], [83712.5, 6500.0], [83715.0, 13890.0], [83717.5, 44290.0], [83720.0, 3950.0], [83722.5, 6500.0], [83732.5, 1960.0], [83735.0, 6540.0], [83745.0, 10.0], [83750.0, 1950.0], [83752.5, 6500.0]]}}}
{"jsonrpc": "2.0", "method": "subscription", "params": {"channel": "book.BTC-14MAR25.none.20.100ms", "data": {"timestamp": 1741084190115, "change_id": 90844833119, "instrument_name": "BTC-14MAR25", "bids": [[83752.5, 80.0], [83747.5, 3000.0], [83745.0, 10000.0], [83740.0, 23180.0], [83737.5, 120.0], [83735.0, 74230.0], [83732.5, 3290.0], [83727.5, 1350.0], [83725.0, 4500.0], [83722.5, 7240.0], [83720.0, 27560.0], [83715.0, 4500.0], [83712.5, 990.0], [83710.0, 3290.0], [83707.5, 1350.0], [83705.0, 6750.0], [83702.5, 7510.0], [83697.5, 1350.0], [83695.0, 4500.0], [83687.5, 1350.0]], "asks": [[83757.5, 3290.0], [83767.5, 1350.0], [83770.0, 4500.0], [83777.5, 1390.0], [83780.0, 10620.0], [83782.5, 20000.0], [83785.0, 14250.0], [83787.5, 50000.0], [83790.0, 3860.0], [83792.5, 3290.0], [83795.0, 11350.0], [83797.5, 4500.0], [83805.0, 1350.0], [83807.5, 4500.0], [83815.0, 1820.0], [83817.5, 4500.0], [83820.0, 9340.0], [83822.5, 24450.0], [83825.0, 1170.0], [83827.5, 4500.0]]}}}
{"jsonrpc": "2.0", "method": "subscription", "params": {"channel": "book.BTC-7MAR25.none.20.100ms", "data": {"timestamp": 1741084190510, "change_id": 90844833602, "instrument_name": "BTC-7MAR25", "bids": [[83670.0, 15470.0], [83667.5, 3130.0], [83665.0, 20630.0], [83662.5, 15160.0], [83655.0, 3010.0], [83650.0, 23300.0], [83647.5, 55560.0], [83642.5, 1950.0], [83640.0, 6500.0], [83637.5, 4750.0], [83635.0, 15820.0], [83632.5, 1950.0], [83630.0, 6500.0], [83622.5, 1950.0], [83620.0, 6500.0], [83605.0, 1960.0], [83602.5, 6500.0], [83600.0, 40.0], [83597.5, 17570.0], [83595.0, 60520.0]], "asks": [[83677.5, 2600.0], [83680.0, 780.0], [83682.5, 2600.0], [83685.0, 3430.0], [83687.5, 3130.0], [83690.0, 6500.0], [83695.0, 16500.0], [83700.0, 57830.0], [83702.5, 16500.0], [83710.0, 1580.0], [83712.5, 6500.0], [83715.0, 13890.0], [83717.5, 44290.0], [83720.0, 3950.0], [83722.5, 6500.0], [83732.5, 18130.0], [83735.0, 6540.0], [83745.0, 10.0], [83750.0, 1950.0], [83752.5, 6500.0]]}}}
{"jsonrpc": "2.0", "method": "subscription", "params": {"channel": "book.BTC-7MAR25.none.20.100ms", "data": {"timestamp": 1741084191125, "change_id": 90844834269, "instrument_name": "BTC-7MAR25", "bids": [[83670.0, 15470.0], [83667.5, 3130.0], [83665.0, 20630.0], [83662.5, 15160.0], [83655.0, 3010.0], [83650.0, 23300.0], [83647.5, 55560.0], [83642.5, 1950.0], [83640.0, 6500.0], [83637.5, 4750.0], [83635.0, 15820.0], [83632.5, 1950.0], [83630.0, 6500.0], [83622.5, 1950.0], [83620.0, 6500.0], [83605.0, 1960.0], [83602.5, 6500.0], [83600.0, 40.0], [83597.5, 17570.0], [83595.0, 60520.0]], "asks": [[83677.5, 2600.0], [83680.0, 780.0], [83682.5, 2600.0], [83685.0, 3430.0], [83687.5, 3130.0], [83690.0, 6500.0], [83695.0, 16500.0], [83700.0, 57830.0], [83702.5, 16500.0], [83710.0, 1580.0], [83712.5, 6500.0], [83715.0, 13890.0], [83717.5, 44290.0], [83720.0, 3950.0], [83722.5, 6500.0], [83730.0, 6810.0], [83732.5, 16170.0], [83735.0, 6540.0], [83745.0, 10.0], [83750.0, 1950.0]]}}}
{"jsonrpc": "2.0", "method": "subscription", "params": {"channel": "book.BTC-7MAR25.none.20.100ms", "data": {"timestamp": 1741084191944, "change_id": 90844835922, "instrument_name": "BTC-7MAR25", "bids": [[83665.0, 15680.0], [83662.5, 940.0], [83660.0, 3130.0], [83655.0, 120.0], [83652.5, 4550.0], [83650.0, 18160.0], [83647.5, 10000.0], [83642.5, 1950.0], [83640.0, 6500.0], [83635.0, 15820.0], [83632.5, 47510.0], [83630.0, 6500.0], [83627.5, 940.0], [83625.0, 3130.0], [83622.5, 1950.0], [83620.0, 6500.0], [83605.0, 1960.0], [83602.5, 6500.0], [83600.0, 40.0], [83595.0, 1950.0]], "asks": [[83672.5, 6270.0], [83675.0, 13010.0], [83677.5, 2600.0], [83680.0, 780.0], [83682.5, 2600.0], [83685.0, 2070.0], [83687.5, 6500.0], [83690.0, 15000.0], [83695.0, 66380.0], [83697.5, 44290.0], [83700.0, 7120.0], [83702.5, 16500.0], [83710.0, 1580.0], [83712.5, 6500.0], [83722.5, 6500.0], [83732.5, 16170.0], [83735.0, 6540.0], [83745.0, 10.0], [83750.0, 61770.0], [83752.5, 6500.0]]}}}
{"jsonrpc": "2.0", "method": "subscription", "params": {"channel": "book.BTC-14MAR25.none.20.100ms", "data": {"timestamp": 1741084191827, "change_id": 90844835897, "instrument_name": "BTC-14MAR25", "bids": [[83752.5, 80.0], [83745.0, 10000.0], [83740.0, 23180.0], [83735.0, 73240.0], [83730.0, 1350.0], [83725.0, 4620.0], [83722.5, 10530.0], [83720.0, 27560.0], [83715.0, 4500.0], [83707.5, 1350.0], [83705.0, 6750.0], [83702.5, 7510.0], [83697.5, 1350.0], [83695.0, 4500.0], [83687.5, 1350.0], [83685.0, 8940.0], [83682.5, 18100.0], [83675.0, 1350.0], [83672.5, 4500.0], [83667.5, 20.0]], "asks": [[83755.0, 4500.0], [83757.5, 3290.0], [83762.5, 990.0], [83765.0, 3290.0], [83767.5, 1350.0], [83770.0, 4620.0], [83772.5, 6000.0], [83775.0, 20000.0], [83777.5, 1390.0], [83780.0, 4500.0], [83787.5, 50000.0], [83790.0, 3860.0], [83795.0, 11350.0], [83797.5, 4500.0], [83805.0, 1350.0], [83807.5, 4500.0], [83815.0, 1820.0], [83817.5, 4500.0], [83820.0, 9340.0], [83822.5, 24450.0]]}}}
{"jsonrpc": "2.0", "method": "subscription", "params": {"channel": "book.BTC-7MAR25.none.20.100ms", "data": {"timestamp": 1741084192290, "change_id": 90844836260, "instrument_name": "BTC-7MAR25", "bids": [[83667.5, 9830.0], [83662.5, 940.0], [83660.0, 3130.0], [83652.5, 4550.0], [83650.0, 18160.0], [83647.5, 10000.0], [83642.5, 2070.0], [83640.0, 6500.0], [83635.0, 15820.0], [83632.5, 47510.0], [83630.0, 6500.0], [83627.5, 940.0], [83625.0, 3130.0], [83622.5, 1950.0], [83620.0, 6500.0], [83605.0, 1960.0], [83602.5, 6500.0], [83600.0, 40.0], [83595.0, 1950.0], [83592.5, 6500.0]], "asks": [[83672.5, 5100.0], [83675.0, 5730.0], [83677.5, 2600.0], [83680.0, 780.0], [83682.5, 2600.0], [83685.0, 16830.0], [83687.5, 6500.0], [83690.0, 53000.0], [83692.5, 10000.0], [83695.0, 16380.0], [83697.5, 44290.0], [83700.0, 7120.0], [83702.5, 6500.0], [83710.0, 1580.0], [83712.5, 6500.0], [83722.5, 6500.0], [83730.0, 6810.0], [83732.5, 16170.0], [83735.0, 6540.0], [83745.0, 10.0]]}}}
{"jsonrpc": "2.0", "method": "subscription", "params": {"channel": "book.BTC-14MAR25.none.20.100ms", "data": {"timestamp": 1741084192148, "change_id": 90844836119, "instrument_name": "BTC-14MAR25", "bids": [[83752.5, 80.0], [83745.0, 10000.0], [83735.0, 20.0], [83730.0, 1350.0], [83725.0, 4620.0], [83722.5, 10530.0], [83720.0, 27560.0], [83715.0, 4500.0], [83707.5, 1350.0], [83705.0, 6750.0], [83702.5, 7510.0], [83697.5, 1350.0], [83695.0, 4500.0], [83687.5, 1350.0], [83685.0, 8940.0], [83682.5, 18100.0], [83675.0, 1350.0], [83672.5, 4500.0], [83667.5, 20.0], [83610.0, 1350.0]], "asks": [[83755.0, 4500.0], [83757.5, 3290.0], [83762.5, 990.0], [83765.0, 3290.0], [83767.5, 1350.0], [83770.0, 4620.0], [83772.5, 6000.0], [83775.0, 20000.0], [83777.5, 1390.0], [83780.0, 4500.0], [83785.0, 10000.0], [83787.5, 50000.0], [83795.0, 1350.0], [83797.5, 4500.0], [83805.0, 1350.0], [83807.5, 4500.0], [83815.0, 1820.0], [83817.5, 4500.0], [83820.0, 9340.0], [83822.5, 24450.0]]}}}
{"jsonrpc": "2.0", "method": "subscription", "params": {"channel": "book.BTC-14MAR25.none.20.100ms", "data": {"timestamp": 1741084192522, "change_id": 90844836629, "instrument_name": "BTC-14MAR25", "bids": [[83752.5, 80.0], [83745.0, 10000.0], [83735.0, 20.0], [83730.0, 1350.0], [83725.0, 4620.0], [83722.5, 10530.0], [83720.0, 27560.0], [83715.0, 4500.0], [83707.5, 1350.0], [83705.0, 6750.0], [83702.5, 7510.0], [83697.5, 1350.0], [83695.0, 4500.0], [83687.5, 1350.0], [83685.0, 8940.0], [83682.5, 18100.0], [83675.0, 1350.0], [83672.5, 4500.0], [83667.5, 20.0], [83610.0, 1350.0]], "asks": [[83755.0, 4500.0], [83757.5, 3290.0], [83762.5, 990.0], [83765.0, 3290.0], [83767.5, 1350.0], [83770.0, 4620.0], [83772.5, 6000.0], [83775.0, 20000.0], [83777.5, 1390.0], [83780.0, 4500.0], [83785.0, 10000.0], [83787.5, 50000.0], [83795.0, 1350.0], [83797.5, 4500.0], [83805.0, 1350.0], [83807.5, 4500.0], [83815.0, 1820.0], [83817.5, 4500.0], [83820.0, 9340.0], [83822.5, 24450.0]]}}}
{"jsonrpc": "2.0", "method": "subscription", "params": {"channel": "book.BTC-7MAR25.none.20.100ms", "data": {"timestamp": 1741084192644, "change_id": 90844836838, "instrument_name": "BTC-7MAR25", "bids": [[83667.5, 9830.0], [83657.5, 4770.0], [83655.0, 19340.0], [83652.5, 4550.0], [83650.0, 18160.0], [83647.5, 10000.0], [83642.5, 2070.0], [83640.0, 6500.0], [83635.0, 15820.0], [83632.5, 47510.0], [83630.0, 6500.0], [83627.5, 940.0], [83625.0, 3130.0], [83622.5, 1950.0], [83620.0, 6500.0], [83605.0, 1960.0], [83602.5, 6500.0], [83600.0, 40.0], [83595.0, 1950.0], [83592.5, 6500.0]], "asks": [[83672.5, 4320.0], [83675.0, 3130.0], [83677.5, 2600.0], [83680.0, 780.0], [83682.5, 2600.0], [83685.0, 16830.0], [83687.5, 6500.0], [83690.0, 3000.0], [83692.5, 60000.0], [83695.0, 16380.0], [83697.5, 44290.0], [83700.0, 7120.0], [83702.5, 6500.0], [83710.0, 1580.0], [83712.5, 6500.0], [83722.5, 6500.0], [83730.0, 6810.0], [83732.5, 16170.0], [83735.0, 6540.0], [83745.0, 10.0]]}}}
{"jsonrpc": "2.0", "method": "subscription", "params": {"channel": "book.BTC-14MAR25.none.20.100ms", "data": {"timestamp": 1741084192949, "change_id": 90844837865, "instrument_name": "BTC-14MAR25", "bids": [[83752.5, 80.0], [83735.0, 3020.0], [83732.5, 10000.0], [83725.0, 120.0], [83722.5, 7150.0], [83720.0, 26010.0], [83717.5, 3290.0], [83715.0, 4500.0], [83707.5, 1350.0], [83705.0, 6750.0], [83702.5, 7510.0], [83697.5, 1350.0], [83695.0, 4500.0], [83687.5, 1350.0], [83685.0, 8940.0], [83682.5, 18100.0], [83675.0, 1350.0], [83672.5, 4500.0], [83667.5, 20.0], [83610.0, 1350.0]], "asks": [[83755.0, 4500.0], [83757.5, 3290.0], [83762.5, 990.0], [83765.0, 3290.0], [83767.5, 1350.0], [83770.0, 4620.0], [83772.5, 6000.0], [83775.0, 20000.0], [83777.5, 1390.0], [83780.0, 4500.0], [83785.0, 10000.0], [83787.5, 50000.0], [83795.0, 1350.0], [83797.5, 4500.0], [83805.0, 1350.0], [83807.5, 4500.0], [83815.0, 1820.0], [83817.5, 4500.0], [83820.0, 9340.0], [83822.5, 24450.0]]}}}
{"jsonrpc": "2.0", "method": "subscription", "params": {"channel": "book.BTC-7MAR25.none.20.100ms", "data": {"timestamp": 1741084192972, "change_id": 90844837907, "instrument_name": "BTC-7MAR25", "bids": [[83667.5, 9830.0], [83657.5, 4080.0], [83655.0, 13610.0], [83652.5, 940.0], [83650.0, 10300.0], [83647.5, 10000.0], [83645.0, 20170.0], [83642.5, 16710.0], [83632.5, 1950.0], [83630.0, 52060.0], [83627.5, 940.0], [83625.0, 3130.0], [83622.5, 1950.0], [83620.0, 6500.0], [83605.0, 1960.0], [83602.5, 6500.0], [83600.0, 40.0], [83582.5, 6500.0], [83577.5, 58570.0], [83572.5, 6500.0]], "asks": [[83670.0, 12230.0], [83672.5, 9880.0], [83677.5, 2600.0], [83680.0, 780.0], [83682.5, 2600.0], [83685.0, 16830.0], [83687.5, 56500.0], [83690.0, 3000.0], [83692.5, 10000.0], [83695.0, 16380.0], [83697.5, 44290.0], [83700.0, 7120.0], [83702.5, 6500.0], [83722.5, 6500.0], [83730.0, 6810.0], [83732.5, 16170.0], [83735.0, 6540.0], [83745.0, 10.0], [83750.0, 61770.0], [83752.5, 6500.0]]}}}
{"jsonrpc": "2.0", "method": "subscription", "params": {"channel": "book.BTC-7MAR25.none.20.100ms", "data": {"timestamp": 1741084193288, "change_id": 90844838689, "instrument_name": "BTC-7MAR25", "bids": [[83652.5, 940.0], [83650.0, 6130.0], [83647.5, 10000.0], [83645.0, 10880.0], [83642.5, 31870.0], [83640.0, 6500.0], [83632.5, 1950.0], [83630.0, 6500.0], [83627.5, 14490.0], [83625.0, 48690.0], [83622.5, 1950.0], [83620.0, 6500.0], [83605.0, 1960.0], [83602.5, 6500.0], [83600.0, 40.0], [83585.0, 1950.0], [83582.5, 6500.0], [83575.0, 19280.0], [83572.5, 65070.0], [83540.0, 1950.0]], "asks": [[83665.0, 4320.0], [83667.5, 2600.0], [83670.0, 3130.0], [83675.0, 2630.0], [83677.5, 9100.0], [83685.0, 16830.0], [83687.5, 6500.0], [83690.0, 53000.0], [83692.5, 10000.0], [83695.0, 16380.0], [83697.5, 44290.0], [83700.0, 7120.0], [83702.5, 6500.0], [83720.0, 1950.0], [83722.5, 6500.0], [83730.0, 6810.0], [83732.5, 16170.0], [83735.0, 6540.0], [83745.0, 10.0], [83747.5, 17950.0]]}}}
{"jsonrpc": "2.0", "method": "subscription", "params": {"channel": "book.BTC-14MAR25.none.20.100ms", "data": {"timestamp": 1741084193257, "change_id": 90844838630, "instrument_name": "BTC-14MAR25", "bids": [[83742.5, 400.0], [83735.0, 20.0], [83732.5, 10000.0], [83725.0, 120.0], [83722.5, 7150.0], [83720.0, 26010.0], [83717.5, 3290.0], [83715.0, 4500.0], [83707.5, 1350.0], [83705.0, 6750.0], [83702.5, 7510.0], [83697.5, 1350.0], [83695.0, 4500.0], [83687.5, 1350.0], [83685.0, 8940.0], [83682.5, 18100.0], [83675.0, 1350.0], [83672.5, 4500.0], [83667.5, 20.0], [83610.0, 1350.0]], "asks": [[83745.0, 3290.0], [83747.5, 1350.0], [83750.0, 4500.0], [83762.5, 990.0], [83765.0, 3290.0], [83767.5, 1350.0], [83770.0, 4620.0], [83772.5, 6000.0], [83775.0, 20000.0], [83777.5, 51390.0], [83780.0, 4500.0], [83785.0, 10000.0], [83795.0, 1350.0], [83797.5, 4500.0], [83805.0, 1350.0], [83807.5, 4500.0], [83815.0, 1820.0], [83817.5, 4500.0], [83820.0, 9340.0], [83822.5, 24450.0]]}}}
{"jsonrpc": "2.0", "method": "subscription", "params": {"channel": "book.BTC-7MAR25.none.20.100ms", "data": {"timestamp": 1741084193571, "change_id": 90844839400, "instrument_name": "BTC-7MAR25", "bids": [[83657.5, 9830.0], [83655.0, 1720.0], [83652.5, 2600.0], [83650.0, 6130.0], [83647.5, 10000.0], [83645.0, 10880.0], [83642.5, 31870.0], [83640.0, 6500.0], [83632.5, 1950.0], [83630.0, 6500.0], [83627.5, 14490.0], [83625.0, 48690.0], [83622.5, 1950.0], [83620.0, 6500.0], [83605.0, 1960.0], [83602.5, 6500.0], [83600.0, 40.0], [83585.0, 1950.0], [83582.5, 6500.0], [83575.0, 19280.0]], "asks": [[83665.0, 4320.0], [83667.5, 2600.0], [83670.0, 3910.0], [83672.5, 2600.0], [83675.0, 1970.0], [83677.5, 6500.0], [83685.0, 16710.0], [83687.5, 6500.0], [83690.0, 53000.0], [83692.5, 10000.0], [83695.0, 16380.0], [83697.5, 44290.0], [83700.0, 7120.0], [83702.5, 6500.0], [83720.0, 1950.0], [83722.5, 6500.0], [83730.0, 6810.0], [83732.5, 16170.0], [83735.0, 6540.0], [83745.0, 10.0]]}}}
{"jsonrpc": "2.0", "method": "subscription", "params": {"channel": "book.BTC-14MAR25.none.20.100ms", "data": {"timestamp": 1741084193397, "change_id": 90844838967, "instrument_name": "BTC-14MAR25", "bids": [[83742.5, 400.0], [83735.0, 20.0], [83732.5, 10000.0], [83725.0, 120.0], [83722.5, 7150.0], [83720.0, 26010.0], [83717.5, 3290.0], [83715.0, 4500.0], [83707.5, 1350.0], [83705.0, 6750.0], [83702.5, 7510.0], [83697.5, 1350.0], [83695.0, 4500.0], [83687.5, 1350.0], [83685.0, 8940.0], [83682.5, 18100.0], [83675.0, 1350.0], [83672.5, 4500.0], [83667.5, 20.0], [83610.0, 1350.0]], "asks": [[83745.0, 3290.0], [83747.5, 1350.0], [83750.0, 4500.0], [83757.5, 6040.0], [83760.0, 20120.0], [83762.5, 990.0], [83765.0, 3290.0], [83767.5, 1350.0], [83770.0, 4500.0], [83777.5, 51390.0], [83780.0, 4500.0], [83785.0, 10000.0], [83795.0, 1350.0], [83797.5, 4500.0], [83805.0, 1350.0], [83807.5, 4500.0], [83815.0, 1820.0], [83817.5, 4500.0], [83820.0, 9340.0], [83822.5, 24450.0]]}}}
{"jsonrpc": "2.0", "method": "subscription", "params": {"channel": "book.BTC-7MAR25.none.20.100ms", "data": {"timestamp": 1741084193932, "change_id": 90844840178, "instrument_name": "BTC-7MAR25", "bids": [[83655.0, 1720.0], [83652.5, 2600.0], [83650.0, 9970.0], [83645.0, 29050.0], [83642.5, 15280.0], [83640.0, 7860.0], [83637.5, 16210.0], [83635.0, 10000.0], [83632.5, 1950.0], [83630.0, 6500.0], [83627.5, 14490.0], [83625.0, 48690.0], [83622.5, 1950.0], [83620.0, 6500.0], [83605.0, 1960.0], [83602.5, 6500.0], [83600.0, 40.0], [83585.0, 1950.0], [83582.5, 6500.0], [83575.0, 19280.0]], "asks": [[83662.5, 2600.0], [83665.0, 2600.0], [83667.5, 940.0], [83670.0, 3130.0], [83675.0, 2070.0], [83677.5, 6500.0], [83685.0, 1950.0], [83687.5, 6500.0], [83690.0, 17630.0], [83692.5, 60000.0], [83695.0, 16380.0], [83697.5, 44290.0], [83700.0, 7120.0], [83702.5, 6500.0], [83720.0, 1950.0], [83722.5, 6500.0], [83730.0, 6810.0], [83732.5, 16170.0], [83735.0, 6540.0], [83745.0, 10.0]]}}}
{"jsonrpc": "2.0", "method": "subscription", "params": {"channel": "book.BTC-14MAR25.none.20.100ms", "data": {"timestamp": 1741084193922, "change_id": 90844840168, "instrument_name": "BTC-14MAR25", "bids": [[83742.5, 400.0], [83735.0, 20.0], [83732.5, 10000.0], [83725.0, 120.0], [83720.0, 9250.0], [83717.5, 27230.0], [83715.0, 4500.0], [83707.5, 1350.0], [83705.0, 6750.0], [83702.5, 7510.0], [83697.5, 1350.0], [83695.0, 4500.0], [83687.5, 1350.0], [83685.0, 8940.0], [83682.5, 18100.0], [83675.0, 1350.0], [83672.5, 4500.0], [83667.5, 20.0], [83610.0, 1350.0], [83607.5, 4500.0]], "asks": [[83745.0, 3290.0], [83752.5, 1350.0], [83755.0, 4500.0], [83757.5, 6040.0], [83760.0, 20120.0], [83762.5, 990.0], [83765.0, 3290.0], [83767.5, 1350.0], [83770.0, 4500.0], [83777.5, 1390.0], [83780.0, 22500.0], [83782.5, 50000.0], [83785.0, 10000.0], [83795.0, 1350.0], [83797.5, 4500.0], [83805.0, 1350.0], [83807.5, 4500.0], [83815.0, 1820.0], [83817.5, 4500.0], [83820.0, 9340.0]]}}}
{"jsonrpc": "2.0", "method": "subscription", "params": {"channel": "book.BTC-7MAR25.none.20.100ms", "data": {"timestamp": 1741084194077, "change_id": 90844840274, "instrument_name": "BTC-7MAR25", "bids": [[83657.5, 9830.0], [83655.0, 1720.0], [83652.5, 2600.0], [83650.0, 9970.0], [83645.0, 29050.0], [83642.5, 15280.0], [83640.0, 7860.0], [83637.5, 16210.0], [83635.0, 10000.0], [83632.5, 1950.0], [83630.0, 6500.0], [83627.5, 14490.0], [83625.0, 48690.0], [83622.5, 1950.0], [83620.0, 6500.0], [83605.0, 1960.0], [83602.5, 6500.0], [83600.0, 40.0], [83585.0, 1950.0], [83582.5, 6500.0]], "asks": [[83662.5, 2600.0], [83665.0, 2600.0], [83667.5, 940.0], [83670.0, 3130.0], [83675.0, 2070.0], [83677.5, 6500.0], [83685.0, 1950.0], [83687.5, 6500.0], [83690.0, 17630.0], [83692.5, 60000.0], [83695.0, 16380.0], [83697.5, 44290.0], [83700.0, 7120.0], [83702.5, 6500.0], [83720.0, 1950.0], [83722.5, 6500.0], [83730.0, 6810.0], [83732.5, 16170.0], [83735.0, 6540.0], [83745.0, 10.0]]}}}
{"jsonrpc": "2.0", "method": "subscription", "params": {"channel": "book.BTC-14MAR25.none.20.100ms", "data": {"timestamp": 1741084194142, "change_id": 90844840301, "instrument_name": "BTC-14MAR25", "bids": [[83742.5, 400.0], [83735.0, 20.0], [83732.5, 10000.0], [83725.0, 120.0], [83720.0, 14540.0], [83717.5, 47830.0], [83715.0, 4500.0], [83707.5, 1350.0], [83705.0, 6750.0], [83702.5, 7510.0], [83697.5, 1350.0], [83695.0, 4500.0], [83687.5, 1350.0], [83685.0, 8940.0], [83682.5, 18100.0], [83675.0, 1350.0], [83672.5, 4500.0], [83667.5, 20.0], [83610.0, 1350.0], [83607.5, 4500.0]], "asks": [[83745.0, 3290.0], [83752.5, 1350.0], [83755.0, 4500.0], [83757.5, 6040.0], [83760.0, 20120.0], [83762.5, 990.0], [83765.0, 3290.0], [83767.5, 1350.0], [83770.0, 4500.0], [83777.5, 1390.0], [83780.0, 22500.0], [83782.5, 50000.0], [83785.0, 10000.0], [83795.0, 1350.0], [83797.5, 4500.0], [83805.0, 1350.0], [83807.5, 4500.0], [83815.0, 1820.0], [83817.5, 4500.0], [83820.0, 9340.0]]}}}
{"jsonrpc": "2.0", "method": "subscription", "params": {"channel": "book.BTC-14MAR25.none.20.100ms", "data": {"timestamp": 1741084194624, "change_id": 90844841268, "instrument_name": "BTC-14MAR25", "bids": [[83742.5, 400.0], [83735.0, 20.0], [83732.5, 10000.0], [83725.0, 120.0], [83720.0, 9250.0], [83717.5, 20600.0], [83715.0, 4500.0], [83705.0, 4500.0], [83697.5, 1350.0], [83695.0, 4500.0], [83690.0, 7510.0], [83685.0, 4500.0], [83682.5, 3290.0], [83675.0, 1350.0], [83672.5, 4500.0], [83670.0, 14810.0], [83667.5, 20.0], [83610.0, 1350.0], [83607.5, 4500.0], [83600.0, 20.0]], "asks": [[83745.0, 7790.0], [83755.0, 4500.0], [83757.5, 6040.0], [83760.0, 20120.0], [83762.5, 990.0], [83765.0, 3290.0], [83770.0, 4500.0], [83780.0, 4500.0], [83782.5, 50000.0], [83785.0, 10000.0], [83795.0, 1350.0], [83797.5, 4500.0], [83805.0, 1350.0], [83807.5, 4500.0], [83815.0, 1820.0], [83817.5, 4500.0], [83820.0, 9340.0], [83822.5, 24450.0], [83825.0, 1170.0], [83827.5, 4500.0]]}}}
{"jsonrpc": "2.0", "method": "subscription", "params": {"channel": "book.BTC-7MAR25.none.20.100ms", "data": {"timestamp": 1741084194627, "change_id": 90844841276, "instrument_name": "BTC-7MAR25", "bids": [[83657.5, 9830.0], [83650.0, 6840.0], [83645.0, 29050.0], [83642.5, 15280.0], [83640.0, 9500.0], [83635.0, 10000.0], [83632.5, 1950.0], [83630.0, 6500.0], [83627.5, 14490.0], [83625.0, 48690.0], [83622.5, 1950.0], [83620.0, 6500.0], [83605.0, 1960.0], [83602.5, 6500.0], [83600.0, 40.0], [83585.0, 1950.0], [83582.5, 6500.0], [83575.0, 19280.0], [83572.5, 65070.0], [83540.0, 1950.0]], "asks": [[83667.5, 940.0], [83670.0, 9630.0], [83685.0, 1950.0], [83687.5, 6620.0], [83690.0, 17630.0], [83692.5, 60000.0], [83695.0, 16380.0], [83697.5, 44290.0], [83700.0, 7120.0], [83702.5, 6500.0], [83720.0, 1950.0], [83722.5, 6500.0], [83730.0, 6810.0], [83732.5, 16170.0], [83735.0, 6540.0], [83745.0, 10.0], [83747.5, 17950.0], [83750.0, 61770.0], [83752.5, 6500.0], [83760.0, 1950.0]]}}}
{"jsonrpc": "2.0", "method": "subscription", "params": {"channel": "book.BTC-7MAR25.none.20.100ms", "data": {"timestamp": 1741084194932, "change_id": 90844842655, "instrument_name": "BTC-7MAR25", "bids": [[83647.5, 10750.0], [83645.0, 31720.0], [83642.5, 15160.0], [83640.0, 3000.0], [83635.0, 10000.0], [83632.5, 1950.0], [83630.0, 6620.0], [83627.5, 14490.0], [83625.0, 48690.0], [83622.5, 4570.0], [83620.0, 22540.0], [83605.0, 1960.0], [83602.5, 6500.0], [83600.0, 40.0], [83585.0, 1950.0], [83582.5, 6500.0], [83575.0, 19280.0], [83572.5, 65070.0], [83540.0, 1950.0], [83537.5, 6500.0]], "asks": [[83657.5, 2600.0], [83660.0, 4220.0], [83662.5, 2600.0], [83665.0, 7630.0], [83667.5, 9100.0], [83670.0, 6500.0], [83675.0, 16830.0], [83677.5, 56500.0], [83680.0, 10000.0], [83685.0, 1950.0], [83687.5, 6500.0], [83695.0, 16380.0], [83697.5, 44290.0], [83700.0, 7120.0], [83702.5, 6500.0], [83720.0, 1950.0], [83722.5, 6500.0], [83730.0, 6810.0], [83732.5, 16170.0], [83735.0, 6540.0]]}}}
{"jsonrpc": "2.0", "method": "subscription", "params": {"channel": "book.BTC-14MAR25.none.20.100ms", "data": {"timestamp": 1741084194775, "change_id": 90844842674, "instrument_name": "BTC-14MAR25", "bids": [[83742.5, 400.0], [83735.0, 20.0], [83722.5, 3000.0], [83720.0, 10000.0], [83712.5, 120.0], [83710.0, 8810.0], [83707.5, 24880.0], [83705.0, 4500.0], [83697.5, 1350.0], [83695.0, 4500.0], [83690.0, 7510.0], [83685.0, 4500.0], [83682.5, 3290.0], [83675.0, 1350.0], [83672.5, 4500.0], [83670.0, 14810.0], [83667.5, 20.0], [83610.0, 1350.0], [83607.5, 4500.0], [83600.0, 20.0]], "asks": [[83745.0, 7790.0], [83752.5, 1350.0], [83755.0, 4500.0], [83757.5, 6040.0], [83760.0, 20120.0], [83762.5, 990.0], [83765.0, 3290.0], [83767.5, 16180.0], [83770.0, 54500.0], [83772.5, 10000.0], [83780.0, 4500.0], [83795.0, 1350.0], [83797.5, 4500.0], [83805.0, 1350.0], [83807.5, 4500.0], [83815.0, 1820.0], [83817.5, 4500.0], [83820.0, 9340.0], [83822.5, 24450.0], [83825.0, 1170.0]]}}}
{"jsonrpc": "2.0", "method": "subscription", "params": {"channel": "book.BTC-7MAR25.none.20.100ms", "data": {"timestamp": 1741084195286, "change_id": 90844844392, "instrument_name": "BTC-7MAR25", "bids": [[83632.5, 3130.0], [83630.0, 19160.0], [83625.0, 15160.0], [83622.5, 10000.0], [83620.0, 6500.0], [83605.0, 45560.0], [83602.5, 6500.0], [83600.0, 40.0], [83582.5, 6500.0], [83572.5, 6500.0], [83557.5, 58570.0], [83537.5, 6500.0], [83532.5, 40.0], [83500.0, 250.0], [83497.5, 6500.0], [83492.5, 10.0], [83477.5, 6500.0], [83470.0, 19750.0], [83467.5, 6540.0], [83457.5, 500.0]], "asks": [[83652.5, 6500.0], [83657.5, 2600.0], [83660.0, 2600.0], [83662.5, 2600.0], [83665.0, 56500.0], [83667.5, 2600.0], [83670.0, 10000.0], [83675.0, 3250.0], [83677.5, 8500.0], [83682.5, 44290.0], [83687.5, 6500.0], [83702.5, 6500.0], [83722.5, 6500.0], [83732.5, 16170.0], [83735.0, 6540.0], [83745.0, 10.0], [83750.0, 59820.0], [83752.5, 6500.0], [83762.5, 6500.0], [83772.5, 33140.0]]}}}
{"jsonrpc": "2.0", "method": "subscription", "params": {"channel": "book.BTC-14MAR25.none.20.100ms", "data": {"timestamp": 1741084195155, "change_id": 90844844376, "instrument_name": "BTC-14MAR25", "bids": [[83735.0, 20.0], [83720.0, 10000.0], [83707.5, 7090.0], [83705.0, 23620.0], [83697.5, 3290.0], [83695.0, 4500.0], [83685.0, 4500.0], [83682.5, 3290.0], [83677.5, 7510.0], [83672.5, 4500.0], [83667.5, 20.0], [83607.5, 4500.0], [83600.0, 20.0], [83597.5, 4500.0], [83540.0, 4500.0], [83532.5, 20.0], [83530.0, 4500.0], [83470.0, 4500.0], [83467.5, 20.0], [83462.5, 22940.0]], "asks": [[83737.5, 4500.0], [83742.5, 400.0], [83752.5, 1350.0], [83755.0, 4500.0], [83757.5, 6040.0], [83760.0, 20120.0], [83762.5, 10000.0], [83767.5, 50000.0], [83770.0, 4500.0], [83780.0, 4500.0], [83797.5, 6500.0], [83807.5, 4500.0], [83817.5, 4500.0], [83822.5, 24450.0], [83827.5, 4500.0], [83830.0, 14970.0], [83837.5, 4500.0], [83852.5, 4500.0], [83862.5, 4500.0], [83867.5, 20.0]]}}}
{"jsonrpc": "2.0", "method": "subscription", "params": {"channel": "book.BTC-7MAR25.none.20.100ms", "data": {"timestamp": 1741084195523, "change_id": 90844845475, "instrument_name": "BTC-7MAR25", "bids": [[83637.5, 2950.0], [83635.0, 12430.0], [83632.5, 3130.0], [83625.0, 15160.0], [83622.5, 10000.0], [83620.0, 6500.0], [83615.0, 120.0], [83605.0, 45560.0], [83602.5, 22690.0], [83600.0, 3170.0], [83572.5, 6500.0], [83557.5, 58570.0], [83537.5, 6500.0], [83532.5, 40.0], [83500.0, 250.0], [83497.5, 6500.0], [83492.5, 10.0], [83477.5, 6500.0], [83470.0, 19750.0], [83467.5, 6540.0]], "asks": [[83652.5, 9630.0], [83657.5, 2600.0], [83660.0, 2600.0], [83662.5, 2600.0], [83665.0, 6620.0], [83667.5, 2600.0], [83670.0, 10000.0], [83675.0, 3130.0], [83677.5, 8500.0], [83680.0, 50000.0], [83682.5, 44290.0], [83702.5, 6500.0], [83722.5, 6500.0], [83732.5, 16170.0], [83735.0, 6540.0], [83745.0, 10.0], [83750.0, 59820.0], [83752.5, 6500.0], [83762.5, 6500.0], [83772.5, 33140.0]]}}}
{"jsonrpc": "2.0", "method": "subscription", "params": {"channel": "book.BTC-14MAR25.none.20.100ms", "data": {"timestamp": 1741084195355, "change_id": 90844845379, "instrument_name": "BTC-14MAR25", "bids": [[83735.0, 20.0], [83720.0, 10000.0], [83705.0, 4500.0], [83697.5, 3410.0], [83695.0, 4500.0], [83690.0, 24800.0], [83685.0, 4500.0], [83682.5, 3290.0], [83677.5, 7510.0], [83672.5, 4500.0], [83667.5, 20.0], [83607.5, 4500.0], [83600.0, 20.0], [83597.5, 4500.0], [83540.0, 4500.0], [83532.5, 20.0], [83530.0, 4500.0], [83470.0, 4500.0], [83467.5, 20.0], [83462.5, 22940.0]], "asks": [[83737.5, 11080.0], [83742.5, 400.0], [83750.0, 120.0], [83755.0, 24500.0], [83762.5, 10000.0], [83767.5, 50000.0], [83770.0, 79890.0], [83780.0, 4500.0], [83797.5, 6500.0], [83807.5, 4500.0], [83817.5, 4500.0], [83822.5, 24450.0], [83827.5, 4500.0], [83830.0, 14970.0], [83837.5, 4500.0], [83852.5, 4500.0], [83862.5, 4500.0], [83867.5, 20.0], [83872.5, 4500.0], [83882.5, 4500.0]]}}}
{"jsonrpc": "2.0", "method": "subscription", "params": {"channel": "book.BTC-7MAR25.none.20.100ms", "data": {"timestamp": 1741084195929, "change_id": 90844846945, "instrument_name": "BTC-7MAR25", "bids": [[83637.5, 2600.0], [83635.0, 2600.0], [83630.0, 22100.0], [83625.0, 15160.0], [83622.5, 10000.0], [83615.0, 22760.0], [83605.0, 45560.0], [83602.5, 6500.0], [83600.0, 3170.0], [83592.5, 6500.0], [83572.5, 6500.0], [83560.0, 17570.0], [83557.5, 58570.0], [83552.5, 6500.0], [83537.5, 6500.0], [83532.5, 40.0], [83500.0, 2200.0], [83497.5, 6500.0], [83492.5, 10.0], [83480.0, 1950.0]], "asks": [[83650.0, 9630.0], [83665.0, 6620.0], [83670.0, 10000.0], [83675.0, 3130.0], [83677.5, 58500.0], [83680.0, 13290.0], [83682.5, 44290.0], [83687.5, 6500.0], [83702.5, 6500.0], [83722.5, 6500.0], [83732.5, 16170.0], [83735.0, 6540.0], [83745.0, 10.0], [83750.0, 59820.0], [83752.5, 6500.0], [83762.5, 6500.0], [83772.5, 33140.0], [83782.5, 6500.0], [83797.5, 6500.0], [83800.0, 40.0]]}}}
{"jsonrpc": "2.0", "method": "subscription", "params": {"channel": "book.BTC-14MAR25.none.20.100ms", "data": {"timestamp": 1741084195817, "change_id": 90844846745, "instrument_name": "BTC-14MAR25", "bids": [[83735.0, 20.0], [83710.0, 3000.0], [83707.5, 10000.0], [83705.0, 4500.0], [83702.5, 7210.0], [83700.0, 26390.0], [83697.5, 3410.0], [83695.0, 4500.0], [83685.0, 4500.0], [83677.5, 7510.0], [83672.5, 4500.0], [83667.5, 20.0], [83655.0, 3290.0], [83607.5, 4500.0], [83600.0, 20.0], [83597.5, 4500.0], [83540.0, 4500.0], [83532.5, 20.0], [83530.0, 4500.0], [83470.0, 4500.0]], "asks": [[83737.5, 11080.0], [83742.5, 400.0], [83750.0, 120.0], [83752.5, 7350.0], [83755.0, 24500.0], [83762.5, 10000.0], [83767.5, 50000.0], [83770.0, 79890.0], [83780.0, 4500.0], [83797.5, 6500.0], [83807.5, 4500.0], [83817.5, 4500.0], [83822.5, 24450.0], [83827.5, 4500.0], [83830.0, 14970.0], [83837.5, 4500.0], [83852.5, 4500.0], [83862.5, 4500.0], [83867.5, 20.0], [83872.5, 4500.0]]}}}
{"jsonrpc": "2.0", "method": "subscription", "params": {"channel": "book.BTC-7MAR25.none.20.100ms", "data": {"timestamp": 1741084196178, "change_id": 90844847349, "instrument_name": "BTC-7MAR25", "bids": [[83640.0, 13990.0], [83637.5, 2600.0], [83635.0, 2600.0], [83632.5, 940.0], [83630.0, 3130.0], [83625.0, 15160.0], [83622.5, 10000.0], [83615.0, 22760.0], [83605.0, 45560.0], [83602.5, 6500.0], [83600.0, 3170.0], [83592.5, 6500.0], [83572.5, 6500.0], [83560.0, 17570.0], [83557.5, 58570.0], [83552.5, 6500.0], [83537.5, 6500.0], [83532.5, 40.0], [83500.0, 2200.0], [83497.5, 6500.0]], "asks": [[83650.0, 9630.0], [83655.0, 120.0], [83665.0, 6500.0], [83670.0, 10000.0], [83675.0, 3130.0], [83677.5, 58500.0], [83680.0, 13290.0], [83682.5, 44290.0], [83687.5, 6500.0], [83702.5, 6500.0], [83722.5, 6500.0], [83732.5, 16170.0], [83735.0, 6540.0], [83745.0, 10.0], [83750.0, 59820.0], [83752.5, 6500.0], [83762.5, 6500.0], [83772.5, 33140.0], [83782.5, 6500.0], [83797.5, 6500.0]]}}}
{"jsonrpc": "2.0", "method": "subscription", "params": {"channel": "book.BTC-14MAR25.none.20.100ms", "data": {"timestamp": 1741084196156, "change_id": 90844847431, "instrument_name": "BTC-14MAR25", "bids": [[83735.0, 20.0], [83710.0, 3000.0], [83707.5, 10000.0], [83705.0, 4500.0], [83702.5, 7210.0], [83700.0, 26390.0], [83697.5, 3410.0], [83695.0, 4500.0], [83685.0, 4500.0], [83677.5, 7510.0], [83672.5, 4500.0], [83667.5, 20.0], [83655.0, 3290.0], [83607.5, 4500.0], [83600.0, 20.0], [83597.5, 4500.0], [83542.5, 13800.0], [83540.0, 4500.0], [83532.5, 20.0], [83530.0, 4500.0]], "asks": [[83737.5, 11080.0], [83740.0, 120.0], [83752.5, 7350.0], [83755.0, 24500.0], [83762.5, 10000.0], [83767.5, 50000.0], [83770.0, 4500.0], [83780.0, 4500.0], [83797.5, 6500.0], [83807.5, 4500.0], [83817.5, 4500.0], [83822.5, 24450.0], [83827.5, 4500.0], [83830.0, 14970.0], [83837.5, 4500.0], [83852.5, 4500.0], [83862.5, 4500.0], [83867.5, 20.0], [83872.5, 4500.0], [83882.5, 4500.0]]}}}
{"jsonrpc": "2.0", "method": "subscription", "params": {"channel": "book.BTC-14MAR25.none.20.100ms", "data": {"timestamp": 1741084196597, "change_id": 90844849416, "instrument_name": "BTC-14MAR25", "bids": [[83697.5, 3000.0], [83695.0, 10000.0], [83690.0, 3290.0], [83687.5, 4500.0], [83685.0, 120.0], [83672.5, 28340.0], [83667.5, 20.0], [83660.0, 7510.0], [83655.0, 4640.0], [83652.5, 4500.0], [83607.5, 4500.0], [83600.0, 20.0], [83597.5, 4500.0], [83542.5, 13800.0], [83540.0, 4500.0], [83532.5, 20.0], [83530.0, 4500.0], [83495.0, 55200.0], [83470.0, 4500.0], [83467.5, 20.0]], "asks": [[83715.0, 4500.0], [83730.0, 4620.0], [83737.5, 3290.0], [83752.5, 10000.0], [83755.0, 24500.0], [83770.0, 4500.0], [83777.5, 50000.0], [83780.0, 28910.0], [83797.5, 6500.0], [83800.0, 20.0], [83807.5, 4500.0], [83817.5, 4500.0], [83820.0, 14970.0], [83827.5, 4500.0], [83837.5, 4500.0], [83852.5, 4500.0], [83862.5, 4500.0], [83867.5, 20.0], [83872.5, 4500.0], [83882.5, 4500.0]]}}}
{"jsonrpc": "2.0", "method": "subscription", "params": {"channel": "book.BTC-7MAR25.none.20.100ms", "data": {"timestamp": 1741084196609, "change_id": 90844849406, "instrument_name": "BTC-7MAR25", "bids": [[83617.5, 5730.0], [83615.0, 9830.0], [83612.5, 9100.0], [83610.0, 10000.0], [83602.5, 6620.0], [83600.0, 3170.0], [83592.5, 6500.0], [83585.0, 16560.0], [83572.5, 6500.0], [83552.5, 6500.0], [83537.5, 6500.0], [83532.5, 40.0], [83500.0, 250.0], [83497.5, 6500.0], [83492.5, 10.0], [83477.5, 6500.0], [83472.5, 13800.0], [83467.5, 6540.0], [83457.5, 500.0], [83435.0, 55200.0]], "asks": [[83635.0, 9630.0], [83642.5, 9100.0], [83645.0, 2600.0], [83647.5, 2600.0], [83655.0, 120.0], [83660.0, 10000.0], [83665.0, 56500.0], [83667.5, 44290.0], [83677.5, 8500.0], [83687.5, 22260.0], [83702.5, 6500.0], [83717.5, 59820.0], [83722.5, 6500.0], [83735.0, 6540.0], [83745.0, 10.0], [83752.5, 6500.0], [83762.5, 6500.0], [83765.0, 60240.0], [83772.5, 33140.0], [83782.5, 6500.0]]}}}
