{"jsonrpc": "2.0", "method": "subscription", "params": {"channel": "book.BTC-6FEB26.none.20.100ms", "data": {"timestamp": 1769996510758, "change_id": 137957318807, "instrument_name": "BTC-6FEB26", "bids": [[77627.5, 1600.0], [77625.0, 1530.0], [77617.5, 1350.0], [77615.0, 4980.0], [77612.5, 1600.0], [77582.5, 10.0], [77565.0, 900.0], [77562.5, 3000.0], [77550.0, 4810.0], [77547.5, 16120.0], [77475.0, 660.0], [77472.5, 2200.0], [77465.0, 1100.0], [77462.5, 3690.0], [77430.0, 50.0], [77427.5, 2630.0], [77425.0, 8800.0], [77422.5, 12850.0], [77420.0, 43030.0], [77415.0, 50.0]], "asks": [[77630.0, 1600.0], [77632.5, 1600.0], [77635.0, 1600.0], [77637.5, 4500.0], [77650.0, 450.0], [77652.5, 1500.0], [77662.5, 30.0], [77675.0, 1350.0], [77680.0, 4510.0], [77695.0, 13470.0], [77697.5, 45130.0], [77700.0, 4940.0], [77702.5, 16550.0], [77832.5, 500.0], [77870.0, 50000.0], [77992.5, 50000.0], [78065.0, 210.0], [78112.5, 8810.0], [78117.5, 100000.0], [78180.0, 50000.0]]}}}
{"jsonrpc": "2.0", "method": "subscription", "params": {"channel": "book.BTC-13FEB26.none.20.100ms", "data": {"timestamp": 1769996511049, "change_id": 137957320866, "instrument_name": "BTC-13FEB26", "bids": [[77722.5, 480.0], [77720.0, 1500.0], [77717.5, 1350.0], [77715.0, 4510.0], [77687.5, 10520.0], [77685.0, 46360.0], [77682.5, 37280.0], [77652.5, 4740.0], [77650.0, 15870.0], [77535.0, 50.0], [77532.5, 2630.0], [77530.0, 11000.0], [77527.5, 12840.0], [77525.0, 43030.0], [77515.0, 50.0], [77512.5, 50000.0], [77490.0, 3900.0], [77477.5, 510.0], [77382.5, 160.0], [77297.5, 35220.0]], "asks": [[77737.5, 2340.0], [77740.0, 3150.0], [77742.5, 4510.0], [77757.5, 1350.0], [77760.0, 4510.0], [77765.0, 30.0], [77802.5, 13470.0], [77805.0, 45130.0], [77810.0, 4790.0], [77812.5, 16040.0], [77900.0, 20.0], [77912.5, 40.0], [77917.5, 20.0], [77945.0, 30.0], [77962.5, 50000.0], [77967.5, 500.0], [77980.0, 60.0], [77995.0, 40.0], [78000.0, 1030.0], [78090.0, 50.0]]}}}
{"jsonrpc": "2.0", "method": "subscription", "params": {"channel": "book.BTC-6FEB26.none.20.100ms", "data": {"timestamp": 1769996511028, "change_id": 137957320805, "instrument_name": "BTC-6FEB26", "bids": [[77635.0, 30.0], [77632.5, 780.0], [77630.0, 4380.0], [77627.5, 1600.0], [77625.0, 4500.0], [77615.0, 480.0], [77612.5, 1600.0], [77610.0, 900.0], [77607.5, 3000.0], [77592.5, 10.0], [77550.0, 4810.0], [77547.5, 16120.0], [77475.0, 660.0], [77472.5, 2200.0], [77465.0, 1100.0], [77462.5, 3690.0], [77430.0, 50.0], [77427.5, 12800.0], [77425.0, 44020.0], [77422.5, 62850.0]], "asks": [[77645.0, 1820.0], [77647.5, 6100.0], [77675.0, 1350.0], [77677.5, 30.0], [77680.0, 4510.0], [77695.0, 13470.0], [77697.5, 45130.0], [77700.0, 4940.0], [77702.5, 16550.0], [77870.0, 50000.0], [77882.5, 500.0], [77992.5, 50000.0], [78065.0, 210.0], [78112.5, 8810.0], [78117.5, 100000.0], [78180.0, 50000.0], [78460.0, 35220.0], [78522.5, 19590.0], [78547.5, 2200.0], [78550.0, 640.0]]}}}
{"jsonrpc": "2.0", "method": "subscription", "params": {"channel": "book.BTC-13FEB26.none.20.100ms", "data": {"timestamp": 1769996511242, "change_id": 137957321898, "instrument_name": "BTC-13FEB26", "bids": [[77732.5, 1500.0], [77722.5, 30.0], [77717.5, 1350.0], [77715.0, 4510.0], [77652.5, 4740.0], [77650.0, 15870.0], [77535.0, 50.0], [77532.5, 2630.0], [77530.0, 11000.0], [77527.5, 12840.0], [77525.0, 43030.0], [77515.0, 50.0], [77512.5, 50000.0], [77490.0, 3900.0], [77477.5, 510.0], [77382.5, 160.0], [77297.5, 35220.0], [77295.0, 50000.0], [77187.5, 50000.0], [77137.5, 4910.0]], "asks": [[77737.5, 3610.0], [77740.0, 1800.0], [77742.5, 4510.0], [77750.0, 450.0], [77752.5, 1500.0], [77757.5, 1350.0], [77760.0, 4510.0], [77765.0, 30.0], [77802.5, 13470.0], [77805.0, 45130.0], [77810.0, 4790.0], [77812.5, 16040.0], [77900.0, 20.0], [77912.5, 40.0], [77917.5, 20.0], [77945.0, 30.0], [77962.5, 50000.0], [77967.5, 500.0], [77980.0, 60.0], [77995.0, 40.0]]}}}
{"jsonrpc": "2.0", "method": "subscription", "params": {"channel": "book.BTC-6FEB26.none.20.100ms", "data": {"timestamp": 1769996511362, "change_id": 137957321806, "instrument_name": "BTC-6FEB26", "bids": [[77642.5, 1500.0], [77635.0, 30.0], [77632.5, 480.0], [77630.0, 2880.0], [77627.5, 1600.0], [77625.0, 4500.0], [77615.0, 480.0], [77612.5, 1600.0], [77610.0, 900.0], [77607.5, 3000.0], [77595.0, 10.0], [77550.0, 4810.0], [77547.5, 16120.0], [77475.0, 660.0], [77472.5, 2200.0], [77465.0, 1100.0], [77462.5, 3690.0], [77430.0, 50.0], [77427.5, 12800.0], [77425.0, 44020.0]], "asks": [[77647.5, 6100.0], [77662.5, 450.0], [77665.0, 1500.0], [77675.0, 1350.0], [77677.5, 30.0], [77680.0, 4510.0], [77695.0, 13470.0], [77697.5, 45130.0], [77700.0, 4940.0], [77702.5, 16550.0], [77870.0, 50000.0], [77882.5, 500.0], [77992.5, 50000.0], [78065.0, 210.0], [78112.5, 8810.0], [78117.5, 100000.0], [78180.0, 50000.0], [78460.0, 35220.0], [78522.5, 19590.0], [78547.5, 2200.0]]}}}
{"jsonrpc": "2.0", "method": "subscription", "params": {"channel": "book.BTC-13FEB26.none.20.100ms", "data": {"timestamp": 1769996511692, "change_id": 137957322990, "instrument_name": "BTC-13FEB26", "bids": [[77737.5, 1500.0], [77732.5, 30.0], [77725.0, 1360.0], [77722.5, 4510.0], [77652.5, 4740.0], [77650.0, 15870.0], [77535.0, 50.0], [77532.5, 2630.0], [77530.0, 11000.0], [77527.5, 12840.0], [77525.0, 43030.0], [77515.0, 50.0], [77512.5, 50000.0], [77490.0, 3900.0], [77477.5, 500.0], [77382.5, 160.0], [77300.0, 160.0], [77297.5, 35220.0], [77295.0, 50010.0], [77187.5, 50000.0]], "asks": [[77747.5, 1350.0], [77750.0, 4960.0], [77755.0, 1800.0], [77757.5, 1350.0], [77760.0, 4510.0], [77777.5, 30.0], [77802.5, 13470.0], [77805.0, 45130.0], [77847.5, 4710.0], [77850.0, 15780.0], [77900.0, 20.0], [77912.5, 40.0], [77917.5, 20.0], [77945.0, 30.0], [77962.5, 50000.0], [77967.5, 500.0], [77980.0, 60.0], [77995.0, 40.0], [78000.0, 1030.0], [78090.0, 50.0]]}}}
{"jsonrpc": "2.0", "method": "subscription", "params": {"channel": "book.BTC-6FEB26.none.20.100ms", "data": {"timestamp": 1769996511765, "change_id": 137957323162, "instrument_name": "BTC-6FEB26", "bids": [[77650.0, 960.0], [77647.5, 1600.0], [77645.0, 2560.0], [77642.5, 3100.0], [77640.0, 490.0], [77637.5, 1600.0], [77635.0, 1340.0], [77632.5, 4500.0], [77615.0, 480.0], [77612.5, 1600.0], [77610.0, 900.0], [77607.5, 3000.0], [77600.0, 10.0], [77550.0, 4810.0], [77547.5, 16120.0], [77475.0, 660.0], [77472.5, 2200.0], [77465.0, 1100.0], [77462.5, 3690.0], [77430.0, 50.0]], "asks": [[77655.0, 4500.0], [77675.0, 1350.0], [77677.5, 30.0], [77680.0, 4510.0], [77695.0, 13470.0], [77697.5, 45130.0], [77742.5, 4880.0], [77745.0, 16340.0], [77870.0, 50000.0], [77882.5, 500.0], [77992.5, 50000.0], [78065.0, 210.0], [78112.5, 8810.0], [78117.5, 100000.0], [78180.0, 50000.0], [78460.0, 35220.0], [78522.5, 19590.0], [78547.5, 2200.0], [78550.0, 640.0], [78552.5, 140900.0]]}}}
{"jsonrpc": "2.0", "method": "subscription", "params": {"channel": "book.BTC-13FEB26.none.20.100ms", "data": {"timestamp": 1769996511966, "change_id": 137957323938, "instrument_name": "BTC-13FEB26", "bids": [[77742.5, 1500.0], [77732.5, 30.0], [77725.0, 1360.0], [77722.5, 4510.0], [77652.5, 4740.0], [77650.0, 15870.0], [77535.0, 50.0], [77532.5, 2630.0], [77530.0, 11000.0], [77527.5, 12840.0], [77525.0, 43030.0], [77515.0, 50.0], [77512.5, 50000.0], [77490.0, 3900.0], [77477.5, 500.0], [77382.5, 160.0], [77300.0, 160.0], [77297.5, 35230.0], [77295.0, 50000.0], [77187.5, 50000.0]], "asks": [[77750.0, 4510.0], [77755.0, 1800.0], [77757.5, 1350.0], [77760.0, 4960.0], [77762.5, 1500.0], [77777.5, 30.0], [77802.5, 13470.0], [77805.0, 45130.0], [77847.5, 4710.0], [77850.0, 15780.0], [77900.0, 20.0], [77912.5, 40.0], [77917.5, 20.0], [77945.0, 30.0], [77962.5, 50000.0], [77967.5, 500.0], [77980.0, 50.0], [77995.0, 50.0], [78000.0, 1030.0], [78090.0, 50.0]]}}}
{"jsonrpc": "2.0", "method": "subscription", "params": {"channel": "book.BTC-6FEB26.none.20.100ms", "data": {"timestamp": 1769996511980, "change_id": 137957323702, "instrument_name": "BTC-6FEB26", "bids": [[77652.5, 1500.0], [77650.0, 960.0], [77647.5, 1600.0], [77645.0, 2110.0], [77642.5, 1600.0], [77640.0, 490.0], [77637.5, 1600.0], [77635.0, 1340.0], [77632.5, 4500.0], [77615.0, 480.0], [77612.5, 1600.0], [77610.0, 900.0], [77607.5, 3000.0], [77605.0, 10.0], [77550.0, 4810.0], [77547.5, 16120.0], [77475.0, 660.0], [77472.5, 2200.0], [77465.0, 1100.0], [77462.5, 3690.0]], "asks": [[77655.0, 4500.0], [77672.5, 450.0], [77675.0, 2850.0], [77677.5, 30.0], [77680.0, 4510.0], [77695.0, 13470.0], [77697.5, 45130.0], [77742.5, 4880.0], [77745.0, 16340.0], [77870.0, 50000.0], [77882.5, 500.0], [77992.5, 50000.0], [78065.0, 210.0], [78112.5, 8810.0], [78117.5, 100000.0], [78180.0, 50000.0], [78460.0, 35220.0], [78522.5, 19590.0], [78547.5, 2200.0], [78550.0, 640.0]]}}}
{"jsonrpc": "2.0", "method": "subscription", "params": {"channel": "book.BTC-6FEB26.none.20.100ms", "data": {"timestamp": 1769996512127, "change_id": 137957324405, "instrument_name": "BTC-6FEB26", "bids": [[77652.5, 1500.0], [77650.0, 960.0], [77647.5, 1600.0], [77645.0, 2110.0], [77642.5, 1600.0], [77640.0, 490.0], [77637.5, 1600.0], [77635.0, 1340.0], [77632.5, 4500.0], [77615.0, 480.0], [77612.5, 1600.0], [77610.0, 900.0], [77607.5, 3000.0], [77605.0, 10.0], [77550.0, 4810.0], [77547.5, 16120.0], [77475.0, 660.0], [77472.5, 2200.0], [77465.0, 1100.0], [77462.5, 3690.0]], "asks": [[77655.0, 9460.0], [77672.5, 450.0], [77675.0, 2850.0], [77677.5, 30.0], [77680.0, 4510.0], [77695.0, 13470.0], [77697.5, 45130.0], [77742.5, 4880.0], [77745.0, 16340.0], [77870.0, 50000.0], [77882.5, 500.0], [77992.5, 50000.0], [78065.0, 210.0], [78112.5, 8810.0], [78117.5, 100000.0], [78180.0, 50000.0], [78460.0, 35220.0], [78522.5, 19590.0], [78547.5, 2200.0], [78550.0, 640.0]]}}}
{"jsonrpc": "2.0", "method": "subscription", "params": {"channel": "book.BTC-13FEB26.none.20.100ms", "data": {"timestamp": 1769996512751, "change_id": 137957326414, "instrument_name": "BTC-13FEB26", "bids": [[77745.0, 460.0], [77742.5, 1530.0], [77732.5, 1350.0], [77730.0, 4510.0], [77690.0, 4670.0], [77687.5, 15660.0], [77535.0, 50.0], [77532.5, 2630.0], [77530.0, 11000.0], [77527.5, 13340.0], [77525.0, 43030.0], [77515.0, 50.0], [77512.5, 50000.0], [77490.0, 3900.0], [77382.5, 160.0], [77300.0, 160.0], [77297.5, 35230.0], [77295.0, 50000.0], [77187.5, 50000.0], [77155.0, 4910.0]], "asks": [[77755.0, 1350.0], [77757.5, 4510.0], [77777.5, 30.0], [77802.5, 13470.0], [77805.0, 45130.0], [77815.0, 1340.0], [77817.5, 4500.0], [77847.5, 4710.0], [77850.0, 15780.0], [77900.0, 20.0], [77912.5, 40.0], [77917.5, 20.0], [77945.0, 30.0], [77962.5, 50000.0], [77967.5, 500.0], [77980.0, 50.0], [77995.0, 50.0], [78000.0, 1030.0], [78090.0, 50.0], [78095.0, 160.0]]}}}
{"jsonrpc": "2.0", "method": "subscription", "params": {"channel": "book.BTC-6FEB26.none.20.100ms", "data": {"timestamp": 1769996512675, "change_id": 137957326202, "instrument_name": "BTC-6FEB26", "bids": [[77655.0, 900.0], [77652.5, 3100.0], [77650.0, 960.0], [77647.5, 1600.0], [77645.0, 3360.0], [77642.5, 1600.0], [77640.0, 4990.0], [77615.0, 480.0], [77612.5, 1600.0], [77610.0, 900.0], [77607.5, 3010.0], [77587.5, 4790.0], [77585.0, 16060.0], [77475.0, 660.0], [77472.5, 2200.0], [77465.0, 1100.0], [77462.5, 3690.0], [77430.0, 50.0], [77427.5, 2630.0], [77425.0, 8800.0]], "asks": [[77662.5, 4500.0], [77675.0, 1350.0], [77677.5, 1600.0], [77680.0, 4510.0], [77692.5, 30.0], [77695.0, 13470.0], [77697.5, 45130.0], [77742.5, 4880.0], [77745.0, 16340.0], [77870.0, 50000.0], [77882.5, 500.0], [77992.5, 50000.0], [78065.0, 210.0], [78112.5, 8810.0], [78117.5, 100000.0], [78180.0, 50000.0], [78460.0, 35220.0], [78522.5, 19590.0], [78547.5, 2200.0], [78550.0, 640.0]]}}}
{"jsonrpc": "2.0", "method": "subscription", "params": {"channel": "book.BTC-13FEB26.none.20.100ms", "data": {"timestamp": 1769996513026, "change_id": 137957327444, "instrument_name": "BTC-13FEB26", "bids": [[77745.0, 460.0], [77742.5, 1530.0], [77740.0, 1350.0], [77737.5, 4510.0], [77690.0, 4670.0], [77687.5, 15660.0], [77535.0, 50.0], [77532.5, 2630.0], [77530.0, 11000.0], [77527.5, 13340.0], [77525.0, 43030.0], [77515.0, 50.0], [77512.5, 50000.0], [77490.0, 3900.0], [77382.5, 160.0], [77377.5, 50000.0], [77300.0, 160.0], [77297.5, 35230.0], [77295.0, 50000.0], [77167.5, 4910.0]], "asks": [[77762.5, 1800.0], [77765.0, 6310.0], [77790.0, 30.0], [77802.5, 13470.0], [77805.0, 45130.0], [77815.0, 1340.0], [77817.5, 4500.0], [77847.5, 4710.0], [77850.0, 15780.0], [77900.0, 20.0], [77912.5, 40.0], [77917.5, 20.0], [77945.0, 30.0], [77960.0, 14930.0], [77962.5, 50000.0], [77967.5, 500.0], [77980.0, 50.0], [77995.0, 50.0], [78000.0, 1030.0], [78090.0, 50.0]]}}}
{"jsonrpc": "2.0", "method": "subscription", "params": {"channel": "book.BTC-6FEB26.none.20.100ms", "data": {"timestamp": 1769996513026, "change_id": 137957327325, "instrument_name": "BTC-6FEB26", "bids": [[77655.0, 900.0], [77652.5, 3100.0], [77650.0, 2180.0], [77647.5, 6100.0], [77645.0, 2080.0], [77642.5, 1600.0], [77615.0, 480.0], [77612.5, 1610.0], [77610.0, 900.0], [77607.5, 3000.0], [77587.5, 4790.0], [77585.0, 16060.0], [77475.0, 660.0], [77472.5, 2200.0], [77465.0, 1100.0], [77462.5, 3690.0], [77430.0, 50.0], [77427.5, 2640.0], [77425.0, 8800.0], [77422.5, 50000.0]], "asks": [[77670.0, 4500.0], [77675.0, 480.0], [77677.5, 1600.0], [77692.5, 30.0], [77695.0, 13470.0], [77697.5, 45130.0], [77737.5, 1340.0], [77740.0, 4500.0], [77742.5, 4880.0], [77745.0, 16340.0], [77870.0, 50000.0], [77882.5, 500.0], [77992.5, 50000.0], [78065.0, 210.0], [78112.5, 8800.0], [78117.5, 100000.0], [78180.0, 50000.0], [78460.0, 35230.0], [78522.5, 19590.0], [78547.5, 2200.0]]}}}
{"jsonrpc": "2.0", "method": "subscription", "params": {"channel": "book.BTC-13FEB26.none.20.100ms", "data": {"timestamp": 1769996513398, "change_id": 137957328851, "instrument_name": "BTC-13FEB26", "bids": [[77745.0, 460.0], [77742.5, 1500.0], [77740.0, 1380.0], [77737.5, 4510.0], [77690.0, 4670.0], [77687.5, 15660.0], [77535.0, 50.0], [77532.5, 2630.0], [77530.0, 11000.0], [77527.5, 13340.0], [77525.0, 43030.0], [77515.0, 50.0], [77512.5, 50000.0], [77490.0, 3900.0], [77382.5, 160.0], [77377.5, 50000.0], [77300.0, 160.0], [77297.5, 35230.0], [77295.0, 50000.0], [77167.5, 4910.0]], "asks": [[77762.5, 1350.0], [77765.0, 4510.0], [77790.0, 30.0], [77802.5, 13470.0], [77805.0, 45130.0], [77815.0, 1340.0], [77817.5, 4500.0], [77847.5, 4710.0], [77850.0, 15780.0], [77900.0, 20.0], [77912.5, 40.0], [77917.5, 20.0], [77945.0, 30.0], [77960.0, 14930.0], [77962.5, 50000.0], [77967.5, 500.0], [77980.0, 50.0], [77995.0, 50.0], [78000.0, 1030.0], [78090.0, 50.0]]}}}
{"jsonrpc": "2.0", "method": "subscription", "params": {"channel": "book.BTC-6FEB26.none.20.100ms", "data": {"timestamp": 1769996513347, "change_id": 137957328585, "instrument_name": "BTC-6FEB26", "bids": [[77655.0, 900.0], [77652.5, 3100.0], [77650.0, 2180.0], [77647.5, 6100.0], [77645.0, 2080.0], [77642.5, 1600.0], [77615.0, 480.0], [77612.5, 1600.0], [77610.0, 900.0], [77607.5, 3010.0], [77587.5, 4790.0], [77585.0, 16060.0], [77475.0, 660.0], [77472.5, 2200.0], [77465.0, 1100.0], [77462.5, 3690.0], [77430.0, 50.0], [77427.5, 2640.0], [77425.0, 44020.0], [77422.5, 50000.0]], "asks": [[77665.0, 4900.0], [77667.5, 6560.0], [77670.0, 4500.0], [77675.0, 480.0], [77677.5, 1600.0], [77692.5, 30.0], [77695.0, 13470.0], [77697.5, 45130.0], [77737.5, 1340.0], [77740.0, 4500.0], [77742.5, 4880.0], [77745.0, 16340.0], [77870.0, 50000.0], [77882.5, 500.0], [77992.5, 50000.0], [78065.0, 210.0], [78112.5, 8800.0], [78170.0, 100000.0], [78180.0, 50000.0], [78460.0, 35230.0]]}}}
{"jsonrpc": "2.0", "method": "subscription", "params": {"channel": "book.BTC-13FEB26.none.20.100ms", "data": {"timestamp": 1769996513655, "change_id": 137957330048, "instrument_name": "BTC-13FEB26", "bids": [[77740.0, 30.0], [77727.5, 1350.0], [77725.0, 4510.0], [77690.0, 4670.0], [77687.5, 15660.0], [77535.0, 50.0], [77532.5, 2630.0], [77530.0, 11000.0], [77527.5, 13340.0], [77525.0, 43030.0], [77515.0, 50.0], [77512.5, 50000.0], [77490.0, 3900.0], [77382.5, 160.0], [77377.5, 50000.0], [77300.0, 160.0], [77297.5, 35220.0], [77295.0, 50010.0], [77165.0, 4910.0], [76977.5, 140900.0]], "asks": [[77750.0, 6310.0], [77780.0, 30.0], [77802.5, 13470.0], [77805.0, 45130.0], [77815.0, 1340.0], [77817.5, 4500.0], [77847.5, 4710.0], [77850.0, 15780.0], [77900.0, 20.0], [77912.5, 40.0], [77917.5, 20.0], [77945.0, 30.0], [77960.0, 14930.0], [77962.5, 50000.0], [77967.5, 500.0], [77980.0, 50.0], [77995.0, 50.0], [78000.0, 1030.0], [78090.0, 50.0], [78095.0, 160.0]]}}}
{"jsonrpc": "2.0", "method": "subscription", "params": {"channel": "book.BTC-6FEB26.none.20.100ms", "data": {"timestamp": 1769996513614, "change_id": 137957330154, "instrument_name": "BTC-6FEB26", "bids": [[77652.5, 3100.0], [77645.0, 480.0], [77642.5, 1600.0], [77640.0, 510.0], [77637.5, 1600.0], [77635.0, 1340.0], [77632.5, 4500.0], [77615.0, 480.0], [77612.5, 1600.0], [77610.0, 900.0], [77607.5, 3000.0], [77605.0, 10.0], [77587.5, 4790.0], [77585.0, 16060.0], [77475.0, 660.0], [77472.5, 2200.0], [77465.0, 1100.0], [77462.5, 3690.0], [77430.0, 50.0], [77427.5, 2640.0]], "asks": [[77657.5, 4500.0], [77660.0, 2560.0], [77662.5, 1600.0], [77665.0, 1600.0], [77682.5, 30.0], [77695.0, 13470.0], [77697.5, 45130.0], [77737.5, 1340.0], [77740.0, 4500.0], [77742.5, 4880.0], [77745.0, 16340.0], [77870.0, 50000.0], [77882.5, 500.0], [77992.5, 50000.0], [78065.0, 210.0], [78112.5, 8800.0], [78117.5, 100000.0], [78180.0, 50000.0], [78460.0, 35230.0], [78522.5, 19590.0]]}}}
{"jsonrpc": "2.0", "method": "subscription", "params": {"channel": "book.BTC-13FEB26.none.20.100ms", "data": {"timestamp": 1769996514013, "change_id": 137957331009, "instrument_name": "BTC-13FEB26", "bids": [[77740.0, 30.0], [77737.5, 1500.0], [77727.5, 1350.0], [77725.0, 4510.0], [77690.0, 4670.0], [77687.5, 15660.0], [77535.0, 50.0], [77532.5, 2630.0], [77530.0, 11000.0], [77527.5, 13340.0], [77525.0, 43030.0], [77515.0, 50.0], [77512.5, 50000.0], [77490.0, 3900.0], [77382.5, 160.0], [77377.5, 50000.0], [77300.0, 160.0], [77297.5, 35230.0], [77295.0, 50000.0], [77165.0, 4910.0]], "asks": [[77747.5, 3680.0], [77750.0, 6310.0], [77757.5, 450.0], [77760.0, 1500.0], [77780.0, 30.0], [77802.5, 13470.0], [77805.0, 45130.0], [77815.0, 1340.0], [77817.5, 4500.0], [77847.5, 4710.0], [77850.0, 15780.0], [77900.0, 20.0], [77912.5, 40.0], [77917.5, 20.0], [77945.0, 30.0], [77960.0, 14930.0], [77962.5, 50000.0], [77967.5, 500.0], [77980.0, 50.0], [77995.0, 50.0]]}}}
{"jsonrpc": "2.0", "method": "subscription", "params": {"channel": "book.BTC-6FEB26.none.20.100ms", "data": {"timestamp": 1769996514002, "change_id": 137957330982, "instrument_name": "BTC-6FEB26", "bids": [[77652.5, 3100.0], [77645.0, 480.0], [77642.5, 1600.0], [77640.0, 510.0], [77637.5, 1600.0], [77635.0, 1340.0], [77632.5, 4500.0], [77615.0, 480.0], [77612.5, 1600.0], [77610.0, 900.0], [77607.5, 3000.0], [77605.0, 10.0], [77587.5, 4790.0], [77585.0, 16060.0], [77475.0, 660.0], [77472.5, 2200.0], [77465.0, 1100.0], [77462.5, 3690.0], [77430.0, 50.0], [77427.5, 2640.0]], "asks": [[77657.5, 4500.0], [77660.0, 2560.0], [77662.5, 1600.0], [77665.0, 1600.0], [77670.0, 450.0], [77672.5, 1500.0], [77682.5, 30.0], [77695.0, 13470.0], [77697.5, 45130.0], [77737.5, 1340.0], [77740.0, 4500.0], [77742.5, 4880.0], [77745.0, 16340.0], [77870.0, 50000.0], [77882.5, 500.0], [77992.5, 50000.0], [78065.0, 210.0], [78112.5, 8800.0], [78117.5, 100000.0], [78180.0, 50000.0]]}}}
{"jsonrpc": "2.0", "method": "subscription", "params": {"channel": "book.BTC-13FEB26.none.20.100ms", "data": {"timestamp": 1769996514169, "change_id": 137957331465, "instrument_name": "BTC-13FEB26", "bids": [[77740.0, 30.0], [77737.5, 1500.0], [77727.5, 1350.0], [77725.0, 4510.0], [77690.0, 4670.0], [77687.5, 15660.0], [77535.0, 50.0], [77532.5, 2630.0], [77530.0, 11000.0], [77527.5, 13340.0], [77525.0, 43030.0], [77515.0, 50.0], [77512.5, 50000.0], [77490.0, 3900.0], [77382.5, 160.0], [77377.5, 50000.0], [77300.0, 160.0], [77297.5, 35230.0], [77295.0, 50000.0], [77165.0, 4910.0]], "asks": [[77747.5, 1800.0], [77750.0, 6310.0], [77757.5, 450.0], [77760.0, 1500.0], [77780.0, 30.0], [77802.5, 13470.0], [77805.0, 45130.0], [77815.0, 1340.0], [77817.5, 4500.0], [77847.5, 4710.0], [77850.0, 15780.0], [77900.0, 20.0], [77912.5, 40.0], [77917.5, 20.0], [77945.0, 30.0], [77960.0, 14930.0], [77962.5, 50000.0], [77967.5, 500.0], [77980.0, 50.0], [77995.0, 50.0]]}}}
{"jsonrpc": "2.0", "method": "subscription", "params": {"channel": "book.BTC-6FEB26.none.20.100ms", "data": {"timestamp": 1769996514152, "change_id": 137957331515, "instrument_name": "BTC-6FEB26", "bids": [[77652.5, 3100.0], [77645.0, 480.0], [77642.5, 1600.0], [77640.0, 510.0], [77637.5, 1600.0], [77635.0, 1340.0], [77632.5, 4500.0], [77615.0, 480.0], [77612.5, 1600.0], [77610.0, 900.0], [77607.5, 3000.0], [77605.0, 10.0], [77587.5, 4790.0], [77585.0, 16060.0], [77475.0, 660.0], [77472.5, 2200.0], [77465.0, 1100.0], [77462.5, 3690.0], [77430.0, 50.0], [77427.5, 2630.0]], "asks": [[77657.5, 4500.0], [77660.0, 2560.0], [77662.5, 1600.0], [77665.0, 1600.0], [77670.0, 450.0], [77672.5, 1500.0], [77682.5, 30.0], [77695.0, 13470.0], [77697.5, 45130.0], [77737.5, 1340.0], [77740.0, 4500.0], [77742.5, 4880.0], [77745.0, 16340.0], [77870.0, 50000.0], [77882.5, 500.0], [77992.5, 50000.0], [78065.0, 210.0], [78112.5, 8800.0], [78117.5, 100000.0], [78180.0, 50000.0]]}}}
{"jsonrpc": "2.0", "method": "subscription", "params": {"channel": "book.BTC-13FEB26.none.20.100ms", "data": {"timestamp": 1769996514684, "change_id": 137957332365, "instrument_name": "BTC-13FEB26", "bids": [[77740.0, 480.0], [77737.5, 1500.0], [77727.5, 1350.0], [77725.0, 4510.0], [77690.0, 4670.0], [77687.5, 15660.0], [77535.0, 50.0], [77532.5, 2630.0], [77530.0, 11000.0], [77527.5, 13340.0], [77525.0, 43030.0], [77515.0, 50.0], [77512.5, 50000.0], [77490.0, 3900.0], [77382.5, 160.0], [77377.5, 50000.0], [77300.0, 160.0], [77297.5, 35230.0], [77295.0, 50000.0], [77165.0, 4910.0]], "asks": [[77757.5, 1800.0], [77780.0, 30.0], [77802.5, 13470.0], [77805.0, 45130.0], [77815.0, 1340.0], [77817.5, 4500.0], [77847.5, 4710.0], [77850.0, 15780.0], [77900.0, 20.0], [77912.5, 50.0], [77917.5, 20.0], [77945.0, 30.0], [77960.0, 14930.0], [77962.5, 50000.0], [77967.5, 500.0], [77980.0, 60.0], [77995.0, 40.0], [78000.0, 1030.0], [78090.0, 50.0], [78095.0, 160.0]]}}}
{"jsonrpc": "2.0", "method": "subscription", "params": {"channel": "book.BTC-6FEB26.none.20.100ms", "data": {"timestamp": 1769996514735, "change_id": 137957332452, "instrument_name": "BTC-6FEB26", "bids": [[77652.5, 3100.0], [77645.0, 480.0], [77642.5, 1600.0], [77640.0, 920.0], [77637.5, 1600.0], [77635.0, 2940.0], [77632.5, 4500.0], [77615.0, 480.0], [77612.5, 1600.0], [77610.0, 900.0], [77607.5, 3010.0], [77587.5, 4790.0], [77585.0, 16060.0], [77475.0, 660.0], [77472.5, 2200.0], [77465.0, 1100.0], [77462.5, 3690.0], [77430.0, 50.0], [77427.5, 2630.0], [77425.0, 44020.0]], "asks": [[77657.5, 1600.0], [77660.0, 4500.0], [77682.5, 30.0], [77695.0, 13470.0], [77697.5, 45130.0], [77737.5, 1340.0], [77740.0, 4500.0], [77742.5, 4880.0], [77745.0, 16340.0], [77870.0, 50000.0], [77882.5, 500.0], [77992.5, 50000.0], [78065.0, 210.0], [78112.5, 8800.0], [78117.5, 100010.0], [78180.0, 50000.0], [78460.0, 35220.0], [78522.5, 19590.0], [78547.5, 2200.0], [78550.0, 640.0]]}}}
{"jsonrpc": "2.0", "method": "subscription", "params": {"channel": "book.BTC-13FEB26.none.20.100ms", "data": {"timestamp": 1769996515076, "change_id": 137957333777, "instrument_name": "BTC-13FEB26", "bids": [[77740.0, 30.0], [77737.5, 1500.0], [77727.5, 1350.0], [77725.0, 4510.0], [77690.0, 4670.0], [77687.5, 15660.0], [77535.0, 50.0], [77532.5, 2630.0], [77530.0, 11000.0], [77527.5, 13340.0], [77525.0, 43030.0], [77515.0, 50.0], [77512.5, 50000.0], [77490.0, 3900.0], [77382.5, 160.0], [77377.5, 50000.0], [77300.0, 160.0], [77297.5, 35230.0], [77295.0, 50000.0], [77165.0, 4910.0]], "asks": [[77750.0, 2340.0], [77752.5, 1800.0], [77780.0, 30.0], [77802.5, 13470.0], [77805.0, 45130.0], [77815.0, 1340.0], [77817.5, 4500.0], [77847.5, 4710.0], [77850.0, 15780.0], [77900.0, 20.0], [77912.5, 50.0], [77917.5, 20.0], [77945.0, 30.0], [77962.5, 50000.0], [77967.5, 500.0], [77980.0, 60.0], [77995.0, 40.0], [78000.0, 1030.0], [78090.0, 50.0], [78095.0, 160.0]]}}}
{"jsonrpc": "2.0", "method": "subscription", "params": {"channel": "book.BTC-6FEB26.none.20.100ms", "data": {"timestamp": 1769996515069, "change_id": 137957333857, "instrument_name": "BTC-6FEB26", "bids": [[77650.0, 30.0], [77645.0, 480.0], [77642.5, 1600.0], [77640.0, 890.0], [77637.5, 1600.0], [77635.0, 2940.0], [77632.5, 4500.0], [77615.0, 480.0], [77612.5, 1600.0], [77610.0, 900.0], [77607.5, 3000.0], [77600.0, 10.0], [77587.5, 4790.0], [77585.0, 16060.0], [77475.0, 660.0], [77472.5, 2200.0], [77465.0, 1100.0], [77462.5, 3690.0], [77430.0, 50.0], [77427.5, 2630.0]], "asks": [[77655.0, 6560.0], [77657.5, 6100.0], [77685.0, 30.0], [77695.0, 13470.0], [77697.5, 45130.0], [77737.5, 1340.0], [77740.0, 4500.0], [77742.5, 4880.0], [77745.0, 16340.0], [77870.0, 50000.0], [77882.5, 500.0], [77992.5, 50000.0], [78065.0, 210.0], [78112.5, 8800.0], [78117.5, 100010.0], [78180.0, 50000.0], [78460.0, 35220.0], [78522.5, 19590.0], [78547.5, 2200.0], [78550.0, 640.0]]}}}
{"jsonrpc": "2.0", "method": "subscription", "params": {"channel": "book.BTC-13FEB26.none.20.100ms", "data": {"timestamp": 1769996515099, "change_id": 137957334116, "instrument_name": "BTC-13FEB26", "bids": [[77740.0, 30.0], [77737.5, 1500.0], [77727.5, 1350.0], [77725.0, 4510.0], [77690.0, 4670.0], [77687.5, 15660.0], [77535.0, 50.0], [77532.5, 2630.0], [77530.0, 11000.0], [77527.5, 13340.0], [77525.0, 43030.0], [77515.0, 50.0], [77512.5, 50000.0], [77490.0, 3900.0], [77382.5, 160.0], [77377.5, 50000.0], [77300.0, 160.0], [77297.5, 35230.0], [77295.0, 50000.0], [77165.0, 4910.0]], "asks": [[77747.5, 2340.0], [77750.0, 3080.0], [77752.5, 4510.0], [77755.0, 450.0], [77757.5, 1500.0], [77780.0, 30.0], [77802.5, 13470.0], [77805.0, 45130.0], [77815.0, 1340.0], [77817.5, 4500.0], [77847.5, 4710.0], [77850.0, 15780.0], [77900.0, 20.0], [77912.5, 50.0], [77917.5, 20.0], [77945.0, 30.0], [77962.5, 50000.0], [77967.5, 500.0], [77980.0, 60.0], [77995.0, 40.0]]}}}
{"jsonrpc": "2.0", "method": "subscription", "params": {"channel": "book.BTC-6FEB26.none.20.100ms", "data": {"timestamp": 1769996515311, "change_id": 137957334103, "instrument_name": "BTC-6FEB26", "bids": [[77650.0, 1530.0], [77645.0, 480.0], [77642.5, 1600.0], [77640.0, 890.0], [77637.5, 1600.0], [77635.0, 2940.0], [77632.5, 4500.0], [77615.0, 480.0], [77612.5, 1600.0], [77610.0, 900.0], [77607.5, 3000.0], [77602.5, 10.0], [77587.5, 4790.0], [77585.0, 16060.0], [77475.0, 660.0], [77472.5, 2200.0], [77465.0, 1100.0], [77462.5, 3690.0], [77430.0, 50.0], [77427.5, 2630.0]], "asks": [[77655.0, 8380.0], [77657.5, 6100.0], [77667.5, 450.0], [77670.0, 1500.0], [77685.0, 30.0], [77695.0, 13470.0], [77697.5, 45130.0], [77737.5, 1340.0], [77740.0, 4500.0], [77742.5, 4880.0], [77745.0, 16340.0], [77870.0, 50000.0], [77882.5, 500.0], [77992.5, 50000.0], [78065.0, 210.0], [78112.5, 8800.0], [78117.5, 100010.0], [78180.0, 50000.0], [78460.0, 35220.0], [78522.5, 19590.0]]}}}
{"jsonrpc": "2.0", "method": "subscription", "params": {"channel": "book.BTC-6FEB26.none.20.100ms", "data": {"timestamp": 1769996515698, "change_id": 137957334862, "instrument_name": "BTC-6FEB26", "bids": [[77650.0, 3100.0], [77645.0, 890.0], [77642.5, 1600.0], [77640.0, 2490.0], [77637.5, 1630.0], [77635.0, 2940.0], [77632.5, 4500.0], [77615.0, 480.0], [77612.5, 1600.0], [77610.0, 900.0], [77607.5, 3000.0], [77602.5, 10.0], [77587.5, 4790.0], [77585.0, 16060.0], [77475.0, 660.0], [77472.5, 2200.0], [77465.0, 1100.0], [77462.5, 3690.0], [77430.0, 50.0], [77427.5, 2630.0]], "asks": [[77655.0, 6300.0], [77657.5, 4500.0], [77667.5, 450.0], [77670.0, 1500.0], [77685.0, 30.0], [77695.0, 13470.0], [77697.5, 45130.0], [77737.5, 1340.0], [77740.0, 4500.0], [77742.5, 4880.0], [77745.0, 16340.0], [77870.0, 50000.0], [77882.5, 500.0], [77992.5, 50000.0], [78065.0, 370.0], [78112.5, 8800.0], [78117.5, 100010.0], [78180.0, 50000.0], [78460.0, 35220.0], [78522.5, 19590.0]]}}}
{"jsonrpc": "2.0", "method": "subscription", "params": {"channel": "book.BTC-13FEB26.none.20.100ms", "data": {"timestamp": 1769996515861, "change_id": 137957335192, "instrument_name": "BTC-13FEB26", "bids": [[77740.0, 30.0], [77737.5, 1500.0], [77727.5, 1350.0], [77725.0, 4510.0], [77690.0, 4670.0], [77687.5, 15660.0], [77535.0, 50.0], [77532.5, 2630.0], [77530.0, 11000.0], [77527.5, 13340.0], [77525.0, 43030.0], [77515.0, 50.0], [77512.5, 50000.0], [77490.0, 3900.0], [77382.5, 160.0], [77377.5, 50000.0], [77300.0, 160.0], [77297.5, 35230.0], [77295.0, 50000.0], [77165.0, 4910.0]], "asks": [[77747.5, 1800.0], [77750.0, 3080.0], [77752.5, 4510.0], [77755.0, 450.0], [77757.5, 1500.0], [77780.0, 30.0], [77802.5, 13470.0], [77805.0, 45130.0], [77815.0, 1340.0], [77817.5, 4500.0], [77847.5, 4710.0], [77850.0, 15780.0], [77900.0, 20.0], [77912.5, 50.0], [77917.5, 20.0], [77945.0, 30.0], [77962.5, 50000.0], [77967.5, 500.0], [77980.0, 60.0], [77995.0, 40.0]]}}}
{"jsonrpc": "2.0", "method": "subscription", "params": {"channel": "book.BTC-6FEB26.none.20.100ms", "data": {"timestamp": 1769996515857, "change_id": 137957335189, "instrument_name": "BTC-6FEB26", "bids": [[77650.0, 3100.0], [77645.0, 890.0], [77642.5, 1600.0], [77640.0, 2490.0], [77637.5, 1630.0], [77635.0, 2940.0], [77632.5, 4500.0], [77615.0, 480.0], [77612.5, 1600.0], [77610.0, 900.0], [77607.5, 3000.0], [77605.0, 10.0], [77587.5, 4790.0], [77585.0, 16060.0], [77475.0, 660.0], [77472.5, 2200.0], [77465.0, 1100.0], [77462.5, 3690.0], [77430.0, 50.0], [77427.5, 2630.0]], "asks": [[77655.0, 4960.0], [77657.5, 4500.0], [77667.5, 450.0], [77670.0, 1500.0], [77685.0, 30.0], [77695.0, 13470.0], [77697.5, 45130.0], [77737.5, 1340.0], [77740.0, 4500.0], [77742.5, 4880.0], [77745.0, 16340.0], [77870.0, 50000.0], [77882.5, 500.0], [77992.5, 50000.0], [78065.0, 370.0], [78112.5, 8800.0], [78117.5, 100010.0], [78180.0, 50000.0], [78460.0, 35220.0], [78522.5, 19590.0]]}}}
{"jsonrpc": "2.0", "method": "subscription", "params": {"channel": "book.BTC-6FEB26.none.20.100ms", "data": {"timestamp": 1769996516266, "change_id": 137957335723, "instrument_name": "BTC-6FEB26", "bids": [[77650.0, 3100.0], [77645.0, 890.0], [77642.5, 1600.0], [77640.0, 2490.0], [77637.5, 1630.0], [77635.0, 2940.0], [77632.5, 4500.0], [77615.0, 480.0], [77612.5, 1600.0], [77610.0, 900.0], [77607.5, 3000.0], [77602.5, 10.0], [77587.5, 4790.0], [77585.0, 16060.0], [77475.0, 660.0], [77472.5, 2200.0], [77465.0, 1100.0], [77462.5, 3690.0], [77430.0, 50.0], [77427.5, 2630.0]], "asks": [[77655.0, 6300.0], [77657.5, 4500.0], [77667.5, 450.0], [77670.0, 1500.0], [77685.0, 30.0], [77695.0, 13470.0], [77697.5, 45130.0], [77737.5, 1340.0], [77740.0, 4500.0], [77742.5, 4880.0], [77745.0, 16340.0], [77870.0, 50000.0], [77882.5, 500.0], [77992.5, 50000.0], [78065.0, 410.0], [78112.5, 8800.0], [78117.5, 100010.0], [78180.0, 50000.0], [78460.0, 35220.0], [78522.5, 19590.0]]}}}
{"jsonrpc": "2.0", "method": "subscription", "params": {"channel": "book.BTC-13FEB26.none.20.100ms", "data": {"timestamp": 1769996516725, "change_id": 137957336516, "instrument_name": "BTC-13FEB26", "bids": [[77742.5, 1500.0], [77740.0, 30.0], [77727.5, 1350.0], [77725.0, 4510.0], [77690.0, 4670.0], [77687.5, 15660.0], [77535.0, 50.0], [77532.5, 2630.0], [77530.0, 11000.0], [77527.5, 13340.0], [77525.0, 43030.0], [77515.0, 50.0], [77512.5, 50000.0], [77490.0, 3900.0], [77382.5, 160.0], [77377.5, 50000.0], [77300.0, 160.0], [77297.5, 35230.0], [77295.0, 50000.0], [77165.0, 4910.0]], "asks": [[77750.0, 1800.0], [77752.5, 4510.0], [77755.0, 1800.0], [77780.0, 30.0], [77802.5, 13470.0], [77805.0, 45130.0], [77815.0, 1340.0], [77817.5, 4500.0], [77847.5, 4710.0], [77850.0, 15780.0], [77900.0, 20.0], [77912.5, 50.0], [77917.5, 20.0], [77945.0, 30.0], [77962.5, 50000.0], [77967.5, 500.0], [77980.0, 60.0], [77995.0, 40.0], [78000.0, 1030.0], [78090.0, 50.0]]}}}
{"jsonrpc": "2.0", "method": "subscription", "params": {"channel": "book.BTC-6FEB26.none.20.100ms", "data": {"timestamp": 1769996516649, "change_id": 137957336354, "instrument_name": "BTC-6FEB26", "bids": [[77650.0, 3100.0], [77647.5, 30.0], [77645.0, 890.0], [77642.5, 1600.0], [77640.0, 2490.0], [77637.5, 1600.0], [77635.0, 2940.0], [77632.5, 4500.0], [77615.0, 480.0], [77612.5, 1600.0], [77610.0, 900.0], [77607.5, 3000.0], [77605.0, 10.0], [77587.5, 4790.0], [77585.0, 16060.0], [77475.0, 660.0], [77472.5, 2200.0], [77465.0, 1100.0], [77462.5, 3690.0], [77430.0, 50.0]], "asks": [[77655.0, 4960.0], [77657.5, 4500.0], [77675.0, 930.0], [77677.5, 1600.0], [77680.0, 1500.0], [77685.0, 30.0], [77695.0, 13470.0], [77697.5, 45130.0], [77737.5, 1340.0], [77740.0, 4500.0], [77742.5, 4880.0], [77745.0, 16340.0], [77870.0, 50000.0], [77882.5, 500.0], [77992.5, 50000.0], [78065.0, 410.0], [78112.5, 8800.0], [78117.5, 100010.0], [78180.0, 50000.0], [78460.0, 35220.0]]}}}
{"jsonrpc": "2.0", "method": "subscription", "params": {"channel": "book.BTC-13FEB26.none.20.100ms", "data": {"timestamp": 1769996517008, "change_id": 137957337089, "instrument_name": "BTC-13FEB26", "bids": [[77742.5, 1500.0], [77740.0, 30.0], [77727.5, 1350.0], [77725.0, 4510.0], [77690.0, 4670.0], [77687.5, 15660.0], [77535.0, 50.0], [77532.5, 2630.0], [77530.0, 11000.0], [77527.5, 13340.0], [77525.0, 43030.0], [77515.0, 50.0], [77512.5, 50000.0], [77490.0, 3900.0], [77382.5, 160.0], [77377.5, 50000.0], [77300.0, 160.0], [77297.5, 35230.0], [77295.0, 50000.0], [77165.0, 4910.0]], "asks": [[77750.0, 1800.0], [77752.5, 4510.0], [77755.0, 1800.0], [77757.5, 450.0], [77760.0, 1500.0], [77780.0, 30.0], [77802.5, 13470.0], [77805.0, 45130.0], [77815.0, 1340.0], [77817.5, 4500.0], [77847.5, 4710.0], [77850.0, 15780.0], [77900.0, 20.0], [77912.5, 50.0], [77917.5, 20.0], [77945.0, 30.0], [77962.5, 50000.0], [77967.5, 500.0], [77980.0, 60.0], [77995.0, 40.0]]}}}
{"jsonrpc": "2.0", "method": "subscription", "params": {"channel": "book.BTC-6FEB26.none.20.100ms", "data": {"timestamp": 1769996516935, "change_id": 137957336926, "instrument_name": "BTC-6FEB26", "bids": [[77650.0, 3100.0], [77647.5, 30.0], [77645.0, 890.0], [77642.5, 1600.0], [77640.0, 2490.0], [77637.5, 1600.0], [77635.0, 2940.0], [77632.5, 4500.0], [77615.0, 480.0], [77612.5, 1600.0], [77610.0, 900.0], [77607.5, 3000.0], [77605.0, 10.0], [77587.5, 4790.0], [77585.0, 16060.0], [77475.0, 660.0], [77472.5, 2200.0], [77465.0, 1100.0], [77462.5, 3690.0], [77430.0, 50.0]], "asks": [[77655.0, 4960.0], [77657.5, 4500.0], [77672.5, 450.0], [77675.0, 1980.0], [77677.5, 1600.0], [77685.0, 30.0], [77695.0, 13470.0], [77697.5, 45130.0], [77737.5, 1340.0], [77740.0, 4500.0], [77742.5, 4880.0], [77745.0, 16340.0], [77870.0, 50000.0], [77882.5, 500.0], [77990.0, 10.0], [77992.5, 50000.0], [78065.0, 410.0], [78112.5, 8800.0], [78117.5, 100010.0], [78180.0, 50000.0]]}}}
{"jsonrpc": "2.0", "method": "subscription", "params": {"channel": "book.BTC-13FEB26.none.20.100ms", "data": {"timestamp": 1769996517256, "change_id": 137957337506, "instrument_name": "BTC-13FEB26", "bids": [[77742.5, 1500.0], [77740.0, 30.0], [77727.5, 1350.0], [77725.0, 4510.0], [77690.0, 4670.0], [77687.5, 15660.0], [77535.0, 50.0], [77532.5, 2630.0], [77530.0, 11000.0], [77527.5, 13340.0], [77525.0, 43030.0], [77515.0, 50.0], [77512.5, 50000.0], [77490.0, 3900.0], [77382.5, 160.0], [77377.5, 50000.0], [77300.0, 160.0], [77297.5, 35230.0], [77295.0, 50000.0], [77165.0, 4910.0]], "asks": [[77750.0, 1800.0], [77752.5, 4510.0], [77755.0, 1800.0], [77780.0, 30.0], [77802.5, 13470.0], [77805.0, 45130.0], [77815.0, 1340.0], [77817.5, 4500.0], [77847.5, 4710.0], [77850.0, 15780.0], [77900.0, 20.0], [77912.5, 50.0], [77917.5, 20.0], [77945.0, 30.0], [77962.5, 50000.0], [77967.5, 500.0], [77980.0, 60.0], [77995.0, 40.0], [78000.0, 1030.0], [78090.0, 50.0]]}}}
{"jsonrpc": "2.0", "method": "subscription", "params": {"channel": "book.BTC-6FEB26.none.20.100ms", "data": {"timestamp": 1769996517127, "change_id": 137957337307, "instrument_name": "BTC-6FEB26", "bids": [[77650.0, 3100.0], [77647.5, 30.0], [77645.0, 890.0], [77642.5, 1600.0], [77640.0, 2490.0], [77637.5, 1600.0], [77635.0, 2940.0], [77632.5, 4500.0], [77615.0, 480.0], [77612.5, 1600.0], [77610.0, 900.0], [77607.5, 3000.0], [77605.0, 10.0], [77587.5, 4790.0], [77585.0, 16060.0], [77475.0, 660.0], [77472.5, 2200.0], [77465.0, 1100.0], [77462.5, 3690.0], [77430.0, 50.0]], "asks": [[77655.0, 4960.0], [77657.5, 4500.0], [77672.5, 450.0], [77675.0, 1980.0], [77677.5, 1600.0], [77685.0, 30.0], [77695.0, 13470.0], [77697.5, 45130.0], [77737.5, 1340.0], [77740.0, 4500.0], [77742.5, 4880.0], [77745.0, 16340.0], [77870.0, 50000.0], [77882.5, 500.0], [77990.0, 10.0], [77992.5, 50000.0], [78065.0, 410.0], [78112.5, 8800.0], [78117.5, 100010.0], [78180.0, 50000.0]]}}}
{"jsonrpc": "2.0", "method": "subscription", "params": {"channel": "book.BTC-13FEB26.none.20.100ms", "data": {"timestamp": 1769996517438, "change_id": 137957337878, "instrument_name": "BTC-13FEB26", "bids": [[77742.5, 1500.0], [77740.0, 30.0], [77727.5, 1350.0], [77725.0, 4510.0], [77690.0, 4670.0], [77687.5, 15660.0], [77535.0, 50.0], [77532.5, 2630.0], [77530.0, 11000.0], [77527.5, 13340.0], [77525.0, 43030.0], [77515.0, 50.0], [77512.5, 50000.0], [77490.0, 3900.0], [77382.5, 160.0], [77377.5, 50000.0], [77300.0, 160.0], [77297.5, 35230.0], [77295.0, 50000.0], [77165.0, 4910.0]], "asks": [[77750.0, 1800.0], [77752.5, 4510.0], [77762.5, 540.0], [77765.0, 2250.0], [77767.5, 1500.0], [77780.0, 30.0], [77802.5, 13470.0], [77805.0, 45130.0], [77815.0, 1340.0], [77817.5, 4500.0], [77847.5, 4710.0], [77850.0, 15780.0], [77900.0, 20.0], [77912.5, 50.0], [77917.5, 20.0], [77945.0, 30.0], [77962.5, 50000.0], [77967.5, 500.0], [77980.0, 60.0], [77995.0, 40.0]]}}}
{"jsonrpc": "2.0", "method": "subscription", "params": {"channel": "book.BTC-6FEB26.none.20.100ms", "data": {"timestamp": 1769996517573, "change_id": 137957338078, "instrument_name": "BTC-6FEB26", "bids": [[77650.0, 3590.0], [77647.5, 1630.0], [77645.0, 480.0], [77642.5, 1600.0], [77640.0, 890.0], [77637.5, 1600.0], [77635.0, 2940.0], [77632.5, 4500.0], [77615.0, 480.0], [77612.5, 1600.0], [77610.0, 900.0], [77607.5, 3000.0], [77605.0, 10.0], [77587.5, 4790.0], [77585.0, 16060.0], [77475.0, 660.0], [77472.5, 2200.0], [77465.0, 1100.0], [77462.5, 3690.0], [77430.0, 50.0]], "asks": [[77655.0, 4960.0], [77657.5, 4500.0], [77670.0, 930.0], [77672.5, 1600.0], [77675.0, 1500.0], [77685.0, 30.0], [77695.0, 13470.0], [77697.5, 45130.0], [77737.5, 1340.0], [77740.0, 4500.0], [77742.5, 4880.0], [77745.0, 16340.0], [77870.0, 50000.0], [77882.5, 500.0], [77990.0, 10.0], [77992.5, 50000.0], [78065.0, 410.0], [78112.5, 8800.0], [78117.5, 100010.0], [78180.0, 50000.0]]}}}
{"jsonrpc": "2.0", "method": "subscription", "params": {"channel": "book.BTC-13FEB26.none.20.100ms", "data": {"timestamp": 1769996518044, "change_id": 137957339150, "instrument_name": "BTC-13FEB26", "bids": [[77747.5, 1500.0], [77740.0, 30.0], [77735.0, 1350.0], [77732.5, 4510.0], [77690.0, 4670.0], [77687.5, 15660.0], [77535.0, 50.0], [77532.5, 2630.0], [77530.0, 11000.0], [77527.5, 13340.0], [77525.0, 43030.0], [77515.0, 50.0], [77512.5, 50000.0], [77490.0, 3900.0], [77382.5, 160.0], [77377.5, 50000.0], [77300.0, 160.0], [77297.5, 35230.0], [77295.0, 50000.0], [77165.0, 4910.0]], "asks": [[77760.0, 6310.0], [77762.5, 540.0], [77765.0, 1800.0], [77780.0, 30.0], [77802.5, 13470.0], [77805.0, 45130.0], [77815.0, 1340.0], [77817.5, 4500.0], [77847.5, 4710.0], [77850.0, 15780.0], [77900.0, 20.0], [77912.5, 50.0], [77917.5, 20.0], [77945.0, 30.0], [77962.5, 50000.0], [77967.5, 500.0], [77980.0, 60.0], [77995.0, 40.0], [78000.0, 1030.0], [78090.0, 50.0]]}}}
{"jsonrpc": "2.0", "method": "subscription", "params": {"channel": "book.BTC-6FEB26.none.20.100ms", "data": {"timestamp": 1769996518028, "change_id": 137957339086, "instrument_name": "BTC-6FEB26", "bids": [[77650.0, 3590.0], [77647.5, 1630.0], [77645.0, 1760.0], [77642.5, 1600.0], [77640.0, 5390.0], [77637.5, 1600.0], [77635.0, 1600.0], [77615.0, 480.0], [77612.5, 1600.0], [77610.0, 900.0], [77607.5, 3000.0], [77605.0, 10.0], [77587.5, 4790.0], [77585.0, 16060.0], [77475.0, 660.0], [77472.5, 2200.0], [77465.0, 1100.0], [77462.5, 3690.0], [77430.0, 50.0], [77427.5, 2630.0]], "asks": [[77655.0, 4960.0], [77665.0, 4500.0], [77670.0, 480.0], [77672.5, 1600.0], [77680.0, 450.0], [77682.5, 1500.0], [77695.0, 13470.0], [77697.5, 45160.0], [77737.5, 1340.0], [77740.0, 4500.0], [77742.5, 4880.0], [77745.0, 16340.0], [77870.0, 50000.0], [77882.5, 500.0], [77990.0, 10.0], [77992.5, 50000.0], [78065.0, 410.0], [78112.5, 8800.0], [78117.5, 100010.0], [78180.0, 50000.0]]}}}
{"jsonrpc": "2.0", "method": "subscription", "params": {"channel": "book.BTC-13FEB26.none.20.100ms", "data": {"timestamp": 1769996518397, "change_id": 137957340128, "instrument_name": "BTC-13FEB26", "bids": [[77740.0, 30.0], [77735.0, 1350.0], [77732.5, 4510.0], [77690.0, 4670.0], [77687.5, 15660.0], [77535.0, 50.0], [77532.5, 2630.0], [77530.0, 11000.0], [77527.5, 13340.0], [77525.0, 43030.0], [77515.0, 50.0], [77512.5, 50000.0], [77490.0, 3900.0], [77382.5, 160.0], [77377.5, 50000.0], [77300.0, 160.0], [77297.5, 35230.0], [77295.0, 50000.0], [77167.5, 4910.0], [76977.5, 140900.0]], "asks": [[77757.5, 3680.0], [77760.0, 6310.0], [77762.5, 540.0], [77765.0, 1800.0], [77780.0, 30.0], [77802.5, 13470.0], [77805.0, 45130.0], [77815.0, 1340.0], [77817.5, 4500.0], [77847.5, 4710.0], [77850.0, 15780.0], [77900.0, 20.0], [77912.5, 50.0], [77917.5, 20.0], [77945.0, 30.0], [77962.5, 50000.0], [77967.5, 500.0], [77980.0, 60.0], [77995.0, 40.0], [78000.0, 1030.0]]}}}
{"jsonrpc": "2.0", "method": "subscription", "params": {"channel": "book.BTC-6FEB26.none.20.100ms", "data": {"timestamp": 1769996518180, "change_id": 137957340092, "instrument_name": "BTC-6FEB26", "bids": [[77650.0, 3590.0], [77647.5, 1630.0], [77645.0, 1760.0], [77642.5, 1600.0], [77640.0, 5390.0], [77637.5, 1600.0], [77635.0, 1600.0], [77615.0, 480.0], [77612.5, 1600.0], [77610.0, 900.0], [77607.5, 3000.0], [77605.0, 10.0], [77587.5, 4790.0], [77585.0, 16060.0], [77475.0, 660.0], [77472.5, 2200.0], [77465.0, 1100.0], [77462.5, 3690.0], [77430.0, 50.0], [77427.5, 2630.0]], "asks": [[77655.0, 4960.0], [77662.5, 1340.0], [77665.0, 4500.0], [77670.0, 480.0], [77672.5, 1600.0], [77680.0, 450.0], [77682.5, 1500.0], [77687.5, 30.0], [77695.0, 13470.0], [77697.5, 45130.0], [77737.5, 1340.0], [77740.0, 4500.0], [77742.5, 4880.0], [77745.0, 16340.0], [77870.0, 50000.0], [77882.5, 500.0], [77990.0, 10.0], [77992.5, 50000.0], [78065.0, 410.0], [78112.5, 8800.0]]}}}
{"jsonrpc": "2.0", "method": "subscription", "params": {"channel": "book.BTC-13FEB26.none.20.100ms", "data": {"timestamp": 1769996518448, "change_id": 137957340718, "instrument_name": "BTC-13FEB26", "bids": [[77740.0, 30.0], [77727.5, 1350.0], [77725.0, 4510.0], [77690.0, 4670.0], [77687.5, 15660.0], [77535.0, 50.0], [77532.5, 2630.0], [77530.0, 11000.0], [77527.5, 13340.0], [77525.0, 43030.0], [77515.0, 50.0], [77512.5, 50000.0], [77490.0, 3900.0], [77382.5, 160.0], [77377.5, 50000.0], [77300.0, 160.0], [77297.5, 35230.0], [77295.0, 50000.0], [77167.5, 4910.0], [76977.5, 140900.0]], "asks": [[77750.0, 2280.0], [77752.5, 6310.0], [77755.0, 2340.0], [77757.5, 1800.0], [77780.0, 30.0], [77802.5, 13470.0], [77805.0, 45130.0], [77815.0, 1340.0], [77817.5, 4500.0], [77847.5, 4710.0], [77850.0, 15780.0], [77900.0, 20.0], [77912.5, 50.0], [77917.5, 20.0], [77945.0, 30.0], [77962.5, 50000.0], [77967.5, 500.0], [77980.0, 60.0], [77995.0, 40.0], [78000.0, 1030.0]]}}}
{"jsonrpc": "2.0", "method": "subscription", "params": {"channel": "book.BTC-6FEB26.none.20.100ms", "data": {"timestamp": 1769996518716, "change_id": 137957340704, "instrument_name": "BTC-6FEB26", "bids": [[77650.0, 1990.0], [77647.5, 1630.0], [77645.0, 1760.0], [77642.5, 1600.0], [77640.0, 5390.0], [77615.0, 480.0], [77612.5, 1600.0], [77610.0, 900.0], [77607.5, 3000.0], [77602.5, 10.0], [77587.5, 4790.0], [77585.0, 16060.0], [77475.0, 660.0], [77472.5, 2200.0], [77465.0, 1100.0], [77462.5, 3690.0], [77430.0, 50.0], [77427.5, 2630.0], [77425.0, 44020.0], [77422.5, 50010.0]], "asks": [[77655.0, 8380.0], [77657.5, 4500.0], [77660.0, 1600.0], [77670.0, 450.0], [77672.5, 1500.0], [77687.5, 30.0], [77695.0, 13470.0], [77697.5, 45130.0], [77737.5, 1340.0], [77740.0, 4500.0], [77742.5, 4880.0], [77745.0, 16340.0], [77870.0, 50000.0], [77882.5, 500.0], [77990.0, 10.0], [77992.5, 50000.0], [78065.0, 410.0], [78112.5, 8800.0], [78117.5, 100010.0], [78180.0, 50000.0]]}}}
{"jsonrpc": "2.0", "method": "subscription", "params": {"channel": "book.BTC-13FEB26.none.20.100ms", "data": {"timestamp": 1769996518774, "change_id": 137957340898, "instrument_name": "BTC-13FEB26", "bids": [[77740.0, 30.0], [77737.5, 1500.0], [77727.5, 1350.0], [77725.0, 4510.0], [77690.0, 4670.0], [77687.5, 15660.0], [77535.0, 50.0], [77532.5, 2630.0], [77530.0, 11000.0], [77527.5, 13340.0], [77525.0, 43030.0], [77515.0, 50.0], [77512.5, 50000.0], [77490.0, 3900.0], [77382.5, 160.0], [77377.5, 50000.0], [77300.0, 160.0], [77297.5, 35230.0], [77295.0, 50000.0], [77167.5, 4910.0]], "asks": [[77745.0, 6310.0], [77750.0, 1070.0], [77752.5, 1800.0], [77755.0, 2250.0], [77757.5, 1500.0], [77780.0, 30.0], [77802.5, 13470.0], [77805.0, 45130.0], [77815.0, 1340.0], [77817.5, 4500.0], [77847.5, 4710.0], [77850.0, 15780.0], [77900.0, 20.0], [77912.5, 50.0], [77917.5, 20.0], [77945.0, 30.0], [77962.5, 50000.0], [77967.5, 500.0], [77980.0, 60.0], [77995.0, 40.0]]}}}
{"jsonrpc": "2.0", "method": "subscription", "params": {"channel": "book.BTC-6FEB26.none.20.100ms", "data": {"timestamp": 1769996518746, "change_id": 137957340807, "instrument_name": "BTC-6FEB26", "bids": [[77650.0, 1500.0], [77647.5, 1630.0], [77645.0, 480.0], [77642.5, 1600.0], [77632.5, 1340.0], [77630.0, 4500.0], [77615.0, 480.0], [77612.5, 1600.0], [77610.0, 900.0], [77607.5, 3000.0], [77602.5, 10.0], [77587.5, 4790.0], [77585.0, 16060.0], [77475.0, 660.0], [77472.5, 2200.0], [77465.0, 1100.0], [77462.5, 3690.0], [77430.0, 50.0], [77427.5, 2630.0], [77425.0, 44020.0]], "asks": [[77655.0, 8380.0], [77657.5, 4500.0], [77660.0, 1600.0], [77670.0, 450.0], [77672.5, 1500.0], [77687.5, 30.0], [77695.0, 13470.0], [77697.5, 45130.0], [77737.5, 1340.0], [77740.0, 4500.0], [77742.5, 4880.0], [77745.0, 16340.0], [77870.0, 50000.0], [77882.5, 500.0], [77990.0, 10.0], [77992.5, 50000.0], [78065.0, 410.0], [78112.5, 8800.0], [78117.5, 100010.0], [78180.0, 50000.0]]}}}
{"jsonrpc": "2.0", "method": "subscription", "params": {"channel": "book.BTC-13FEB26.none.20.100ms", "data": {"timestamp": 1769996519246, "change_id": 137957341781, "instrument_name": "BTC-13FEB26", "bids": [[77740.0, 30.0], [77737.5, 1500.0], [77727.5, 1350.0], [77725.0, 4510.0], [77690.0, 4670.0], [77687.5, 15660.0], [77535.0, 50.0], [77532.5, 2630.0], [77530.0, 11000.0], [77527.5, 13340.0], [77525.0, 43030.0], [77515.0, 50.0], [77512.5, 50000.0], [77490.0, 3900.0], [77382.5, 160.0], [77380.0, 35220.0], [77377.5, 50000.0], [77300.0, 160.0], [77297.5, 10.0], [77295.0, 50000.0]], "asks": [[77750.0, 2280.0], [77752.5, 6310.0], [77755.0, 1800.0], [77780.0, 30.0], [77802.5, 13470.0], [77805.0, 45130.0], [77815.0, 1340.0], [77817.5, 4500.0], [77847.5, 4710.0], [77850.0, 15780.0], [77900.0, 20.0], [77912.5, 50.0], [77917.5, 20.0], [77945.0, 30.0], [77962.5, 50000.0], [77967.5, 500.0], [77980.0, 50.0], [77995.0, 50.0], [78000.0, 1030.0], [78090.0, 50.0]]}}}
{"jsonrpc": "2.0", "method": "subscription", "params": {"channel": "book.BTC-6FEB26.none.20.100ms", "data": {"timestamp": 1769996519301, "change_id": 137957341762, "instrument_name": "BTC-6FEB26", "bids": [[77650.0, 1990.0], [77647.5, 1630.0], [77645.0, 480.0], [77642.5, 1600.0], [77632.5, 1340.0], [77630.0, 4500.0], [77615.0, 480.0], [77612.5, 1600.0], [77610.0, 900.0], [77607.5, 3000.0], [77602.5, 10.0], [77587.5, 4790.0], [77585.0, 16060.0], [77475.0, 660.0], [77472.5, 2200.0], [77465.0, 1100.0], [77462.5, 3690.0], [77430.0, 50.0], [77427.5, 2630.0], [77425.0, 44020.0]], "asks": [[77655.0, 6560.0], [77657.5, 4500.0], [77660.0, 1600.0], [77670.0, 450.0], [77672.5, 1500.0], [77687.5, 30.0], [77695.0, 13470.0], [77697.5, 45130.0], [77737.5, 1340.0], [77740.0, 4500.0], [77742.5, 4880.0], [77745.0, 16340.0], [77870.0, 50000.0], [77882.5, 500.0], [77990.0, 10.0], [77992.5, 50000.0], [78065.0, 410.0], [78112.5, 8800.0], [78117.5, 100010.0], [78180.0, 50000.0]]}}}
{"jsonrpc": "2.0", "method": "subscription", "params": {"channel": "book.BTC-13FEB26.none.20.100ms", "data": {"timestamp": 1769996519659, "change_id": 137957342692, "instrument_name": "BTC-13FEB26", "bids": [[77740.0, 480.0], [77737.5, 1500.0], [77735.0, 1350.0], [77732.5, 4510.0], [77690.0, 4670.0], [77687.5, 15660.0], [77535.0, 50.0], [77532.5, 2630.0], [77530.0, 11000.0], [77527.5, 13340.0], [77525.0, 43030.0], [77515.0, 50.0], [77512.5, 50000.0], [77490.0, 3900.0], [77382.5, 160.0], [77380.0, 35220.0], [77377.5, 50000.0], [77300.0, 170.0], [77295.0, 50000.0], [77165.0, 4910.0]], "asks": [[77757.5, 1350.0], [77760.0, 4510.0], [77780.0, 30.0], [77802.5, 13470.0], [77805.0, 45130.0], [77815.0, 1340.0], [77817.5, 4500.0], [77847.5, 4710.0], [77850.0, 15780.0], [77900.0, 20.0], [77912.5, 50.0], [77917.5, 20.0], [77945.0, 30.0], [77960.0, 14930.0], [77962.5, 50000.0], [77967.5, 500.0], [77980.0, 50.0], [77995.0, 50.0], [78000.0, 1030.0], [78090.0, 50.0]]}}}
{"jsonrpc": "2.0", "method": "subscription", "params": {"channel": "book.BTC-6FEB26.none.20.100ms", "data": {"timestamp": 1769996519632, "change_id": 137957342581, "instrument_name": "BTC-6FEB26", "bids": [[77650.0, 4870.0], [77647.5, 1630.0], [77645.0, 5390.0], [77642.5, 1600.0], [77640.0, 1600.0], [77615.0, 480.0], [77612.5, 1600.0], [77610.0, 900.0], [77607.5, 3000.0], [77605.0, 10.0], [77587.5, 4790.0], [77585.0, 16060.0], [77475.0, 660.0], [77472.5, 2200.0], [77465.0, 1100.0], [77462.5, 3690.0], [77430.0, 50.0], [77427.5, 2630.0], [77425.0, 44020.0], [77422.5, 50010.0]], "asks": [[77655.0, 4960.0], [77665.0, 4500.0], [77687.5, 30.0], [77695.0, 13470.0], [77697.5, 45130.0], [77737.5, 1340.0], [77740.0, 4500.0], [77742.5, 4880.0], [77745.0, 16340.0], [77870.0, 50000.0], [77882.5, 500.0], [77990.0, 10.0], [77992.5, 50000.0], [78065.0, 410.0], [78112.5, 8800.0], [78117.5, 100010.0], [78180.0, 50000.0], [78460.0, 35220.0], [78522.5, 19590.0], [78547.5, 2200.0]]}}}
{"jsonrpc": "2.0", "method": "subscription", "params": {"channel": "book.BTC-13FEB26.none.20.100ms", "data": {"timestamp": 1769996519857, "change_id": 137957343222, "instrument_name": "BTC-13FEB26", "bids": [[77755.0, 1500.0], [77740.0, 30.0], [77735.0, 1350.0], [77732.5, 4510.0], [77690.0, 4670.0], [77687.5, 15660.0], [77535.0, 50.0], [77532.5, 2630.0], [77530.0, 11000.0], [77527.5, 13340.0], [77525.0, 43030.0], [77515.0, 50.0], [77512.5, 50000.0], [77490.0, 3900.0], [77382.5, 160.0], [77380.0, 35220.0], [77377.5, 50000.0], [77300.0, 170.0], [77295.0, 50000.0], [77165.0, 4910.0]], "asks": [[77760.0, 4510.0], [77772.5, 450.0], [77775.0, 1500.0], [77780.0, 30.0], [77802.5, 13470.0], [77805.0, 45130.0], [77815.0, 1340.0], [77817.5, 4500.0], [77847.5, 4710.0], [77850.0, 15780.0], [77900.0, 20.0], [77912.5, 50.0], [77917.5, 20.0], [77945.0, 30.0], [77960.0, 14930.0], [77962.5, 50000.0], [77967.5, 500.0], [77980.0, 50.0], [77995.0, 50.0], [78000.0, 1030.0]]}}}
{"jsonrpc": "2.0", "method": "subscription", "params": {"channel": "book.BTC-6FEB26.none.20.100ms", "data": {"timestamp": 1769996519805, "change_id": 137957342941, "instrument_name": "BTC-6FEB26", "bids": [[77650.0, 4870.0], [77647.5, 1630.0], [77645.0, 5390.0], [77642.5, 1600.0], [77640.0, 1600.0], [77615.0, 480.0], [77612.5, 1600.0], [77610.0, 900.0], [77607.5, 3000.0], [77605.0, 10.0], [77587.5, 4790.0], [77585.0, 16060.0], [77475.0, 660.0], [77472.5, 2200.0], [77465.0, 1100.0], [77462.5, 3690.0], [77430.0, 50.0], [77427.5, 2630.0], [77425.0, 44020.0], [77422.5, 50010.0]], "asks": [[77655.0, 4960.0], [77665.0, 4500.0], [77685.0, 460.0], [77687.5, 1530.0], [77695.0, 13470.0], [77697.5, 45130.0], [77737.5, 1340.0], [77740.0, 4500.0], [77742.5, 4880.0], [77745.0, 16340.0], [77870.0, 50000.0], [77882.5, 500.0], [77990.0, 10.0], [77992.5, 50000.0], [78065.0, 410.0], [78112.5, 8800.0], [78117.5, 100010.0], [78180.0, 50000.0], [78460.0, 35220.0], [78522.5, 19590.0]]}}}
{"jsonrpc": "2.0", "method": "subscription", "params": {"channel": "book.BTC-13FEB26.none.20.100ms", "data": {"timestamp": 1769996520365, "change_id": 137957344212, "instrument_name": "BTC-13FEB26", "bids": [[77740.0, 30.0], [77735.0, 1350.0], [77732.5, 4510.0], [77690.0, 4670.0], [77687.5, 15660.0], [77535.0, 50.0], [77532.5, 2630.0], [77530.0, 11000.0], [77527.5, 13340.0], [77525.0, 43030.0], [77515.0, 50.0], [77512.5, 50000.0], [77490.0, 3900.0], [77382.5, 160.0], [77380.0, 35220.0], [77377.5, 50000.0], [77300.0, 170.0], [77295.0, 50000.0], [77165.0, 4910.0], [76977.5, 140900.0]], "asks": [[77750.0, 3680.0], [77752.5, 6310.0], [77772.5, 450.0], [77775.0, 1500.0], [77780.0, 30.0], [77802.5, 13470.0], [77805.0, 45130.0], [77815.0, 1340.0], [77817.5, 4500.0], [77847.5, 4710.0], [77850.0, 15780.0], [77900.0, 20.0], [77912.5, 50.0], [77917.5, 20.0], [77945.0, 30.0], [77960.0, 14930.0], [77962.5, 50000.0], [77967.5, 500.0], [77980.0, 50.0], [77995.0, 50.0]]}}}
{"jsonrpc": "2.0", "method": "subscription", "params": {"channel": "book.BTC-6FEB26.none.20.100ms", "data": {"timestamp": 1769996520354, "change_id": 137957344081, "instrument_name": "BTC-6FEB26", "bids": [[77650.0, 3590.0], [77647.5, 1630.0], [77645.0, 890.0], [77642.5, 1600.0], [77640.0, 2940.0], [77637.5, 4500.0], [77615.0, 480.0], [77612.5, 1600.0], [77610.0, 900.0], [77607.5, 3000.0], [77605.0, 10.0], [77587.5, 4790.0], [77585.0, 16060.0], [77475.0, 660.0], [77472.5, 2200.0], [77465.0, 1100.0], [77462.5, 3690.0], [77430.0, 50.0], [77427.5, 2630.0], [77425.0, 44020.0]], "asks": [[77655.0, 4960.0], [77662.5, 1340.0], [77665.0, 4500.0], [77685.0, 460.0], [77687.5, 1530.0], [77695.0, 13470.0], [77697.5, 45130.0], [77737.5, 1340.0], [77740.0, 4500.0], [77742.5, 4880.0], [77745.0, 16340.0], [77870.0, 50000.0], [77882.5, 500.0], [77990.0, 10.0], [77992.5, 50000.0], [78065.0, 410.0], [78112.5, 8800.0], [78117.5, 100010.0], [78180.0, 50000.0], [78460.0, 35220.0]]}}}
{"jsonrpc": "2.0", "method": "subscription", "params": {"channel": "book.BTC-13FEB26.none.20.100ms", "data": {"timestamp": 1769996520407, "change_id": 137957344312, "instrument_name": "BTC-13FEB26", "bids": [[77740.0, 30.0], [77735.0, 1350.0], [77732.5, 4510.0], [77690.0, 4670.0], [77687.5, 15660.0], [77535.0, 50.0], [77532.5, 2630.0], [77530.0, 11000.0], [77527.5, 13340.0], [77525.0, 43030.0], [77515.0, 50.0], [77512.5, 50000.0], [77490.0, 3900.0], [77382.5, 160.0], [77380.0, 35220.0], [77377.5, 50000.0], [77300.0, 170.0], [77295.0, 50000.0], [77165.0, 4910.0], [76977.5, 140900.0]], "asks": [[77750.0, 3150.0], [77752.5, 4510.0], [77772.5, 450.0], [77775.0, 1500.0], [77780.0, 30.0], [77802.5, 13470.0], [77805.0, 45130.0], [77815.0, 1340.0], [77817.5, 4500.0], [77847.5, 4710.0], [77850.0, 15780.0], [77900.0, 20.0], [77912.5, 50.0], [77917.5, 20.0], [77945.0, 30.0], [77960.0, 14930.0], [77962.5, 50000.0], [77967.5, 500.0], [77980.0, 50.0], [77995.0, 50.0]]}}}
{"jsonrpc": "2.0", "method": "subscription", "params": {"channel": "book.BTC-6FEB26.none.20.100ms", "data": {"timestamp": 1769996520535, "change_id": 137957344554, "instrument_name": "BTC-6FEB26", "bids": [[77650.0, 3590.0], [77647.5, 1630.0], [77645.0, 890.0], [77642.5, 1600.0], [77640.0, 2940.0], [77637.5, 4500.0], [77615.0, 480.0], [77612.5, 1600.0], [77610.0, 900.0], [77607.5, 3000.0], [77605.0, 10.0], [77587.5, 4790.0], [77585.0, 16060.0], [77475.0, 660.0], [77472.5, 2200.0], [77465.0, 1100.0], [77462.5, 3690.0], [77430.0, 50.0], [77427.5, 2630.0], [77425.0, 44020.0]], "asks": [[77655.0, 6560.0], [77657.5, 4500.0], [77685.0, 460.0], [77687.5, 1530.0], [77695.0, 13470.0], [77697.5, 45130.0], [77737.5, 1340.0], [77740.0, 4500.0], [77742.5, 4880.0], [77745.0, 16340.0], [77870.0, 50000.0], [77882.5, 500.0], [77990.0, 10.0], [77992.5, 50000.0], [78065.0, 410.0], [78112.5, 8800.0], [78117.5, 100010.0], [78180.0, 50000.0], [78460.0, 35220.0], [78522.5, 19590.0]]}}}
{"jsonrpc": "2.0", "method": "subscription", "params": {"channel": "book.BTC-13FEB26.none.20.100ms", "data": {"timestamp": 1769996521040, "change_id": 137957346217, "instrument_name": "BTC-13FEB26", "bids": [[77732.5, 1500.0], [77727.5, 30.0], [77717.5, 1350.0], [77715.0, 4510.0], [77690.0, 4670.0], [77687.5, 15660.0], [77535.0, 50.0], [77532.5, 2630.0], [77530.0, 11000.0], [77527.5, 13340.0], [77525.0, 43030.0], [77515.0, 50.0], [77512.5, 50000.0], [77490.0, 3900.0], [77382.5, 160.0], [77380.0, 35220.0], [77377.5, 50000.0], [77300.0, 170.0], [77295.0, 50000.0], [77157.5, 4910.0]], "asks": [[77742.5, 4510.0], [77745.0, 2870.0], [77747.5, 1800.0], [77750.0, 1800.0], [77752.5, 450.0], [77755.0, 1500.0], [77770.0, 30.0], [77802.5, 13470.0], [77805.0, 45130.0], [77815.0, 1340.0], [77817.5, 4500.0], [77847.5, 4710.0], [77850.0, 15780.0], [77900.0, 20.0], [77912.5, 50.0], [77917.5, 20.0], [77945.0, 30.0], [77960.0, 14930.0], [77962.5, 50000.0], [77967.5, 500.0]]}}}
{"jsonrpc": "2.0", "method": "subscription", "params": {"channel": "book.BTC-6FEB26.none.20.100ms", "data": {"timestamp": 1769996520766, "change_id": 137957346206, "instrument_name": "BTC-6FEB26", "bids": [[77650.0, 1500.0], [77647.5, 30.0], [77645.0, 960.0], [77642.5, 1600.0], [77640.0, 1600.0], [77627.5, 1340.0], [77625.0, 4500.0], [77615.0, 480.0], [77612.5, 1600.0], [77610.0, 900.0], [77607.5, 3000.0], [77602.5, 10.0], [77587.5, 4790.0], [77585.0, 16060.0], [77475.0, 660.0], [77472.5, 2200.0], [77465.0, 1100.0], [77462.5, 3690.0], [77430.0, 50.0], [77427.5, 2630.0]], "asks": [[77655.0, 7900.0], [77657.5, 4500.0], [77665.0, 450.0], [77667.5, 1500.0], [77677.5, 30.0], [77695.0, 13470.0], [77697.5, 45130.0], [77737.5, 1340.0], [77740.0, 4500.0], [77742.5, 4880.0], [77745.0, 16340.0], [77870.0, 50000.0], [77882.5, 500.0], [77990.0, 10.0], [77992.5, 50000.0], [78065.0, 410.0], [78112.5, 8800.0], [78117.5, 100010.0], [78180.0, 50000.0], [78460.0, 35220.0]]}}}
{"jsonrpc": "2.0", "method": "subscription", "params": {"channel": "book.BTC-13FEB26.none.20.100ms", "data": {"timestamp": 1769996521202, "change_id": 137957346472, "instrument_name": "BTC-13FEB26", "bids": [[77732.5, 1500.0], [77727.5, 30.0], [77725.0, 1350.0], [77722.5, 4510.0], [77690.0, 4670.0], [77687.5, 15660.0], [77535.0, 50.0], [77532.5, 2630.0], [77530.0, 11000.0], [77527.5, 13340.0], [77525.0, 43030.0], [77515.0, 50.0], [77512.5, 50000.0], [77490.0, 3900.0], [77382.5, 160.0], [77380.0, 35220.0], [77377.5, 50000.0], [77300.0, 170.0], [77295.0, 50000.0], [77157.5, 4910.0]], "asks": [[77742.5, 4510.0], [77745.0, 2870.0], [77747.5, 1800.0], [77750.0, 1800.0], [77752.5, 450.0], [77755.0, 1500.0], [77770.0, 30.0], [77802.5, 13470.0], [77805.0, 45130.0], [77815.0, 1340.0], [77817.5, 4500.0], [77847.5, 4710.0], [77850.0, 15780.0], [77900.0, 20.0], [77912.5, 50.0], [77917.5, 20.0], [77945.0, 30.0], [77960.0, 14930.0], [77962.5, 50000.0], [77967.5, 500.0]]}}}
{"jsonrpc": "2.0", "method": "subscription", "params": {"channel": "book.BTC-6FEB26.none.20.100ms", "data": {"timestamp": 1769996521202, "change_id": 137957346483, "instrument_name": "BTC-6FEB26", "bids": [[77650.0, 1500.0], [77647.5, 30.0], [77645.0, 960.0], [77642.5, 1600.0], [77640.0, 1600.0], [77635.0, 1340.0], [77632.5, 4500.0], [77615.0, 480.0], [77612.5, 1600.0], [77610.0, 900.0], [77607.5, 3000.0], [77602.5, 10.0], [77587.5, 4790.0], [77585.0, 16060.0], [77475.0, 660.0], [77472.5, 2200.0], [77465.0, 1100.0], [77462.5, 3690.0], [77430.0, 50.0], [77427.5, 2630.0]], "asks": [[77655.0, 7900.0], [77657.5, 4500.0], [77665.0, 450.0], [77667.5, 1500.0], [77677.5, 30.0], [77695.0, 13470.0], [77697.5, 45130.0], [77737.5, 1340.0], [77740.0, 4500.0], [77742.5, 4880.0], [77745.0, 16340.0], [77870.0, 50000.0], [77882.5, 500.0], [77990.0, 10.0], [77992.5, 50000.0], [78065.0, 410.0], [78112.5, 8800.0], [78117.5, 100010.0], [78180.0, 50000.0], [78460.0, 35220.0]]}}}
{"jsonrpc": "2.0", "method": "subscription", "params": {"channel": "book.BTC-13FEB26.none.20.100ms", "data": {"timestamp": 1769996521631, "change_id": 137957348484, "instrument_name": "BTC-13FEB26", "bids": [[77712.5, 30.0], [77707.5, 1350.0], [77705.0, 4510.0], [77665.0, 4710.0], [77662.5, 15780.0], [77535.0, 50.0], [77532.5, 2630.0], [77530.0, 11000.0], [77527.5, 13340.0], [77525.0, 43030.0], [77515.0, 50.0], [77512.5, 50000.0], [77490.0, 3900.0], [77382.5, 160.0], [77380.0, 35220.0], [77377.5, 50000.0], [77300.0, 170.0], [77150.0, 4910.0], [76977.5, 140900.0], [76975.0, 100000.0]], "asks": [[77730.0, 1350.0], [77732.5, 4510.0], [77735.0, 1070.0], [77737.5, 1800.0], [77740.0, 2340.0], [77742.5, 1800.0], [77745.0, 540.0], [77750.0, 1830.0], [77752.5, 450.0], [77755.0, 1500.0], [77802.5, 13470.0], [77805.0, 45130.0], [77815.0, 1340.0], [77817.5, 4500.0], [77847.5, 4710.0], [77850.0, 15780.0], [77900.0, 20.0], [77912.5, 50.0], [77917.5, 20.0], [77945.0, 30.0]]}}}
{"jsonrpc": "2.0", "method": "subscription", "params": {"channel": "book.BTC-6FEB26.none.20.100ms", "data": {"timestamp": 1769996521697, "change_id": 137957348481, "instrument_name": "BTC-6FEB26", "bids": [[77620.0, 30.0], [77617.5, 1340.0], [77615.0, 4980.0], [77612.5, 1600.0], [77610.0, 900.0], [77607.5, 3000.0], [77585.0, 10.0], [77560.0, 4850.0], [77557.5, 16250.0], [77475.0, 660.0], [77472.5, 2200.0], [77465.0, 1100.0], [77462.5, 3690.0], [77430.0, 50.0], [77427.5, 12800.0], [77425.0, 44020.0], [77422.5, 50010.0], [77420.0, 43030.0], [77415.0, 50.0], [77400.0, 300000.0]], "asks": [[77632.5, 1340.0], [77635.0, 5460.0], [77637.5, 1600.0], [77640.0, 1600.0], [77650.0, 5360.0], [77652.5, 1600.0], [77665.0, 450.0], [77667.5, 1530.0], [77695.0, 13470.0], [77697.5, 45130.0], [77737.5, 1340.0], [77740.0, 4500.0], [77742.5, 4880.0], [77745.0, 16340.0], [77870.0, 50000.0], [77882.5, 500.0], [77990.0, 10.0], [77992.5, 50000.0], [78065.0, 410.0], [78112.5, 8800.0]]}}}
{"jsonrpc": "2.0", "method": "subscription", "params": {"channel": "book.BTC-13FEB26.none.20.100ms", "data": {"timestamp": 1769996521797, "change_id": 137957349444, "instrument_name": "BTC-13FEB26", "bids": [[77712.5, 30.0], [77707.5, 1350.0], [77705.0, 4510.0], [77665.0, 4710.0], [77662.5, 15780.0], [77535.0, 50.0], [77532.5, 2630.0], [77530.0, 11000.0], [77527.5, 13340.0], [77525.0, 43030.0], [77515.0, 50.0], [77512.5, 50000.0], [77490.0, 3900.0], [77382.5, 160.0], [77380.0, 35220.0], [77377.5, 50000.0], [77300.0, 170.0], [77180.0, 50000.0], [76977.5, 140900.0], [76945.0, 100000.0]], "asks": [[77730.0, 1350.0], [77732.5, 4510.0], [77735.0, 1070.0], [77737.5, 1800.0], [77740.0, 2340.0], [77742.5, 1800.0], [77745.0, 540.0], [77750.0, 1830.0], [77752.5, 450.0], [77755.0, 1500.0], [77802.5, 13470.0], [77805.0, 45130.0], [77815.0, 1340.0], [77817.5, 4500.0], [77847.5, 4710.0], [77850.0, 15780.0], [77900.0, 20.0], [77912.5, 50.0], [77917.5, 20.0], [77945.0, 30.0]]}}}
{"jsonrpc": "2.0", "method": "subscription", "params": {"channel": "book.BTC-6FEB26.none.20.100ms", "data": {"timestamp": 1769996521850, "change_id": 137957349728, "instrument_name": "BTC-6FEB26", "bids": [[77620.0, 30.0], [77617.5, 1340.0], [77615.0, 4980.0], [77612.5, 1600.0], [77610.0, 900.0], [77607.5, 3000.0], [77572.5, 10.0], [77560.0, 4850.0], [77557.5, 16250.0], [77475.0, 660.0], [77472.5, 2200.0], [77465.0, 1100.0], [77462.5, 3690.0], [77430.0, 50.0], [77427.5, 12800.0], [77425.0, 44020.0], [77422.5, 50010.0], [77420.0, 43030.0], [77415.0, 50.0], [77400.0, 300000.0]], "asks": [[77632.5, 6300.0], [77635.0, 5460.0], [77637.5, 1600.0], [77640.0, 1600.0], [77650.0, 480.0], [77652.5, 1600.0], [77665.0, 450.0], [77667.5, 1530.0], [77695.0, 13470.0], [77697.5, 45130.0], [77737.5, 1340.0], [77740.0, 4500.0], [77742.5, 4880.0], [77745.0, 16340.0], [77870.0, 50000.0], [77882.5, 500.0], [77990.0, 10.0], [77992.5, 50000.0], [78065.0, 410.0], [78112.5, 8800.0]]}}}
{"jsonrpc": "2.0", "method": "subscription", "params": {"channel": "book.BTC-13FEB26.none.20.100ms", "data": {"timestamp": 1769996522328, "change_id": 137957351734, "instrument_name": "BTC-13FEB26", "bids": [[77697.5, 1350.0], [77695.0, 4510.0], [77635.0, 16620.0], [77535.0, 50.0], [77532.5, 2630.0], [77530.0, 11000.0], [77527.5, 13340.0], [77525.0, 43030.0], [77515.0, 50.0], [77512.5, 50000.0], [77490.0, 3900.0], [77382.5, 160.0], [77380.0, 35220.0], [77377.5, 50000.0], [77300.0, 170.0], [77180.0, 50000.0], [76977.5, 140900.0], [76945.0, 100000.0], [76820.0, 4920.0], [76717.5, 640.0]], "asks": [[77720.0, 2420.0], [77722.5, 1800.0], [77725.0, 6310.0], [77730.0, 450.0], [77735.0, 2570.0], [77737.5, 1800.0], [77740.0, 2370.0], [77742.5, 1800.0], [77802.5, 13470.0], [77805.0, 45130.0], [77815.0, 1340.0], [77817.5, 4500.0], [77847.5, 4710.0], [77850.0, 15780.0], [77900.0, 20.0], [77912.5, 50.0], [77917.5, 20.0], [77945.0, 30.0], [77962.5, 50000.0], [77967.5, 500.0]]}}}
{"jsonrpc": "2.0", "method": "subscription", "params": {"channel": "book.BTC-6FEB26.none.20.100ms", "data": {"timestamp": 1769996522353, "change_id": 137957351775, "instrument_name": "BTC-6FEB26", "bids": [[77612.5, 1600.0], [77610.0, 2120.0], [77607.5, 3000.0], [77605.0, 4500.0], [77567.5, 10.0], [77560.0, 4850.0], [77557.5, 16250.0], [77475.0, 660.0], [77472.5, 2200.0], [77465.0, 1100.0], [77462.5, 3690.0], [77430.0, 50.0], [77427.5, 12800.0], [77425.0, 44020.0], [77422.5, 50010.0], [77420.0, 43030.0], [77415.0, 50.0], [77400.0, 300000.0], [77395.0, 500.0], [77270.0, 160.0]], "asks": [[77630.0, 2820.0], [77632.5, 6300.0], [77635.0, 4500.0], [77637.5, 1600.0], [77640.0, 1600.0], [77645.0, 450.0], [77647.5, 1500.0], [77650.0, 480.0], [77652.5, 1600.0], [77657.5, 30.0], [77695.0, 13470.0], [77697.5, 45130.0], [77737.5, 1340.0], [77740.0, 4500.0], [77742.5, 4880.0], [77745.0, 16340.0], [77870.0, 50000.0], [77882.5, 500.0], [77990.0, 10.0], [77992.5, 50000.0]]}}}
{"jsonrpc": "2.0", "method": "subscription", "params": {"channel": "book.BTC-13FEB26.none.20.100ms", "data": {"timestamp": 1769996522548, "change_id": 137957353037, "instrument_name": "BTC-13FEB26", "bids": [[77705.0, 30.0], [77697.5, 1350.0], [77695.0, 4510.0], [77637.5, 4960.0], [77635.0, 16620.0], [77535.0, 50.0], [77532.5, 3280.0], [77530.0, 11000.0], [77527.5, 13340.0], [77525.0, 43030.0], [77515.0, 50.0], [77512.5, 50000.0], [77490.0, 3900.0], [77382.5, 160.0], [77380.0, 35220.0], [77377.5, 50000.0], [77300.0, 160.0], [77180.0, 50000.0], [77130.0, 4910.0], [76977.5, 140900.0]], "asks": [[77720.0, 4510.0], [77732.5, 450.0], [77735.0, 2050.0], [77737.5, 1800.0], [77750.0, 30.0], [77802.5, 13470.0], [77805.0, 45130.0], [77815.0, 1340.0], [77817.5, 4500.0], [77847.5, 4710.0], [77850.0, 15780.0], [77900.0, 20.0], [77912.5, 50.0], [77917.5, 20.0], [77945.0, 30.0], [77962.5, 50000.0], [77967.5, 500.0], [77980.0, 50.0], [77995.0, 50.0], [78000.0, 1030.0]]}}}
{"jsonrpc": "2.0", "method": "subscription", "params": {"channel": "book.BTC-6FEB26.none.20.100ms", "data": {"timestamp": 1769996522696, "change_id": 137957353386, "instrument_name": "BTC-6FEB26", "bids": [[77617.5, 1600.0], [77615.0, 30.0], [77605.0, 4500.0], [77595.0, 3000.0], [77572.5, 10.0], [77557.5, 16250.0], [77472.5, 2200.0], [77462.5, 3690.0], [77430.0, 50.0], [77425.0, 44020.0], [77422.5, 50010.0], [77420.0, 43030.0], [77415.0, 50.0], [77400.0, 300000.0], [77395.0, 500.0], [77270.0, 160.0], [77267.5, 160.0], [77265.0, 50000.0], [77200.0, 300000.0], [77067.5, 50000.0]], "asks": [[77625.0, 6560.0], [77627.5, 4500.0], [77637.5, 1600.0], [77647.5, 1500.0], [77660.0, 30.0], [77697.5, 45130.0], [77740.0, 4500.0], [77745.0, 16340.0], [77870.0, 50000.0], [77882.5, 500.0], [77990.0, 10.0], [77992.5, 50000.0], [78065.0, 410.0], [78112.5, 8800.0], [78117.5, 100010.0], [78180.0, 50000.0], [78460.0, 35220.0], [78522.5, 19590.0], [78547.5, 2200.0], [78550.0, 640.0]]}}}
{"jsonrpc": "2.0", "method": "subscription", "params": {"channel": "book.BTC-13FEB26.none.20.100ms", "data": {"timestamp": 1769996522895, "change_id": 137957354203, "instrument_name": "BTC-13FEB26", "bids": [[77705.0, 30.0], [77697.5, 1350.0], [77695.0, 4510.0], [77637.5, 4960.0], [77635.0, 16620.0], [77535.0, 50.0], [77532.5, 3280.0], [77530.0, 11000.0], [77527.5, 13340.0], [77525.0, 43030.0], [77515.0, 50.0], [77512.5, 50000.0], [77490.0, 3900.0], [77382.5, 160.0], [77380.0, 35220.0], [77377.5, 50000.0], [77300.0, 160.0], [77180.0, 50000.0], [77130.0, 4910.0], [76977.5, 140900.0]], "asks": [[77717.5, 3150.0], [77720.0, 4510.0], [77732.5, 450.0], [77735.0, 2050.0], [77737.5, 1800.0], [77740.0, 30.0], [77802.5, 13470.0], [77805.0, 45130.0], [77815.0, 1340.0], [77817.5, 4500.0], [77847.5, 4710.0], [77850.0, 15780.0], [77900.0, 20.0], [77912.5, 50.0], [77917.5, 20.0], [77945.0, 30.0], [77962.5, 50000.0], [77967.5, 500.0], [77980.0, 50.0], [77995.0, 50.0]]}}}
{"jsonrpc": "2.0", "method": "subscription", "params": {"channel": "book.BTC-6FEB26.none.20.100ms", "data": {"timestamp": 1769996522829, "change_id": 137957353682, "instrument_name": "BTC-6FEB26", "bids": [[77617.5, 1600.0], [77615.0, 30.0], [77605.0, 4500.0], [77595.0, 3000.0], [77570.0, 10.0], [77557.5, 16250.0], [77472.5, 2200.0], [77462.5, 3690.0], [77430.0, 50.0], [77425.0, 44020.0], [77422.5, 50000.0], [77420.0, 43030.0], [77415.0, 50.0], [77400.0, 300000.0], [77395.0, 500.0], [77270.0, 160.0], [77267.5, 170.0], [77265.0, 50000.0], [77200.0, 300000.0], [77067.5, 50000.0]], "asks": [[77625.0, 6560.0], [77627.5, 4500.0], [77637.5, 1600.0], [77647.5, 1500.0], [77650.0, 30.0], [77697.5, 45130.0], [77740.0, 4500.0], [77745.0, 16340.0], [77870.0, 50000.0], [77882.5, 500.0], [77990.0, 10.0], [77992.5, 50000.0], [78065.0, 410.0], [78112.5, 8800.0], [78117.5, 100010.0], [78180.0, 50000.0], [78460.0, 35220.0], [78522.5, 19590.0], [78547.5, 2200.0], [78550.0, 640.0]]}}}
{"jsonrpc": "2.0", "method": "subscription", "params": {"channel": "book.BTC-13FEB26.none.20.100ms", "data": {"timestamp": 1769996523352, "change_id": 137957355864, "instrument_name": "BTC-13FEB26", "bids": [[77692.5, 30.0], [77687.5, 1350.0], [77685.0, 4510.0], [77637.5, 4960.0], [77635.0, 16620.0], [77535.0, 50.0], [77532.5, 3280.0], [77530.0, 11000.0], [77527.5, 13340.0], [77525.0, 43030.0], [77515.0, 50.0], [77512.5, 50000.0], [77490.0, 3900.0], [77382.5, 160.0], [77380.0, 35220.0], [77377.5, 50000.0], [77300.0, 160.0], [77180.0, 50000.0], [77130.0, 4910.0], [76977.5, 140900.0]], "asks": [[77705.0, 4220.0], [77707.5, 1800.0], [77710.0, 6310.0], [77712.5, 540.0], [77732.5, 450.0], [77735.0, 2050.0], [77737.5, 1800.0], [77740.0, 30.0], [77802.5, 13470.0], [77805.0, 45130.0], [77815.0, 1340.0], [77817.5, 4500.0], [77847.5, 4710.0], [77850.0, 15780.0], [77900.0, 20.0], [77912.5, 50.0], [77917.5, 20.0], [77945.0, 30.0], [77962.5, 50000.0], [77967.5, 500.0]]}}}
{"jsonrpc": "2.0", "method": "subscription", "params": {"channel": "book.BTC-6FEB26.none.20.100ms", "data": {"timestamp": 1769996523319, "change_id": 137957355870, "instrument_name": "BTC-6FEB26", "bids": [[77602.5, 30.0], [77600.0, 3140.0], [77595.0, 3000.0], [77590.0, 4500.0], [77562.5, 10.0], [77532.5, 4960.0], [77530.0, 16620.0], [77475.0, 660.0], [77472.5, 2200.0], [77465.0, 1100.0], [77462.5, 3690.0], [77430.0, 50.0], [77427.5, 13140.0], [77425.0, 44020.0], [77422.5, 50000.0], [77420.0, 43030.0], [77415.0, 50.0], [77400.0, 300000.0], [77395.0, 500.0], [77270.0, 160.0]], "asks": [[77615.0, 3780.0], [77617.5, 1600.0], [77620.0, 6100.0], [77645.0, 460.0], [77647.5, 1500.0], [77650.0, 30.0], [77695.0, 13470.0], [77697.5, 45130.0], [77740.0, 4500.0], [77745.0, 16340.0], [77870.0, 50000.0], [77882.5, 500.0], [77990.0, 10.0], [77992.5, 50000.0], [78065.0, 410.0], [78112.5, 8800.0], [78117.5, 100010.0], [78180.0, 50000.0], [78460.0, 35220.0], [78522.5, 19590.0]]}}}
{"jsonrpc": "2.0", "method": "subscription", "params": {"channel": "book.BTC-13FEB26.none.20.100ms", "data": {"timestamp": 1769996523611, "change_id": 137957357425, "instrument_name": "BTC-13FEB26", "bids": [[77692.5, 30.0], [77687.5, 1350.0], [77685.0, 4510.0], [77637.5, 4960.0], [77635.0, 16620.0], [77535.0, 50.0], [77527.5, 12840.0], [77525.0, 43030.0], [77515.0, 50.0], [77512.5, 50000.0], [77490.0, 3900.0], [77480.0, 500.0], [77382.5, 160.0], [77377.5, 50000.0], [77300.0, 160.0], [77180.0, 50000.0], [77130.0, 4910.0], [76945.0, 100010.0], [76820.0, 4920.0], [76717.5, 640.0]], "asks": [[77705.0, 1800.0], [77707.5, 1800.0], [77710.0, 4510.0], [77732.5, 450.0], [77735.0, 2050.0], [77737.5, 1800.0], [77740.0, 30.0], [77802.5, 13470.0], [77805.0, 45130.0], [77815.0, 1340.0], [77817.5, 4500.0], [77847.5, 4710.0], [77850.0, 15780.0], [77900.0, 20.0], [77912.5, 50.0], [77917.5, 20.0], [77945.0, 30.0], [77962.5, 50000.0], [77967.5, 500.0], [77980.0, 50.0]]}}}
{"jsonrpc": "2.0", "method": "subscription", "params": {"channel": "book.BTC-6FEB26.none.20.100ms", "data": {"timestamp": 1769996523610, "change_id": 137957357433, "instrument_name": "BTC-6FEB26", "bids": [[77607.5, 480.0], [77605.0, 2090.0], [77602.5, 1630.0], [77592.5, 1340.0], [77590.0, 4500.0], [77587.5, 900.0], [77585.0, 3000.0], [77560.0, 10.0], [77532.5, 4960.0], [77530.0, 16620.0], [77465.0, 1100.0], [77462.5, 3690.0], [77430.0, 50.0], [77422.5, 50000.0], [77420.0, 43030.0], [77415.0, 50.0], [77400.0, 300000.0], [77395.0, 500.0], [77270.0, 160.0], [77267.5, 170.0]], "asks": [[77612.5, 4500.0], [77615.0, 1600.0], [77617.5, 1600.0], [77640.0, 30.0], [77645.0, 460.0], [77647.5, 1500.0], [77695.0, 13470.0], [77697.5, 45130.0], [77740.0, 4500.0], [77745.0, 16340.0], [77870.0, 50000.0], [77882.5, 500.0], [77990.0, 10.0], [77992.5, 50000.0], [78065.0, 410.0], [78112.5, 8800.0], [78117.5, 100010.0], [78180.0, 50000.0], [78460.0, 35220.0], [78522.5, 19590.0]]}}}
{"jsonrpc": "2.0", "method": "subscription", "params": {"channel": "book.BTC-13FEB26.none.20.100ms", "data": {"timestamp": 1769996524005, "change_id": 137957359505, "instrument_name": "BTC-13FEB26", "bids": [[77712.5, 30.0], [77705.0, 1350.0], [77637.5, 4960.0], [77635.0, 16620.0], [77535.0, 50.0], [77527.5, 12840.0], [77525.0, 43030.0], [77515.0, 14980.0], [77512.5, 50000.0], [77490.0, 3900.0], [77480.0, 500.0], [77382.5, 160.0], [77377.5, 50000.0], [77300.0, 160.0], [77180.0, 50000.0], [76945.0, 100010.0], [76822.5, 4920.0], [76717.5, 640.0], [76712.5, 14690.0], [76682.5, 30640.0]], "asks": [[77735.0, 5060.0], [77737.5, 1800.0], [77752.5, 30.0], [77802.5, 13470.0], [77805.0, 45130.0], [77815.0, 1340.0], [77817.5, 4500.0], [77847.5, 4710.0], [77850.0, 15780.0], [77900.0, 20.0], [77912.5, 50.0], [77917.5, 20.0], [77945.0, 30.0], [77962.5, 50000.0], [77967.5, 500.0], [77980.0, 50.0], [77995.0, 50.0], [78000.0, 1030.0], [78090.0, 50.0], [78095.0, 160.0]]}}}
{"jsonrpc": "2.0", "method": "subscription", "params": {"channel": "book.BTC-6FEB26.none.20.100ms", "data": {"timestamp": 1769996523961, "change_id": 137957359512, "instrument_name": "BTC-6FEB26", "bids": [[77622.5, 30.0], [77617.5, 4500.0], [77615.0, 1600.0], [77610.0, 480.0], [77605.0, 2090.0], [77602.5, 1600.0], [77592.5, 10.0], [77587.5, 900.0], [77585.0, 3000.0], [77532.5, 4960.0], [77530.0, 16620.0], [77465.0, 1100.0], [77462.5, 3690.0], [77430.0, 50.0], [77425.0, 27770.0], [77422.5, 50000.0], [77420.0, 43030.0], [77415.0, 50.0], [77400.0, 300000.0], [77395.0, 510.0]], "asks": [[77637.5, 4500.0], [77670.0, 30.0], [77695.0, 13470.0], [77697.5, 45130.0], [77737.5, 1340.0], [77740.0, 4500.0], [77742.5, 4880.0], [77745.0, 16340.0], [77870.0, 50000.0], [77882.5, 500.0], [77990.0, 10.0], [77992.5, 50000.0], [78065.0, 410.0], [78112.5, 8800.0], [78117.5, 100000.0], [78180.0, 50000.0], [78460.0, 35230.0], [78522.5, 19590.0], [78547.5, 2200.0], [78550.0, 640.0]]}}}
{"jsonrpc": "2.0", "method": "subscription", "params": {"channel": "book.BTC-13FEB26.none.20.100ms", "data": {"timestamp": 1769996524256, "change_id": 137957360928, "instrument_name": "BTC-13FEB26", "bids": [[77727.5, 1500.0], [77722.5, 30.0], [77717.5, 1350.0], [77715.0, 4510.0], [77637.5, 4960.0], [77635.0, 16620.0], [77535.0, 50.0], [77527.5, 12840.0], [77525.0, 43030.0], [77515.0, 14980.0], [77512.5, 50000.0], [77490.0, 3900.0], [77480.0, 500.0], [77382.5, 160.0], [77377.5, 50000.0], [77300.0, 160.0], [77180.0, 50000.0], [77147.5, 4910.0], [76975.0, 100000.0], [76945.0, 10.0]], "asks": [[77737.5, 1800.0], [77740.0, 1350.0], [77742.5, 4510.0], [77767.5, 30.0], [77802.5, 13470.0], [77805.0, 45130.0], [77815.0, 1340.0], [77817.5, 4500.0], [77847.5, 4710.0], [77850.0, 15780.0], [77900.0, 20.0], [77912.5, 50.0], [77917.5, 20.0], [77945.0, 30.0], [77962.5, 50000.0], [77967.5, 500.0], [77980.0, 50.0], [77995.0, 50.0], [78000.0, 1030.0], [78090.0, 50.0]]}}}
{"jsonrpc": "2.0", "method": "subscription", "params": {"channel": "book.BTC-6FEB26.none.20.100ms", "data": {"timestamp": 1769996524266, "change_id": 137957360817, "instrument_name": "BTC-6FEB26", "bids": [[77637.5, 450.0], [77635.0, 1500.0], [77632.5, 30.0], [77630.0, 1340.0], [77627.5, 4500.0], [77625.0, 900.0], [77622.5, 3000.0], [77617.5, 480.0], [77615.0, 1600.0], [77610.0, 480.0], [77605.0, 2090.0], [77602.5, 1600.0], [77590.0, 10.0], [77532.5, 4960.0], [77530.0, 16620.0], [77465.0, 1100.0], [77462.5, 3690.0], [77430.0, 50.0], [77425.0, 27770.0], [77422.5, 50000.0]], "asks": [[77645.0, 4500.0], [77670.0, 30.0], [77695.0, 13470.0], [77697.5, 45130.0], [77737.5, 1340.0], [77740.0, 4500.0], [77742.5, 4880.0], [77745.0, 16340.0], [77870.0, 50000.0], [77882.5, 500.0], [77990.0, 10.0], [77992.5, 50000.0], [78065.0, 410.0], [78112.5, 8800.0], [78117.5, 100000.0], [78180.0, 50000.0], [78460.0, 35230.0], [78522.5, 19590.0], [78547.5, 2200.0], [78550.0, 640.0]]}}}
{"jsonrpc": "2.0", "method": "subscription", "params": {"channel": "book.BTC-13FEB26.none.20.100ms", "data": {"timestamp": 1769996524597, "change_id": 137957362145, "instrument_name": "BTC-13FEB26", "bids": [[77732.5, 30.0], [77730.0, 450.0], [77727.5, 1500.0], [77725.0, 1350.0], [77722.5, 4510.0], [77680.0, 4960.0], [77677.5, 16610.0], [77537.5, 2640.0], [77535.0, 8850.0], [77527.5, 12840.0], [77525.0, 43030.0], [77515.0, 14980.0], [77512.5, 50000.0], [77490.0, 3900.0], [77480.0, 500.0], [77382.5, 160.0], [77377.5, 50000.0], [77300.0, 160.0], [77180.0, 50000.0], [77150.0, 4910.0]], "asks": [[77752.5, 6310.0], [77782.5, 30.0], [77802.5, 13470.0], [77805.0, 45130.0], [77815.0, 1340.0], [77817.5, 4500.0], [77847.5, 4710.0], [77850.0, 15780.0], [77900.0, 20.0], [77912.5, 50.0], [77917.5, 20.0], [77945.0, 30.0], [77960.0, 14930.0], [77962.5, 50000.0], [77967.5, 500.0], [77980.0, 50.0], [77995.0, 50.0], [78000.0, 1030.0], [78090.0, 50.0], [78095.0, 160.0]]}}}
{"jsonrpc": "2.0", "method": "subscription", "params": {"channel": "book.BTC-6FEB26.none.20.100ms", "data": {"timestamp": 1769996524615, "change_id": 137957362377, "instrument_name": "BTC-6FEB26", "bids": [[77645.0, 960.0], [77642.5, 1600.0], [77640.0, 3260.0], [77637.5, 6100.0], [77635.0, 1500.0], [77632.5, 30.0], [77625.0, 900.0], [77622.5, 3000.0], [77600.0, 10.0], [77572.5, 4710.0], [77570.0, 15790.0], [77465.0, 1100.0], [77462.5, 3690.0], [77430.0, 2680.0], [77427.5, 8800.0], [77425.0, 27770.0], [77422.5, 50000.0], [77420.0, 43030.0], [77415.0, 50.0], [77400.0, 300000.0]], "asks": [[77660.0, 6100.0], [77685.0, 30.0], [77695.0, 13470.0], [77697.5, 45130.0], [77737.5, 1340.0], [77740.0, 4500.0], [77742.5, 4880.0], [77745.0, 16340.0], [77870.0, 50000.0], [77882.5, 500.0], [77990.0, 10.0], [77992.5, 50000.0], [78065.0, 410.0], [78112.5, 8800.0], [78117.5, 100000.0], [78180.0, 50010.0], [78460.0, 35220.0], [78522.5, 19590.0], [78547.5, 2200.0], [78550.0, 640.0]]}}}
{"jsonrpc": "2.0", "method": "subscription", "params": {"channel": "book.BTC-13FEB26.none.20.100ms", "data": {"timestamp": 1769996524962, "change_id": 137957363983, "instrument_name": "BTC-13FEB26", "bids": [[77742.5, 30.0], [77732.5, 1350.0], [77730.0, 4960.0], [77727.5, 1500.0], [77680.0, 4960.0], [77677.5, 16610.0], [77537.5, 2640.0], [77535.0, 11550.0], [77527.5, 12840.0], [77525.0, 43030.0], [77515.0, 14980.0], [77512.5, 50000.0], [77490.0, 3900.0], [77382.5, 160.0], [77377.5, 50000.0], [77300.0, 170.0], [77180.0, 50000.0], [77157.5, 4910.0], [76975.0, 100000.0], [76850.0, 4920.0]], "asks": [[77760.0, 6310.0], [77782.5, 30.0], [77802.5, 13470.0], [77805.0, 45130.0], [77815.0, 1340.0], [77817.5, 4500.0], [77847.5, 4710.0], [77850.0, 15780.0], [77900.0, 20.0], [77912.5, 50.0], [77917.5, 20.0], [77945.0, 30.0], [77960.0, 14930.0], [77962.5, 50000.0], [77967.5, 500.0], [77980.0, 50.0], [77995.0, 50.0], [78000.0, 1030.0], [78090.0, 50.0], [78095.0, 160.0]]}}}
{"jsonrpc": "2.0", "method": "subscription", "params": {"channel": "book.BTC-6FEB26.none.20.100ms", "data": {"timestamp": 1769996524978, "change_id": 137957364031, "instrument_name": "BTC-6FEB26", "bids": [[77650.0, 30.0], [77645.0, 960.0], [77642.5, 1600.0], [77640.0, 3260.0], [77637.5, 1600.0], [77635.0, 1500.0], [77625.0, 900.0], [77622.5, 3000.0], [77602.5, 10.0], [77572.5, 4710.0], [77570.0, 15790.0], [77470.0, 660.0], [77467.5, 2200.0], [77465.0, 1100.0], [77462.5, 3690.0], [77442.5, 500.0], [77430.0, 2680.0], [77427.5, 44020.0], [77425.0, 27770.0], [77422.5, 50000.0]], "asks": [[77667.5, 6100.0], [77695.0, 13470.0], [77697.5, 45160.0], [77737.5, 1340.0], [77740.0, 4500.0], [77742.5, 4880.0], [77745.0, 16340.0], [77870.0, 50000.0], [77882.5, 500.0], [77990.0, 10.0], [77992.5, 50000.0], [78065.0, 410.0], [78112.5, 8800.0], [78117.5, 100000.0], [78180.0, 50010.0], [78460.0, 35220.0], [78522.5, 19590.0], [78547.5, 2200.0], [78550.0, 640.0], [78552.5, 140900.0]]}}}
{"jsonrpc": "2.0", "method": "subscription", "params": {"channel": "book.BTC-13FEB26.none.20.100ms", "data": {"timestamp": 1769996525341, "change_id": 137957365132, "instrument_name": "BTC-13FEB26", "bids": [[77732.5, 1350.0], [77730.0, 4510.0], [77680.0, 4960.0], [77677.5, 16610.0], [77537.5, 2640.0], [77535.0, 11550.0], [77527.5, 12840.0], [77525.0, 43030.0], [77515.0, 50.0], [77512.5, 50000.0], [77490.0, 3900.0], [77382.5, 160.0], [77380.0, 35220.0], [77377.5, 50000.0], [77300.0, 170.0], [77180.0, 50000.0], [77165.0, 4910.0], [76975.0, 100000.0], [76857.5, 4920.0], [76717.5, 640.0]], "asks": [[77755.0, 540.0], [77757.5, 1800.0], [77772.5, 450.0], [77775.0, 1500.0], [77782.5, 30.0], [77802.5, 13470.0], [77805.0, 45130.0], [77815.0, 1340.0], [77817.5, 4500.0], [77847.5, 4710.0], [77850.0, 15780.0], [77900.0, 20.0], [77912.5, 50.0], [77917.5, 20.0], [77945.0, 30.0], [77960.0, 14930.0], [77962.5, 50000.0], [77967.5, 500.0], [77980.0, 50.0], [77995.0, 50.0]]}}}
{"jsonrpc": "2.0", "method": "subscription", "params": {"channel": "book.BTC-6FEB26.none.20.100ms", "data": {"timestamp": 1769996525295, "change_id": 137957365127, "instrument_name": "BTC-6FEB26", "bids": [[77650.0, 30.0], [77645.0, 960.0], [77642.5, 1600.0], [77640.0, 2080.0], [77637.5, 6100.0], [77625.0, 900.0], [77622.5, 3000.0], [77602.5, 10.0], [77572.5, 4710.0], [77570.0, 15790.0], [77470.0, 660.0], [77467.5, 2200.0], [77465.0, 1100.0], [77462.5, 3690.0], [77442.5, 500.0], [77430.0, 50.0], [77427.5, 44020.0], [77422.5, 50000.0], [77420.0, 43030.0], [77415.0, 50.0]], "asks": [[77662.5, 480.0], [77665.0, 4670.0], [77667.5, 4960.0], [77685.0, 450.0], [77687.5, 1530.0], [77695.0, 13470.0], [77697.5, 45130.0], [77737.5, 1340.0], [77740.0, 4500.0], [77742.5, 4880.0], [77745.0, 16340.0], [77870.0, 50000.0], [77882.5, 500.0], [77990.0, 10.0], [77992.5, 50000.0], [78065.0, 410.0], [78112.5, 8800.0], [78117.5, 100000.0], [78180.0, 50010.0], [78460.0, 35220.0]]}}}
{"jsonrpc": "2.0", "method": "subscription", "params": {"channel": "book.BTC-13FEB26.none.20.100ms", "data": {"timestamp": 1769996525502, "change_id": 137957366030, "instrument_name": "BTC-13FEB26", "bids": [[77730.0, 30.0], [77725.0, 1350.0], [77722.5, 4510.0], [77680.0, 4960.0], [77677.5, 16610.0], [77537.5, 2640.0], [77535.0, 11550.0], [77527.5, 12840.0], [77525.0, 43030.0], [77515.0, 50.0], [77512.5, 50000.0], [77490.0, 3900.0], [77382.5, 160.0], [77380.0, 35220.0], [77377.5, 50000.0], [77300.0, 160.0], [77180.0, 50000.0], [77165.0, 10.0], [77157.5, 4910.0], [76975.0, 100000.0]], "asks": [[77742.5, 4510.0], [77750.0, 540.0], [77755.0, 1800.0], [77772.5, 480.0], [77775.0, 1500.0], [77802.5, 13470.0], [77805.0, 45130.0], [77815.0, 1340.0], [77817.5, 4500.0], [77847.5, 4710.0], [77850.0, 15780.0], [77900.0, 20.0], [77912.5, 50.0], [77917.5, 20.0], [77945.0, 30.0], [77960.0, 14930.0], [77962.5, 50000.0], [77967.5, 510.0], [77980.0, 50.0], [77995.0, 40.0]]}}}
{"jsonrpc": "2.0", "method": "subscription", "params": {"channel": "book.BTC-6FEB26.none.20.100ms", "data": {"timestamp": 1769996525496, "change_id": 137957366049, "instrument_name": "BTC-6FEB26", "bids": [[77645.0, 2560.0], [77642.5, 1600.0], [77640.0, 2080.0], [77637.5, 1600.0], [77635.0, 30.0], [77627.5, 1340.0], [77625.0, 5400.0], [77622.5, 3000.0], [77600.0, 10.0], [77572.5, 4710.0], [77570.0, 15790.0], [77470.0, 660.0], [77467.5, 2200.0], [77465.0, 1100.0], [77462.5, 3690.0], [77442.5, 500.0], [77430.0, 50.0], [77427.5, 44020.0], [77422.5, 50000.0], [77420.0, 43030.0]], "asks": [[77650.0, 4500.0], [77677.5, 30.0], [77685.0, 450.0], [77687.5, 1500.0], [77695.0, 13470.0], [77697.5, 45130.0], [77737.5, 1340.0], [77740.0, 4500.0], [77742.5, 4880.0], [77745.0, 16340.0], [77870.0, 50000.0], [77882.5, 500.0], [77990.0, 10.0], [77992.5, 50000.0], [78065.0, 410.0], [78112.5, 8800.0], [78117.5, 100000.0], [78180.0, 50010.0], [78460.0, 35220.0], [78522.5, 19590.0]]}}}
{"jsonrpc": "2.0", "method": "subscription", "params": {"channel": "book.BTC-13FEB26.none.20.100ms", "data": {"timestamp": 1769996525876, "change_id": 137957366560, "instrument_name": "BTC-13FEB26", "bids": [[77732.5, 1500.0], [77730.0, 30.0], [77725.0, 1350.0], [77722.5, 4510.0], [77680.0, 4960.0], [77677.5, 16610.0], [77535.0, 550.0], [77527.5, 12840.0], [77525.0, 43030.0], [77515.0, 50.0], [77512.5, 50000.0], [77490.0, 3900.0], [77382.5, 160.0], [77377.5, 50000.0], [77300.0, 160.0], [77180.0, 50000.0], [77165.0, 10.0], [77157.5, 4910.0], [76975.0, 100000.0], [76850.0, 4920.0]], "asks": [[77742.5, 4510.0], [77750.0, 920.0], [77755.0, 3300.0], [77772.5, 30.0], [77802.5, 13470.0], [77805.0, 45130.0], [77815.0, 1340.0], [77817.5, 4500.0], [77847.5, 4710.0], [77850.0, 15780.0], [77900.0, 20.0], [77912.5, 50.0], [77917.5, 20.0], [77945.0, 30.0], [77960.0, 14930.0], [77962.5, 50000.0], [77967.5, 510.0], [77980.0, 50.0], [77995.0, 40.0], [78000.0, 1030.0]]}}}
{"jsonrpc": "2.0", "method": "subscription", "params": {"channel": "book.BTC-6FEB26.none.20.100ms", "data": {"timestamp": 1769996525876, "change_id": 137957366561, "instrument_name": "BTC-6FEB26", "bids": [[77647.5, 3100.0], [77645.0, 2560.0], [77642.5, 1600.0], [77640.0, 2080.0], [77637.5, 1600.0], [77635.0, 30.0], [77627.5, 1340.0], [77625.0, 5400.0], [77622.5, 3000.0], [77600.0, 10.0], [77572.5, 4710.0], [77570.0, 15790.0], [77465.0, 1100.0], [77462.5, 3690.0], [77442.5, 500.0], [77430.0, 50.0], [77422.5, 50000.0], [77420.0, 43030.0], [77415.0, 50.0], [77400.0, 300000.0]], "asks": [[77650.0, 4500.0], [77665.0, 450.0], [77667.5, 1500.0], [77677.5, 30.0], [77695.0, 13470.0], [77697.5, 45130.0], [77737.5, 1340.0], [77740.0, 4500.0], [77742.5, 4880.0], [77745.0, 16340.0], [77870.0, 50000.0], [77882.5, 500.0], [77990.0, 10.0], [77992.5, 50000.0], [78065.0, 410.0], [78112.5, 8800.0], [78117.5, 100000.0], [78180.0, 50010.0], [78460.0, 35220.0], [78522.5, 19590.0]]}}}
{"jsonrpc": "2.0", "method": "subscription", "params": {"channel": "book.BTC-13FEB26.none.20.100ms", "data": {"timestamp": 1769996526055, "change_id": 137957366910, "instrument_name": "BTC-13FEB26", "bids": [[77732.5, 1500.0], [77730.0, 30.0], [77725.0, 1350.0], [77722.5, 4510.0], [77680.0, 4960.0], [77677.5, 16610.0], [77535.0, 550.0], [77527.5, 12840.0], [77525.0, 43030.0], [77515.0, 50.0], [77512.5, 50000.0], [77490.0, 3900.0], [77382.5, 160.0], [77377.5, 50000.0], [77300.0, 160.0], [77180.0, 50000.0], [77165.0, 10.0], [77157.5, 4910.0], [76975.0, 100000.0], [76850.0, 4920.0]], "asks": [[77742.5, 4510.0], [77750.0, 540.0], [77755.0, 1800.0], [77772.5, 30.0], [77802.5, 13470.0], [77805.0, 45130.0], [77815.0, 1340.0], [77817.5, 4500.0], [77847.5, 4710.0], [77850.0, 15780.0], [77900.0, 20.0], [77912.5, 50.0], [77917.5, 20.0], [77945.0, 30.0], [77960.0, 14930.0], [77962.5, 50000.0], [77967.5, 510.0], [77980.0, 50.0], [77995.0, 40.0], [78000.0, 1030.0]]}}}
{"jsonrpc": "2.0", "method": "subscription", "params": {"channel": "book.BTC-6FEB26.none.20.100ms", "data": {"timestamp": 1769996526166, "change_id": 137957367667, "instrument_name": "BTC-6FEB26", "bids": [[77647.5, 1500.0], [77645.0, 2560.0], [77642.5, 1600.0], [77640.0, 2080.0], [77637.5, 1600.0], [77635.0, 30.0], [77627.5, 1340.0], [77625.0, 5400.0], [77622.5, 3000.0], [77600.0, 10.0], [77572.5, 4710.0], [77570.0, 15790.0], [77465.0, 1100.0], [77462.5, 3690.0], [77442.5, 500.0], [77430.0, 50.0], [77422.5, 50000.0], [77420.0, 43030.0], [77415.0, 50.0], [77400.0, 300000.0]], "asks": [[77650.0, 4500.0], [77680.0, 30.0], [77695.0, 13470.0], [77697.5, 45130.0], [77737.5, 1340.0], [77740.0, 4500.0], [77742.5, 4880.0], [77745.0, 16340.0], [77870.0, 50000.0], [77882.5, 500.0], [77990.0, 10.0], [77992.5, 50000.0], [78065.0, 410.0], [78112.5, 8800.0], [78117.5, 100000.0], [78180.0, 50010.0], [78460.0, 35220.0], [78522.5, 19590.0], [78547.5, 2200.0], [78550.0, 640.0]]}}}
{"jsonrpc": "2.0", "method": "subscription", "params": {"channel": "book.BTC-13FEB26.none.20.100ms", "data": {"timestamp": 1769996526653, "change_id": 137957369143, "instrument_name": "BTC-13FEB26", "bids": [[77735.0, 460.0], [77732.5, 1500.0], [77730.0, 30.0], [77725.0, 1350.0], [77722.5, 4510.0], [77680.0, 4960.0], [77677.5, 16610.0], [77535.0, 550.0], [77527.5, 12840.0], [77525.0, 43030.0], [77515.0, 50.0], [77512.5, 50000.0], [77490.0, 3900.0], [77382.5, 160.0], [77377.5, 50000.0], [77300.0, 160.0], [77180.0, 50000.0], [77165.0, 10.0], [77157.5, 4910.0], [76975.0, 100000.0]], "asks": [[77747.5, 3150.0], [77750.0, 6310.0], [77772.5, 30.0], [77802.5, 13470.0], [77805.0, 45130.0], [77815.0, 1340.0], [77817.5, 4500.0], [77847.5, 4710.0], [77850.0, 15780.0], [77900.0, 20.0], [77912.5, 50.0], [77917.5, 20.0], [77945.0, 30.0], [77960.0, 14930.0], [77962.5, 50000.0], [77967.5, 510.0], [77980.0, 50.0], [77995.0, 40.0], [78000.0, 1030.0], [78090.0, 50.0]]}}}
{"jsonrpc": "2.0", "method": "subscription", "params": {"channel": "book.BTC-6FEB26.none.20.100ms", "data": {"timestamp": 1769996526657, "change_id": 137957369185, "instrument_name": "BTC-6FEB26", "bids": [[77652.5, 2080.0], [77650.0, 2530.0], [77647.5, 3100.0], [77645.0, 510.0], [77642.5, 1600.0], [77640.0, 480.0], [77637.5, 1600.0], [77635.0, 1340.0], [77632.5, 4500.0], [77615.0, 900.0], [77612.5, 3010.0], [77572.5, 4710.0], [77570.0, 15790.0], [77465.0, 1100.0], [77462.5, 3690.0], [77442.5, 500.0], [77430.0, 8850.0], [77422.5, 50000.0], [77420.0, 43030.0], [77415.0, 50.0]], "asks": [[77657.5, 6100.0], [77662.5, 480.0], [77665.0, 1600.0], [77680.0, 30.0], [77695.0, 13470.0], [77697.5, 45130.0], [77737.5, 1340.0], [77740.0, 4500.0], [77742.5, 4880.0], [77745.0, 16340.0], [77870.0, 50000.0], [77882.5, 500.0], [77990.0, 10.0], [77992.5, 50000.0], [78065.0, 410.0], [78112.5, 8800.0], [78117.5, 100000.0], [78180.0, 50010.0], [78460.0, 35220.0], [78522.5, 19590.0]]}}}
{"jsonrpc": "2.0", "method": "subscription", "params": {"channel": "book.BTC-13FEB26.none.20.100ms", "data": {"timestamp": 1769996526917, "change_id": 137957370623, "instrument_name": "BTC-13FEB26", "bids": [[77732.5, 1500.0], [77730.0, 30.0], [77717.5, 1350.0], [77715.0, 4510.0], [77680.0, 4960.0], [77677.5, 16610.0], [77537.5, 820.0], [77535.0, 2750.0], [77527.5, 12840.0], [77525.0, 43030.0], [77515.0, 50.0], [77512.5, 50000.0], [77490.0, 3900.0], [77382.5, 160.0], [77377.5, 50000.0], [77300.0, 160.0], [77180.0, 50000.0], [77165.0, 10.0], [77152.5, 4910.0], [76975.0, 100000.0]], "asks": [[77740.0, 1880.0], [77742.5, 4510.0], [77745.0, 2340.0], [77747.5, 1800.0], [77762.5, 30.0], [77802.5, 13470.0], [77805.0, 45130.0], [77815.0, 1340.0], [77817.5, 4500.0], [77847.5, 4710.0], [77850.0, 15780.0], [77900.0, 20.0], [77912.5, 50.0], [77917.5, 20.0], [77945.0, 30.0], [77960.0, 14930.0], [77962.5, 50000.0], [77967.5, 510.0], [77980.0, 50.0], [77995.0, 40.0]]}}}
{"jsonrpc": "2.0", "method": "subscription", "params": {"channel": "book.BTC-6FEB26.none.20.100ms", "data": {"timestamp": 1769996526975, "change_id": 137957370600, "instrument_name": "BTC-6FEB26", "bids": [[77640.0, 2080.0], [77637.5, 1600.0], [77632.5, 30.0], [77627.5, 1340.0], [77625.0, 4500.0], [77615.0, 900.0], [77612.5, 3000.0], [77595.0, 10.0], [77572.5, 4710.0], [77570.0, 15790.0], [77465.0, 1100.0], [77462.5, 3690.0], [77442.5, 500.0], [77430.0, 8850.0], [77422.5, 50000.0], [77420.0, 43040.0], [77415.0, 50.0], [77400.0, 300000.0], [77270.0, 160.0], [77267.5, 160.0]], "asks": [[77647.5, 1340.0], [77650.0, 6400.0], [77652.5, 6560.0], [77680.0, 30.0], [77695.0, 13470.0], [77697.5, 45130.0], [77737.5, 1340.0], [77740.0, 4500.0], [77742.5, 4880.0], [77745.0, 16340.0], [77870.0, 50000.0], [77882.5, 500.0], [77990.0, 10.0], [77992.5, 50000.0], [78065.0, 410.0], [78112.5, 8800.0], [78117.5, 100000.0], [78180.0, 50010.0], [78460.0, 35220.0], [78522.5, 19590.0]]}}}
{"jsonrpc": "2.0", "method": "subscription", "params": {"channel": "book.BTC-13FEB26.none.20.100ms", "data": {"timestamp": 1769996527255, "change_id": 137957371665, "instrument_name": "BTC-13FEB26", "bids": [[77732.5, 1500.0], [77730.0, 30.0], [77717.5, 1350.0], [77715.0, 4510.0], [77680.0, 4960.0], [77677.5, 16610.0], [77537.5, 820.0], [77535.0, 2750.0], [77527.5, 12840.0], [77525.0, 43030.0], [77515.0, 50.0], [77512.5, 50000.0], [77490.0, 3900.0], [77382.5, 160.0], [77377.5, 50000.0], [77300.0, 160.0], [77180.0, 50000.0], [77165.0, 10.0], [77152.5, 4910.0], [76975.0, 100000.0]], "asks": [[77740.0, 1880.0], [77742.5, 4510.0], [77745.0, 2340.0], [77747.5, 1800.0], [77750.0, 450.0], [77752.5, 1500.0], [77762.5, 30.0], [77802.5, 13470.0], [77805.0, 45130.0], [77815.0, 1340.0], [77817.5, 4500.0], [77847.5, 4710.0], [77850.0, 15780.0], [77900.0, 20.0], [77912.5, 50.0], [77917.5, 20.0], [77945.0, 30.0], [77960.0, 14930.0], [77962.5, 50000.0], [77967.5, 510.0]]}}}
{"jsonrpc": "2.0", "method": "subscription", "params": {"channel": "book.BTC-6FEB26.none.20.100ms", "data": {"timestamp": 1769996527250, "change_id": 137957371493, "instrument_name": "BTC-6FEB26", "bids": [[77642.5, 3100.0], [77632.5, 30.0], [77627.5, 1340.0], [77625.0, 4500.0], [77615.0, 900.0], [77612.5, 3000.0], [77595.0, 10.0], [77572.5, 4710.0], [77570.0, 15790.0], [77470.0, 660.0], [77467.5, 2200.0], [77465.0, 1100.0], [77462.5, 3690.0], [77442.5, 500.0], [77430.0, 8850.0], [77422.5, 50000.0], [77420.0, 43040.0], [77415.0, 50.0], [77400.0, 300000.0], [77270.0, 160.0]], "asks": [[77647.5, 6780.0], [77650.0, 4500.0], [77652.5, 1600.0], [77662.5, 450.0], [77665.0, 1500.0], [77680.0, 30.0], [77695.0, 13470.0], [77697.5, 45130.0], [77737.5, 1340.0], [77740.0, 4500.0], [77742.5, 4880.0], [77745.0, 16340.0], [77870.0, 50000.0], [77882.5, 500.0], [77990.0, 10.0], [77992.5, 50000.0], [78065.0, 410.0], [78112.5, 8800.0], [78117.5, 100000.0], [78180.0, 50010.0]]}}}
{"jsonrpc": "2.0", "method": "subscription", "params": {"channel": "book.BTC-13FEB26.none.20.100ms", "data": {"timestamp": 1769996527613, "change_id": 137957373186, "instrument_name": "BTC-13FEB26", "bids": [[77732.5, 1500.0], [77730.0, 30.0], [77725.0, 1350.0], [77722.5, 4510.0], [77680.0, 4960.0], [77677.5, 16610.0], [77537.5, 3340.0], [77535.0, 11550.0], [77527.5, 12840.0], [77525.0, 43030.0], [77515.0, 50.0], [77512.5, 50000.0], [77490.0, 3900.0], [77382.5, 160.0], [77380.0, 35220.0], [77377.5, 50000.0], [77300.0, 160.0], [77180.0, 50000.0], [77165.0, 10.0], [77152.5, 4910.0]], "asks": [[77742.5, 4510.0], [77745.0, 2340.0], [77747.5, 1800.0], [77762.5, 30.0], [77802.5, 13470.0], [77805.0, 45130.0], [77815.0, 1340.0], [77817.5, 4500.0], [77847.5, 4710.0], [77850.0, 15780.0], [77900.0, 20.0], [77912.5, 50.0], [77917.5, 20.0], [77945.0, 30.0], [77960.0, 14930.0], [77962.5, 50000.0], [77967.5, 510.0], [77980.0, 50.0], [77995.0, 40.0], [78000.0, 1030.0]]}}}
{"jsonrpc": "2.0", "method": "subscription", "params": {"channel": "book.BTC-6FEB26.none.20.100ms", "data": {"timestamp": 1769996527457, "change_id": 137957372673, "instrument_name": "BTC-6FEB26", "bids": [[77642.5, 3100.0], [77632.5, 30.0], [77627.5, 1340.0], [77625.0, 4500.0], [77615.0, 900.0], [77612.5, 3000.0], [77595.0, 10.0], [77572.5, 4710.0], [77570.0, 15790.0], [77470.0, 660.0], [77467.5, 2200.0], [77465.0, 1100.0], [77462.5, 3690.0], [77442.5, 500.0], [77430.0, 8850.0], [77422.5, 50000.0], [77420.0, 43040.0], [77415.0, 50.0], [77400.0, 300000.0], [77270.0, 160.0]], "asks": [[77647.5, 4960.0], [77650.0, 4500.0], [77680.0, 30.0], [77695.0, 13470.0], [77697.5, 45130.0], [77737.5, 1340.0], [77740.0, 4500.0], [77742.5, 4880.0], [77745.0, 16340.0], [77870.0, 50000.0], [77882.5, 500.0], [77990.0, 10.0], [77992.5, 50000.0], [78065.0, 410.0], [78112.5, 8800.0], [78117.5, 100000.0], [78180.0, 50010.0], [78460.0, 35220.0], [78522.5, 19590.0], [78547.5, 2200.0]]}}}
{"jsonrpc": "2.0", "method": "subscription", "params": {"channel": "book.BTC-13FEB26.none.20.100ms", "data": {"timestamp": 1769996527891, "change_id": 137957373833, "instrument_name": "BTC-13FEB26", "bids": [[77730.0, 30.0], [77727.5, 1500.0], [77725.0, 1350.0], [77722.5, 4510.0], [77680.0, 4960.0], [77677.5, 16610.0], [77537.5, 3340.0], [77535.0, 11550.0], [77527.5, 12840.0], [77525.0, 43030.0], [77515.0, 50.0], [77512.5, 50000.0], [77490.0, 3900.0], [77382.5, 160.0], [77380.0, 35220.0], [77377.5, 50000.0], [77300.0, 160.0], [77180.0, 50010.0], [77152.5, 4910.0], [76975.0, 100000.0]], "asks": [[77737.5, 1800.0], [77740.0, 3680.0], [77742.5, 4510.0], [77745.0, 2340.0], [77747.5, 1800.0], [77757.5, 450.0], [77760.0, 1500.0], [77762.5, 30.0], [77802.5, 13470.0], [77805.0, 45130.0], [77815.0, 1340.0], [77817.5, 4500.0], [77847.5, 4710.0], [77850.0, 15780.0], [77900.0, 20.0], [77912.5, 50.0], [77917.5, 20.0], [77945.0, 30.0], [77960.0, 14930.0], [77962.5, 50000.0]]}}}
{"jsonrpc": "2.0", "method": "subscription", "params": {"channel": "book.BTC-6FEB26.none.20.100ms", "data": {"timestamp": 1769996527722, "change_id": 137957373400, "instrument_name": "BTC-6FEB26", "bids": [[77642.5, 3100.0], [77632.5, 30.0], [77627.5, 1340.0], [77625.0, 4500.0], [77615.0, 900.0], [77612.5, 3000.0], [77595.0, 10.0], [77572.5, 4710.0], [77570.0, 15790.0], [77470.0, 660.0], [77467.5, 2200.0], [77465.0, 1100.0], [77462.5, 3690.0], [77442.5, 500.0], [77430.0, 8850.0], [77425.0, 35220.0], [77422.5, 50000.0], [77420.0, 43040.0], [77415.0, 50.0], [77400.0, 300000.0]], "asks": [[77647.5, 4960.0], [77650.0, 4500.0], [77670.0, 450.0], [77672.5, 1500.0], [77680.0, 30.0], [77695.0, 13470.0], [77697.5, 45130.0], [77737.5, 1340.0], [77740.0, 4500.0], [77742.5, 4880.0], [77745.0, 16340.0], [77870.0, 50000.0], [77882.5, 500.0], [77990.0, 10.0], [77992.5, 50000.0], [78065.0, 410.0], [78112.5, 8800.0], [78117.5, 100000.0], [78180.0, 50010.0], [78460.0, 35220.0]]}}}
