{"jsonrpc": "2.0", "id": 1, "result": ["book.BTC-3OCT25.none.20.100ms"], "usIn": 1758295402669594, "usOut": 1758295402669952, "usDiff": 358, "testnet": false}
{"jsonrpc": "2.0", "method": "subscription", "params": {"channel": "book.BTC-3OCT25.none.20.100ms", "data": {"timestamp": 1758295402464, "change_id": 117968859942, "instrument_name": "BTC-3OCT25", "bids": [[115925.0, 15560.0], [115922.5, 18200.0], [115920.0, 55030.0], [115917.5, 50000.0], [115915.0, 129750.0], [115902.5, 10.0], [115855.0, 4790.0], [115852.5, 15950.0], [115760.0, 40.0], [115747.5, 20.0], [115730.0, 6090.0], [115727.5, 20300.0], [115715.0, 2500.0], [115712.5, 8320.0], [115687.5, 1830.0], [115685.0, 6100.0], [115667.5, 40.0], [115652.5, 9990.0], [115650.0, 33300.0], [115645.0, 38350.0]], "asks": [[115927.5, 5000.0], [115962.5, 15410.0], [115965.0, 44000.0], [115982.5, 1500.0], [115985.0, 5000.0], [115987.5, 160.0], [116015.0, 4380.0], [116017.5, 6290.0], [116020.0, 10320.0], [116032.5, 4960.0], [116035.0, 16540.0], [116037.5, 40.0], [116120.0, 5510.0], [116122.5, 18360.0], [116132.5, 40.0], [116140.0, 2080.0], [116185.0, 37800.0], [116225.0, 40.0], [116275.0, 1000.0], [116285.0, 50000.0]]}}}
{"jsonrpc": "2.0", "method": "subscription", "params": {"channel": "book.BTC-3OCT25.none.20.100ms", "data": {"timestamp": 1758295402706, "change_id": 117968860442, "instrument_name": "BTC-3OCT25", "bids": [[115925.0, 15560.0], [115922.5, 18200.0], [115920.0, 55030.0], [115917.5, 50000.0], [115915.0, 129750.0], [115902.5, 10.0], [115855.0, 4790.0], [115852.5, 15950.0], [115760.0, 40.0], [115747.5, 20.0], [115730.0, 6090.0], [115727.5, 20300.0], [115715.0, 2500.0], [115712.5, 8320.0], [115687.5, 1830.0], [115685.0, 6100.0], [115667.5, 40.0], [115652.5, 9990.0], [115650.0, 33300.0], [115645.0, 38350.0]], "asks": [[115927.5, 5000.0], [115962.5, 15410.0], [115965.0, 44000.0], [115972.5, 2520.0], [115975.0, 8400.0], [115982.5, 1500.0], [115985.0, 5000.0], [115987.5, 160.0], [116015.0, 4380.0], [116017.5, 6290.0], [116020.0, 10320.0], [116032.5, 4960.0], [116035.0, 16540.0], [116037.5, 40.0], [116120.0, 5510.0], [116122.5, 18360.0], [116132.5, 40.0], [116140.0, 2080.0], [116185.0, 37800.0], [116225.0, 40.0]]}}}
{"jsonrpc": "2.0", "method": "subscription", "params": {"channel": "book.BTC-3OCT25.none.20.100ms", "data": {"timestamp": 1758295403052, "change_id": 117968860926, "instrument_name": "BTC-3OCT25", "bids": [[115925.0, 15560.0], [115922.5, 18200.0], [115920.0, 55030.0], [115917.5, 50000.0], [115915.0, 129750.0], [115902.5, 10.0], [115855.0, 4790.0], [115852.5, 15950.0], [115760.0, 40.0], [115747.5, 20.0], [115730.0, 6090.0], [115727.5, 20300.0], [115715.0, 2500.0], [115712.5, 8320.0], [115687.5, 1830.0], [115685.0, 6100.0], [115667.5, 40.0], [115652.5, 9990.0], [115650.0, 33300.0], [115645.0, 38350.0]], "asks": [[115927.5, 5000.0], [115962.5, 15410.0], [115965.0, 44000.0], [115972.5, 2520.0], [115975.0, 8400.0], [115977.5, 5000.0], [115987.5, 160.0], [116015.0, 4380.0], [116017.5, 6290.0], [116020.0, 10320.0], [116032.5, 4960.0], [116035.0, 16540.0], [116037.5, 40.0], [116120.0, 5510.0], [116122.5, 18360.0], [116132.5, 40.0], [116140.0, 2080.0], [116185.0, 37800.0], [116225.0, 40.0], [116275.0, 1000.0]]}}}
{"jsonrpc": "2.0", "method": "subscription", "params": {"channel": "book.BTC-3OCT25.none.20.100ms", "data": {"timestamp": 1758295403386, "change_id": 117968861284, "instrument_name": "BTC-3OCT25", "bids": [[115925.0, 15560.0], [115922.5, 18200.0], [115920.0, 55030.0], [115917.5, 50000.0], [115915.0, 129750.0], [115902.5, 10.0], [115855.0, 4790.0], [115852.5, 15950.0], [115760.0, 40.0], [115747.5, 20.0], [115730.0, 6090.0], [115727.5, 20300.0], [115715.0, 2500.0], [115712.5, 8320.0], [115687.5, 1830.0], [115685.0, 6100.0], [115667.5, 40.0], [115652.5, 9990.0], [115650.0, 33300.0], [115645.0, 38350.0]], "asks": [[115927.5, 5000.0], [115962.5, 15410.0], [115965.0, 44000.0], [115972.5, 2520.0], [115975.0, 8400.0], [115987.5, 160.0], [115990.0, 5000.0], [116015.0, 4380.0], [116017.5, 6290.0], [116020.0, 10320.0], [116032.5, 4960.0], [116035.0, 16540.0], [116037.5, 40.0], [116120.0, 5510.0], [116122.5, 18360.0], [116132.5, 40.0], [116140.0, 2080.0], [116185.0, 37800.0], [116225.0, 40.0], [116275.0, 1000.0]]}}}
{"jsonrpc": "2.0", "method": "subscription", "params": {"channel": "book.BTC-3OCT25.none.20.100ms", "data": {"timestamp": 1758295403733, "change_id": 117968861829, "instrument_name": "BTC-3OCT25", "bids": [[115960.0, 5000.0], [115950.0, 160.0], [115940.0, 2100.0], [115937.5, 7000.0], [115930.0, 9670.0], [115927.5, 44000.0], [115925.0, 8400.0], [115920.0, 18170.0], [115917.5, 50000.0], [115915.0, 129750.0], [115902.5, 10.0], [115855.0, 4790.0], [115852.5, 15950.0], [115760.0, 40.0], [115757.5, 5470.0], [115755.0, 18220.0], [115747.5, 20.0], [115730.0, 620.0], [115727.5, 2080.0], [115715.0, 2500.0]], "asks": [[115972.5, 2520.0], [115975.0, 8400.0], [115980.0, 1500.0], [115982.5, 5000.0], [115987.5, 160.0], [116015.0, 4380.0], [116017.5, 6290.0], [116020.0, 10320.0], [116032.5, 4960.0], [116035.0, 16540.0], [116037.5, 40.0], [116120.0, 5510.0], [116122.5, 18360.0], [116132.5, 40.0], [116137.5, 620.0], [116140.0, 2080.0], [116185.0, 37800.0], [116225.0, 40.0], [116275.0, 1000.0], [116285.0, 50000.0]]}}}
{"jsonrpc": "2.0", "method": "subscription", "params": {"channel": "book.BTC-3OCT25.none.20.100ms", "data": {"timestamp": 1758295404107, "change_id": 117968862194, "instrument_name": "BTC-3OCT25", "bids": [[115960.0, 5000.0], [115950.0, 160.0], [115940.0, 2100.0], [115937.5, 7000.0], [115930.0, 9670.0], [115927.5, 44000.0], [115925.0, 8400.0], [115920.0, 18170.0], [115917.5, 50000.0], [115915.0, 129750.0], [115902.5, 10.0], [115855.0, 4790.0], [115852.5, 15950.0], [115760.0, 40.0], [115757.5, 5470.0], [115755.0, 18220.0], [115747.5, 20.0], [115730.0, 620.0], [115727.5, 2080.0], [115715.0, 2500.0]], "asks": [[115962.5, 5000.0], [115965.0, 45500.0], [115980.0, 1500.0], [115982.5, 5000.0], [115987.5, 160.0], [116015.0, 4380.0], [116017.5, 6290.0], [116020.0, 10320.0], [116032.5, 4960.0], [116035.0, 16540.0], [116037.5, 40.0], [116120.0, 5510.0], [116122.5, 18360.0], [116132.5, 40.0], [116137.5, 620.0], [116140.0, 2080.0], [116185.0, 37800.0], [116225.0, 40.0], [116275.0, 1000.0], [116285.0, 50000.0]]}}}
{"jsonrpc": "2.0", "method": "subscription", "params": {"channel": "book.BTC-3OCT25.none.20.100ms", "data": {"timestamp": 1758295404227, "change_id": 117968862357, "instrument_name": "BTC-3OCT25", "bids": [[115960.0, 5000.0], [115950.0, 160.0], [115940.0, 2100.0], [115937.5, 7000.0], [115930.0, 9670.0], [115927.5, 44000.0], [115925.0, 8400.0], [115920.0, 18170.0], [115917.5, 50000.0], [115915.0, 129750.0], [115902.5, 10.0], [115855.0, 4790.0], [115852.5, 15950.0], [115760.0, 40.0], [115757.5, 5470.0], [115755.0, 18220.0], [115747.5, 20.0], [115730.0, 620.0], [115727.5, 2080.0], [115715.0, 2500.0]], "asks": [[115962.5, 5000.0], [115965.0, 45500.0], [115970.0, 2520.0], [115972.5, 8400.0], [115980.0, 1500.0], [115982.5, 5000.0], [115987.5, 160.0], [116015.0, 4380.0], [116017.5, 6290.0], [116020.0, 10320.0], [116032.5, 4960.0], [116035.0, 16540.0], [116037.5, 40.0], [116120.0, 5510.0], [116122.5, 18360.0], [116132.5, 40.0], [116137.5, 620.0], [116140.0, 2080.0], [116185.0, 37800.0], [116225.0, 40.0]]}}}
{"jsonrpc": "2.0", "method": "subscription", "params": {"channel": "book.BTC-3OCT25.none.20.100ms", "data": {"timestamp": 1758295404766, "change_id": 117968862981, "instrument_name": "BTC-3OCT25", "bids": [[115960.0, 5000.0], [115950.0, 160.0], [115940.0, 2100.0], [115937.5, 7000.0], [115930.0, 9670.0], [115927.5, 44000.0], [115925.0, 8400.0], [115920.0, 18170.0], [115917.5, 50000.0], [115902.5, 10.0], [115855.0, 4790.0], [115852.5, 15950.0], [115760.0, 40.0], [115757.5, 5470.0], [115755.0, 18220.0], [115747.5, 20.0], [115730.0, 620.0], [115727.5, 2080.0], [115715.0, 2500.0], [115712.5, 8320.0]], "asks": [[115962.5, 5000.0], [115965.0, 45500.0], [115970.0, 3710.0], [115972.5, 8400.0], [115975.0, 5000.0], [115987.5, 160.0], [116015.0, 4380.0], [116017.5, 6290.0], [116020.0, 10320.0], [116032.5, 4960.0], [116035.0, 16540.0], [116037.5, 40.0], [116120.0, 5510.0], [116122.5, 18360.0], [116132.5, 40.0], [116137.5, 620.0], [116140.0, 2080.0], [116185.0, 37800.0], [116225.0, 40.0], [116275.0, 1000.0]]}}}
{"jsonrpc": "2.0", "method": "subscription", "params": {"channel": "book.BTC-3OCT25.none.20.100ms", "data": {"timestamp": 1758295404968, "change_id": 117968863215, "instrument_name": "BTC-3OCT25", "bids": [[115960.0, 5000.0], [115950.0, 160.0], [115940.0, 2100.0], [115937.5, 7000.0], [115930.0, 9670.0], [115927.5, 44000.0], [115925.0, 8400.0], [115920.0, 18170.0], [115917.5, 50000.0], [115902.5, 10.0], [115855.0, 4790.0], [115852.5, 15950.0], [115760.0, 40.0], [115757.5, 5470.0], [115755.0, 18220.0], [115747.5, 20.0], [115730.0, 620.0], [115727.5, 2080.0], [115715.0, 2500.0], [115712.5, 8320.0]], "asks": [[115962.5, 5000.0], [115965.0, 45500.0], [115970.0, 3870.0], [115972.5, 8400.0], [115975.0, 5000.0], [115987.5, 160.0], [116015.0, 4380.0], [116017.5, 6290.0], [116020.0, 10320.0], [116032.5, 4960.0], [116035.0, 16540.0], [116037.5, 40.0], [116120.0, 5510.0], [116122.5, 18360.0], [116132.5, 40.0], [116137.5, 620.0], [116140.0, 2080.0], [116185.0, 37800.0], [116225.0, 40.0], [116275.0, 1000.0]]}}}
{"jsonrpc": "2.0", "method": "subscription", "params": {"channel": "book.BTC-3OCT25.none.20.100ms", "data": {"timestamp": 1758295405711, "change_id": 117968864043, "instrument_name": "BTC-3OCT25", "bids": [[115960.0, 5000.0], [115950.0, 160.0], [115940.0, 3580.0], [115937.5, 12820.0], [115932.5, 11650.0], [115930.0, 59670.0], [115927.5, 113560.0], [115902.5, 10.0], [115855.0, 4790.0], [115852.5, 15950.0], [115760.0, 40.0], [115757.5, 5470.0], [115755.0, 18220.0], [115747.5, 20.0], [115730.0, 620.0], [115727.5, 2080.0], [115715.0, 2500.0], [115712.5, 8320.0], [115700.0, 6100.0], [115667.5, 40.0]], "asks": [[115962.5, 5000.0], [115965.0, 45500.0], [115967.5, 5820.0], [115970.0, 1190.0], [115975.0, 5000.0], [115987.5, 160.0], [116015.0, 4380.0], [116017.5, 6290.0], [116020.0, 10320.0], [116032.5, 4960.0], [116035.0, 16540.0], [116037.5, 40.0], [116120.0, 5510.0], [116122.5, 18360.0], [116132.5, 40.0], [116137.5, 620.0], [116140.0, 2080.0], [116185.0, 37800.0], [116225.0, 40.0], [116275.0, 1000.0]]}}}
{"jsonrpc": "2.0", "method": "subscription", "params": {"channel": "book.BTC-3OCT25.none.20.100ms", "data": {"timestamp": 1758295406099, "change_id": 117968864551, "instrument_name": "BTC-3OCT25", "bids": [[115960.0, 5000.0], [115950.0, 160.0], [115940.0, 3580.0], [115937.5, 12820.0], [115932.5, 11650.0], [115930.0, 59670.0], [115927.5, 44000.0], [115902.5, 10.0], [115855.0, 4790.0], [115852.5, 15950.0], [115760.0, 40.0], [115757.5, 5470.0], [115755.0, 18220.0], [115747.5, 20.0], [115730.0, 620.0], [115727.5, 2080.0], [115715.0, 2500.0], [115712.5, 8320.0], [115700.0, 6100.0], [115667.5, 40.0]], "asks": [[115962.5, 5000.0], [115965.0, 45500.0], [115967.5, 5820.0], [115970.0, 1190.0], [115975.0, 5000.0], [115987.5, 160.0], [116015.0, 4380.0], [116017.5, 6290.0], [116020.0, 10320.0], [116032.5, 4960.0], [116035.0, 16540.0], [116037.5, 40.0], [116120.0, 5510.0], [116122.5, 18360.0], [116132.5, 40.0], [116137.5, 620.0], [116140.0, 2080.0], [116185.0, 37800.0], [116225.0, 40.0], [116275.0, 1000.0]]}}}
{"jsonrpc": "2.0", "method": "subscription", "params": {"channel": "book.BTC-3OCT25.none.20.100ms", "data": {"timestamp": 1758295406483, "change_id": 117968864880, "instrument_name": "BTC-3OCT25", "bids": [[115960.0, 5000.0], [115950.0, 160.0], [115940.0, 3580.0], [115937.5, 12820.0], [115932.5, 11650.0], [115930.0, 59670.0], [115927.5, 44000.0], [115902.5, 10.0], [115855.0, 4790.0], [115852.5, 15950.0], [115760.0, 40.0], [115757.5, 5470.0], [115755.0, 18220.0], [115747.5, 20.0], [115730.0, 620.0], [115727.5, 2080.0], [115715.0, 2500.0], [115712.5, 8320.0], [115700.0, 6100.0], [115667.5, 40.0]], "asks": [[115962.5, 5000.0], [115965.0, 45500.0], [115970.0, 1190.0], [115975.0, 5000.0], [115987.5, 160.0], [116015.0, 4380.0], [116017.5, 6290.0], [116020.0, 10320.0], [116032.5, 4960.0], [116035.0, 16540.0], [116037.5, 40.0], [116120.0, 5510.0], [116122.5, 18360.0], [116132.5, 40.0], [116137.5, 620.0], [116140.0, 2080.0], [116185.0, 37800.0], [116225.0, 40.0], [116275.0, 1000.0], [116285.0, 50000.0]]}}}
{"jsonrpc": "2.0", "method": "subscription", "params": {"channel": "book.BTC-3OCT25.none.20.100ms", "data": {"timestamp": 1758295406692, "change_id": 117968865318, "instrument_name": "BTC-3OCT25", "bids": [[115960.0, 5000.0], [115950.0, 160.0], [115942.5, 1750.0], [115940.0, 7920.0], [115937.5, 7000.0], [115932.5, 11650.0], [115930.0, 59670.0], [115927.5, 44000.0], [115902.5, 10.0], [115855.0, 4790.0], [115852.5, 15950.0], [115760.0, 40.0], [115757.5, 5470.0], [115755.0, 18220.0], [115747.5, 20.0], [115730.0, 620.0], [115727.5, 2080.0], [115715.0, 2500.0], [115712.5, 8320.0], [115702.5, 6100.0]], "asks": [[115962.5, 5000.0], [115965.0, 45500.0], [115970.0, 1190.0], [115975.0, 5000.0], [115987.5, 160.0], [116015.0, 4380.0], [116017.5, 6290.0], [116020.0, 10320.0], [116032.5, 4960.0], [116035.0, 16540.0], [116037.5, 40.0], [116120.0, 5510.0], [116122.5, 18360.0], [116132.5, 40.0], [116137.5, 620.0], [116140.0, 2080.0], [116185.0, 37800.0], [116225.0, 40.0], [116275.0, 1000.0], [116285.0, 50000.0]]}}}
{"jsonrpc": "2.0", "method": "subscription", "params": {"channel": "book.BTC-3OCT25.none.20.100ms", "data": {"timestamp": 1758295407128, "change_id": 117968865853, "instrument_name": "BTC-3OCT25", "bids": [[115960.0, 5000.0], [115950.0, 160.0], [115942.5, 1750.0], [115940.0, 7920.0], [115937.5, 7000.0], [115932.5, 11650.0], [115930.0, 59670.0], [115927.5, 44000.0], [115902.5, 10.0], [115855.0, 4790.0], [115852.5, 15950.0], [115760.0, 40.0], [115757.5, 5470.0], [115755.0, 18220.0], [115747.5, 20.0], [115730.0, 620.0], [115727.5, 2080.0], [115715.0, 2500.0], [115712.5, 8320.0], [115702.5, 6100.0]], "asks": [[115962.5, 5000.0], [115965.0, 45500.0], [115982.5, 1500.0], [115985.0, 5000.0], [115987.5, 160.0], [116015.0, 4380.0], [116017.5, 6290.0], [116020.0, 10320.0], [116032.5, 4960.0], [116035.0, 16540.0], [116037.5, 40.0], [116120.0, 5510.0], [116122.5, 18360.0], [116132.5, 40.0], [116137.5, 620.0], [116140.0, 2080.0], [116185.0, 37800.0], [116225.0, 40.0], [116275.0, 1000.0], [116285.0, 50000.0]]}}}
{"jsonrpc": "2.0", "method": "subscription", "params": {"channel": "book.BTC-3OCT25.none.20.100ms", "data": {"timestamp": 1758295407414, "change_id": 117968866125, "instrument_name": "BTC-3OCT25", "bids": [[115960.0, 5000.0], [115950.0, 160.0], [115940.0, 2100.0], [115937.5, 7000.0], [115932.5, 11650.0], [115930.0, 59670.0], [115927.5, 44000.0], [115902.5, 10.0], [115855.0, 4790.0], [115852.5, 15950.0], [115760.0, 40.0], [115757.5, 5470.0], [115755.0, 18220.0], [115747.5, 20.0], [115730.0, 620.0], [115727.5, 2080.0], [115715.0, 2500.0], [115712.5, 8320.0], [115702.5, 6100.0], [115667.5, 40.0]], "asks": [[115962.5, 5000.0], [115965.0, 45500.0], [115970.0, 1750.0], [115972.5, 5820.0], [115982.5, 1500.0], [115985.0, 5000.0], [115987.5, 160.0], [116015.0, 4380.0], [116017.5, 6290.0], [116020.0, 10320.0], [116037.5, 40.0], [116055.0, 4730.0], [116057.5, 15770.0], [116120.0, 5510.0], [116122.5, 18360.0], [116132.5, 40.0], [116137.5, 620.0], [116140.0, 2080.0], [116185.0, 37800.0], [116225.0, 40.0]]}}}
{"jsonrpc": "2.0", "method": "subscription", "params": {"channel": "book.BTC-3OCT25.none.20.100ms", "data": {"timestamp": 1758295407685, "change_id": 117968866747, "instrument_name": "BTC-3OCT25", "bids": [[115960.0, 5000.0], [115950.0, 160.0], [115945.0, 1750.0], [115942.5, 5820.0], [115940.0, 2100.0], [115937.5, 7000.0], [115932.5, 11650.0], [115930.0, 59670.0], [115927.5, 114400.0], [115902.5, 10.0], [115855.0, 4790.0], [115852.5, 15950.0], [115760.0, 40.0], [115757.5, 5470.0], [115755.0, 18220.0], [115747.5, 20.0], [115730.0, 620.0], [115727.5, 2080.0], [115715.0, 2500.0], [115712.5, 8320.0]], "asks": [[115962.5, 5000.0], [115965.0, 45500.0], [115970.0, 1750.0], [115972.5, 5820.0], [115982.5, 1500.0], [115985.0, 5000.0], [115987.5, 160.0], [115997.5, 16460.0], [116015.0, 4380.0], [116017.5, 6290.0], [116020.0, 10320.0], [116037.5, 40.0], [116120.0, 5510.0], [116122.5, 18360.0], [116132.5, 40.0], [116137.5, 620.0], [116140.0, 2080.0], [116185.0, 37800.0], [116225.0, 40.0], [116275.0, 1000.0]]}}}
{"jsonrpc": "2.0", "method": "subscription", "params": {"channel": "book.BTC-3OCT25.none.20.100ms", "data": {"timestamp": 1758295408123, "change_id": 117968867331, "instrument_name": "BTC-3OCT25", "bids": [[115960.0, 5000.0], [115950.0, 160.0], [115945.0, 1750.0], [115942.5, 5820.0], [115940.0, 2100.0], [115937.5, 7000.0], [115932.5, 11650.0], [115930.0, 59670.0], [115927.5, 114400.0], [115902.5, 10.0], [115855.0, 4790.0], [115852.5, 15950.0], [115760.0, 40.0], [115757.5, 5470.0], [115755.0, 18220.0], [115747.5, 20.0], [115730.0, 620.0], [115727.5, 2080.0], [115715.0, 2500.0], [115712.5, 8320.0]], "asks": [[115962.5, 5000.0], [115965.0, 45500.0], [115970.0, 5820.0], [115982.5, 1500.0], [115985.0, 5000.0], [115987.5, 160.0], [115997.5, 16460.0], [116015.0, 4380.0], [116017.5, 6290.0], [116020.0, 10320.0], [116037.5, 40.0], [116120.0, 5510.0], [116122.5, 18360.0], [116132.5, 40.0], [116137.5, 620.0], [116140.0, 2080.0], [116185.0, 37800.0], [116225.0, 40.0], [116275.0, 1000.0], [116285.0, 50000.0]]}}}
{"jsonrpc": "2.0", "method": "subscription", "params": {"channel": "book.BTC-3OCT25.none.20.100ms", "data": {"timestamp": 1758295408476, "change_id": 117968867655, "instrument_name": "BTC-3OCT25", "bids": [[115960.0, 5000.0], [115950.0, 160.0], [115945.0, 1750.0], [115942.5, 5820.0], [115940.0, 2100.0], [115937.5, 7000.0], [115932.5, 11650.0], [115930.0, 59670.0], [115927.5, 114400.0], [115902.5, 10.0], [115855.0, 4790.0], [115852.5, 15950.0], [115760.0, 40.0], [115757.5, 5470.0], [115755.0, 18220.0], [115747.5, 20.0], [115730.0, 620.0], [115727.5, 2080.0], [115715.0, 2500.0], [115712.5, 8320.0]], "asks": [[115962.5, 5000.0], [115965.0, 45500.0], [115970.0, 5820.0], [115987.5, 160.0], [115997.5, 16460.0], [116015.0, 4380.0], [116017.5, 6290.0], [116020.0, 10320.0], [116037.5, 40.0], [116120.0, 5510.0], [116122.5, 18360.0], [116132.5, 40.0], [116137.5, 620.0], [116140.0, 2080.0], [116185.0, 37800.0], [116225.0, 40.0], [116275.0, 1000.0], [116285.0, 50000.0], [116307.5, 500.0], [116317.5, 40.0]]}}}
{"jsonrpc": "2.0", "method": "subscription", "params": {"channel": "book.BTC-3OCT25.none.20.100ms", "data": {"timestamp": 1758295408770, "change_id": 117968869059, "instrument_name": "BTC-3OCT25", "bids": [[115960.0, 5000.0], [115955.0, 1790.0], [115952.5, 5820.0], [115950.0, 160.0], [115947.5, 2100.0], [115945.0, 7000.0], [115937.5, 61110.0], [115935.0, 44000.0], [115930.0, 9670.0], [115927.5, 70400.0], [115902.5, 10.0], [115855.0, 4790.0], [115852.5, 15950.0], [115760.0, 40.0], [115757.5, 5470.0], [115755.0, 18220.0], [115747.5, 20.0], [115730.0, 620.0], [115727.5, 2080.0], [115715.0, 2500.0]], "asks": [[115962.5, 5000.0], [115965.0, 45500.0], [115972.5, 1750.0], [115975.0, 5820.0], [115995.0, 5000.0], [116015.0, 4540.0], [116017.5, 6290.0], [116020.0, 10320.0], [116022.5, 4900.0], [116025.0, 16330.0], [116037.5, 40.0], [116120.0, 5510.0], [116122.5, 18360.0], [116132.5, 40.0], [116137.5, 620.0], [116140.0, 2080.0], [116185.0, 37800.0], [116225.0, 40.0], [116275.0, 1000.0], [116285.0, 50000.0]]}}}
{"jsonrpc": "2.0", "method": "subscription", "params": {"channel": "book.BTC-3OCT25.none.20.100ms", "data": {"timestamp": 1758295408932, "change_id": 117968869229, "instrument_name": "BTC-3OCT25", "bids": [[115960.0, 5000.0], [115955.0, 1790.0], [115952.5, 5820.0], [115950.0, 160.0], [115947.5, 2100.0], [115945.0, 7000.0], [115937.5, 61110.0], [115935.0, 44000.0], [115902.5, 10.0], [115855.0, 4790.0], [115852.5, 15950.0], [115760.0, 40.0], [115757.5, 5470.0], [115755.0, 18220.0], [115747.5, 20.0], [115730.0, 620.0], [115727.5, 2080.0], [115715.0, 2500.0], [115712.5, 8320.0], [115702.5, 6100.0]], "asks": [[115962.5, 5000.0], [115965.0, 45500.0], [115972.5, 1750.0], [115975.0, 5820.0], [115995.0, 5000.0], [116015.0, 4540.0], [116017.5, 6290.0], [116020.0, 10320.0], [116022.5, 4900.0], [116025.0, 16330.0], [116037.5, 40.0], [116120.0, 5510.0], [116122.5, 18360.0], [116132.5, 40.0], [116137.5, 620.0], [116140.0, 2080.0], [116185.0, 37800.0], [116225.0, 40.0], [116275.0, 1000.0], [116285.0, 50000.0]]}}}
{"jsonrpc": "2.0", "method": "subscription", "params": {"channel": "book.BTC-3OCT25.none.20.100ms", "data": {"timestamp": 1758295409443, "change_id": 117968870222, "instrument_name": "BTC-3OCT25", "bids": [[115960.0, 5000.0], [115955.0, 1790.0], [115952.5, 5820.0], [115950.0, 160.0], [115945.0, 10610.0], [115942.5, 44000.0], [115940.0, 15000.0], [115937.5, 109230.0], [115902.5, 10.0], [115855.0, 4790.0], [115852.5, 15950.0], [115760.0, 40.0], [115757.5, 5470.0], [115755.0, 18220.0], [115747.5, 20.0], [115730.0, 620.0], [115727.5, 2080.0], [115715.0, 2500.0], [115712.5, 8320.0], [115702.5, 6100.0]], "asks": [[115962.5, 5000.0], [115972.5, 14730.0], [115975.0, 44000.0], [115997.5, 5000.0], [116015.0, 4540.0], [116017.5, 6290.0], [116020.0, 10320.0], [116022.5, 4900.0], [116025.0, 16330.0], [116037.5, 40.0], [116120.0, 5510.0], [116122.5, 18360.0], [116132.5, 40.0], [116137.5, 620.0], [116140.0, 2080.0], [116185.0, 37800.0], [116225.0, 40.0], [116275.0, 1000.0], [116285.0, 50000.0], [116307.5, 500.0]]}}}
{"jsonrpc": "2.0", "method": "subscription", "params": {"channel": "book.BTC-3OCT25.none.20.100ms", "data": {"timestamp": 1758295409622, "change_id": 117968870567, "instrument_name": "BTC-3OCT25", "bids": [[115960.0, 5000.0], [115952.5, 1790.0], [115950.0, 5980.0], [115945.0, 10610.0], [115942.5, 44000.0], [115940.0, 15000.0], [115937.5, 109230.0], [115902.5, 10.0], [115855.0, 4790.0], [115852.5, 15950.0], [115760.0, 40.0], [115757.5, 5470.0], [115755.0, 18220.0], [115747.5, 20.0], [115730.0, 620.0], [115727.5, 2080.0], [115715.0, 2500.0], [115712.5, 8320.0], [115702.5, 6100.0], [115667.5, 40.0]], "asks": [[115962.5, 5000.0], [115972.5, 14730.0], [115975.0, 44000.0], [115977.5, 1750.0], [115980.0, 5820.0], [115997.5, 5000.0], [116015.0, 4540.0], [116017.5, 6290.0], [116020.0, 10320.0], [116022.5, 4900.0], [116025.0, 16330.0], [116037.5, 40.0], [116120.0, 5510.0], [116122.5, 18360.0], [116132.5, 40.0], [116137.5, 620.0], [116140.0, 2080.0], [116185.0, 37800.0], [116225.0, 40.0], [116275.0, 1000.0]]}}}
{"jsonrpc": "2.0", "method": "subscription", "params": {"channel": "book.BTC-3OCT25.none.20.100ms", "data": {"timestamp": 1758295410126, "change_id": 117968871426, "instrument_name": "BTC-3OCT25", "bids": [[115937.5, 109230.0], [115935.0, 44000.0], [115927.5, 160.0], [115902.5, 10.0], [115852.5, 15950.0], [115760.0, 40.0], [115755.0, 18220.0], [115747.5, 20.0], [115727.5, 2080.0], [115712.5, 8320.0], [115702.5, 6100.0], [115667.5, 40.0], [115650.0, 33300.0], [115645.0, 38350.0], [115630.0, 20.0], [115580.0, 50000.0], [115575.0, 540.0], [115515.0, 20.0], [115482.5, 40.0], [115470.0, 36830.0]], "asks": [[115952.5, 5000.0], [115967.5, 44000.0], [115970.0, 5820.0], [115972.5, 2080.0], [115990.0, 5000.0], [116002.5, 160.0], [116017.5, 6290.0], [116020.0, 10320.0], [116025.0, 16330.0], [116037.5, 40.0], [116122.5, 18360.0], [116132.5, 40.0], [116185.0, 37800.0], [116225.0, 40.0], [116275.0, 1000.0], [116285.0, 50000.0], [116307.5, 500.0], [116317.5, 40.0], [116387.5, 36660.0], [116410.0, 40.0]]}}}
{"jsonrpc": "2.0", "method": "subscription", "params": {"channel": "book.BTC-3OCT25.none.20.100ms", "data": {"timestamp": 1758295410438, "change_id": 117968872005, "instrument_name": "BTC-3OCT25", "bids": [[115950.0, 5000.0], [115937.5, 109230.0], [115927.5, 160.0], [115922.5, 44000.0], [115902.5, 10.0], [115852.5, 15950.0], [115760.0, 40.0], [115755.0, 18220.0], [115747.5, 20.0], [115727.5, 2080.0], [115712.5, 8320.0], [115702.5, 6100.0], [115667.5, 40.0], [115650.0, 33300.0], [115645.0, 38350.0], [115630.0, 20.0], [115580.0, 50000.0], [115575.0, 540.0], [115515.0, 20.0], [115482.5, 40.0]], "asks": [[115952.5, 5000.0], [115955.0, 44000.0], [115967.5, 5820.0], [115972.5, 2080.0], [115977.5, 5000.0], [115990.0, 160.0], [116017.5, 6290.0], [116020.0, 10320.0], [116025.0, 16330.0], [116037.5, 40.0], [116122.5, 18360.0], [116132.5, 40.0], [116185.0, 37800.0], [116225.0, 40.0], [116275.0, 1000.0], [116285.0, 50000.0], [116307.5, 500.0], [116317.5, 40.0], [116387.5, 36660.0], [116410.0, 40.0]]}}}
{"jsonrpc": "2.0", "method": "subscription", "params": {"channel": "book.BTC-3OCT25.none.20.100ms", "data": {"timestamp": 1758295410632, "change_id": 117968872361, "instrument_name": "BTC-3OCT25", "bids": [[115950.0, 5000.0], [115940.0, 4500.0], [115937.5, 109230.0], [115932.5, 5820.0], [115922.5, 44000.0], [115902.5, 10.0], [115852.5, 15950.0], [115760.0, 40.0], [115755.0, 18220.0], [115747.5, 20.0], [115727.5, 2080.0], [115712.5, 8320.0], [115702.5, 6100.0], [115667.5, 40.0], [115650.0, 33300.0], [115645.0, 38350.0], [115630.0, 20.0], [115580.0, 50000.0], [115575.0, 540.0], [115515.0, 20.0]], "asks": [[115952.5, 5000.0], [115955.0, 44000.0], [115965.0, 1750.0], [115967.5, 5820.0], [115975.0, 1500.0], [115977.5, 5000.0], [115990.0, 160.0], [116012.5, 2080.0], [116017.5, 6290.0], [116020.0, 10320.0], [116025.0, 16330.0], [116037.5, 40.0], [116122.5, 18360.0], [116132.5, 40.0], [116185.0, 37800.0], [116225.0, 40.0], [116275.0, 1000.0], [116285.0, 50000.0], [116307.5, 500.0], [116317.5, 40.0]]}}}
{"jsonrpc": "2.0", "method": "subscription", "params": {"channel": "book.BTC-3OCT25.none.20.100ms", "data": {"timestamp": 1758295411125, "change_id": 117968873126, "instrument_name": "BTC-3OCT25", "bids": [[115940.0, 160.0], [115937.5, 6750.0], [115935.0, 5820.0], [115927.5, 11550.0], [115925.0, 50000.0], [115902.5, 10.0], [115852.5, 15950.0], [115760.0, 40.0], [115755.0, 18220.0], [115747.5, 20.0], [115727.5, 2080.0], [115712.5, 8320.0], [115702.5, 6100.0], [115667.5, 40.0], [115650.0, 33300.0], [115645.0, 38350.0], [115630.0, 20.0], [115580.0, 50000.0], [115575.0, 540.0], [115515.0, 20.0]], "asks": [[115950.0, 1500.0], [115952.5, 5000.0], [115965.0, 3030.0], [115967.5, 5820.0], [115970.0, 5000.0], [115990.0, 160.0], [115995.0, 2000.0], [116012.5, 2080.0], [116017.5, 6290.0], [116020.0, 8320.0], [116025.0, 16330.0], [116037.5, 40.0], [116122.5, 18360.0], [116132.5, 40.0], [116185.0, 37800.0], [116225.0, 40.0], [116275.0, 1000.0], [116285.0, 50000.0], [116307.5, 500.0], [116317.5, 40.0]]}}}
{"jsonrpc": "2.0", "method": "subscription", "params": {"channel": "book.BTC-3OCT25.none.20.100ms", "data": {"timestamp": 1758295411223, "change_id": 117968873511, "instrument_name": "BTC-3OCT25", "bids": [[115940.0, 160.0], [115937.5, 5000.0], [115935.0, 5820.0], [115927.5, 22030.0], [115920.0, 44000.0], [115915.0, 50000.0], [115902.5, 10.0], [115852.5, 40.0], [115827.5, 16390.0], [115760.0, 40.0], [115755.0, 18220.0], [115747.5, 20.0], [115727.5, 2080.0], [115712.5, 8320.0], [115702.5, 6100.0], [115667.5, 40.0], [115650.0, 33300.0], [115645.0, 38350.0], [115630.0, 20.0], [115580.0, 50000.0]], "asks": [[115942.5, 12000.0], [115947.5, 44000.0], [115960.0, 5820.0], [115965.0, 1280.0], [115970.0, 5000.0], [115990.0, 160.0], [115995.0, 2000.0], [116012.5, 2080.0], [116017.5, 6290.0], [116020.0, 8320.0], [116025.0, 16330.0], [116037.5, 40.0], [116122.5, 18360.0], [116132.5, 40.0], [116185.0, 37800.0], [116225.0, 40.0], [116275.0, 1000.0], [116285.0, 50000.0], [116307.5, 500.0], [116317.5, 40.0]]}}}
{"jsonrpc": "2.0", "method": "subscription", "params": {"channel": "book.BTC-3OCT25.none.20.100ms", "data": {"timestamp": 1758295411762, "change_id": 117968874414, "instrument_name": "BTC-3OCT25", "bids": [[115940.0, 4710.0], [115937.5, 5000.0], [115930.0, 6610.0], [115927.5, 22030.0], [115925.0, 4550.0], [115922.5, 7180.0], [115920.0, 44000.0], [115915.0, 50000.0], [115902.5, 1380.0], [115900.0, 4550.0], [115852.5, 40.0], [115830.0, 4920.0], [115827.5, 16390.0], [115760.0, 40.0], [115757.5, 5470.0], [115755.0, 18220.0], [115747.5, 20.0], [115730.0, 620.0], [115727.5, 2080.0], [115712.5, 8320.0]], "asks": [[115942.5, 12000.0], [115945.0, 17580.0], [115947.5, 44000.0], [115965.0, 1280.0], [115970.0, 5000.0], [115975.0, 4550.0], [115990.0, 160.0], [115992.5, 600.0], [115995.0, 2000.0], [116000.0, 4550.0], [116012.5, 2080.0], [116017.5, 6290.0], [116020.0, 8320.0], [116022.5, 4900.0], [116025.0, 16330.0], [116037.5, 40.0], [116122.5, 18360.0], [116132.5, 40.0], [116185.0, 37800.0], [116225.0, 40.0]]}}}
{"jsonrpc": "2.0", "method": "subscription", "params": {"channel": "book.BTC-3OCT25.none.20.100ms", "data": {"timestamp": 1758295412326, "change_id": 117968875151, "instrument_name": "BTC-3OCT25", "bids": [[115940.0, 4710.0], [115937.5, 5000.0], [115930.0, 6610.0], [115927.5, 22030.0], [115925.0, 4550.0], [115922.5, 7180.0], [115920.0, 44000.0], [115915.0, 50000.0], [115902.5, 1380.0], [115900.0, 4550.0], [115852.5, 40.0], [115830.0, 4920.0], [115827.5, 16390.0], [115760.0, 40.0], [115757.5, 5470.0], [115755.0, 18220.0], [115747.5, 20.0], [115730.0, 620.0], [115727.5, 2080.0], [115712.5, 8320.0]], "asks": [[115942.5, 12000.0], [115945.0, 17580.0], [115947.5, 44000.0], [115965.0, 1280.0], [115970.0, 5000.0], [115975.0, 4550.0], [115977.5, 160.0], [115992.5, 600.0], [115995.0, 2000.0], [116000.0, 4550.0], [116012.5, 2080.0], [116017.5, 6290.0], [116020.0, 8320.0], [116022.5, 4900.0], [116025.0, 16330.0], [116037.5, 40.0], [116122.5, 18360.0], [116132.5, 40.0], [116185.0, 37800.0], [116225.0, 40.0]]}}}
{"jsonrpc": "2.0", "method": "subscription", "params": {"channel": "book.BTC-3OCT25.none.20.100ms", "data": {"timestamp": 1758295412871, "change_id": 117968875918, "instrument_name": "BTC-3OCT25", "bids": [[115940.0, 160.0], [115937.5, 5000.0], [115930.0, 6610.0], [115927.5, 22030.0], [115925.0, 4550.0], [115922.5, 7180.0], [115920.0, 44000.0], [115915.0, 50000.0], [115902.5, 1380.0], [115900.0, 4550.0], [115852.5, 40.0], [115830.0, 4920.0], [115827.5, 16390.0], [115760.0, 40.0], [115757.5, 5470.0], [115755.0, 18220.0], [115747.5, 20.0], [115730.0, 620.0], [115727.5, 2080.0], [115712.5, 8320.0]], "asks": [[115942.5, 12000.0], [115945.0, 17580.0], [115947.5, 44000.0], [115965.0, 1280.0], [115970.0, 5000.0], [115972.5, 1370.0], [115975.0, 4550.0], [115977.5, 160.0], [115992.5, 600.0], [115995.0, 2000.0], [116000.0, 4550.0], [116012.5, 2080.0], [116015.0, 4380.0], [116017.5, 6290.0], [116020.0, 8320.0], [116022.5, 4900.0], [116025.0, 16330.0], [116037.5, 40.0], [116122.5, 18360.0], [116132.5, 40.0]]}}}
{"jsonrpc": "2.0", "method": "subscription", "params": {"channel": "book.BTC-3OCT25.none.20.100ms", "data": {"timestamp": 1758295413137, "change_id": 117968876277, "instrument_name": "BTC-3OCT25", "bids": [[115940.0, 4710.0], [115937.5, 5000.0], [115930.0, 6610.0], [115927.5, 22030.0], [115925.0, 4550.0], [115922.5, 7180.0], [115920.0, 44000.0], [115915.0, 50000.0], [115902.5, 1380.0], [115900.0, 4550.0], [115852.5, 40.0], [115830.0, 4920.0], [115827.5, 16390.0], [115760.0, 40.0], [115757.5, 5470.0], [115755.0, 18220.0], [115747.5, 20.0], [115730.0, 620.0], [115727.5, 2080.0], [115712.5, 8320.0]], "asks": [[115942.5, 12000.0], [115945.0, 17580.0], [115947.5, 44000.0], [115960.0, 1500.0], [115962.5, 5000.0], [115972.5, 1370.0], [115975.0, 4550.0], [115977.5, 160.0], [115992.5, 600.0], [115995.0, 2000.0], [116000.0, 4550.0], [116012.5, 2080.0], [116015.0, 4380.0], [116017.5, 6290.0], [116020.0, 8320.0], [116022.5, 4900.0], [116025.0, 16330.0], [116037.5, 40.0], [116122.5, 18360.0], [116132.5, 40.0]]}}}
{"jsonrpc": "2.0", "method": "subscription", "params": {"channel": "book.BTC-3OCT25.none.20.100ms", "data": {"timestamp": 1758295413752, "change_id": 117968877062, "instrument_name": "BTC-3OCT25", "bids": [[115940.0, 160.0], [115937.5, 5000.0], [115930.0, 6610.0], [115927.5, 22030.0], [115925.0, 5820.0], [115922.5, 7180.0], [115920.0, 44000.0], [115915.0, 50000.0], [115902.5, 10.0], [115852.5, 40.0], [115830.0, 4920.0], [115827.5, 16390.0], [115760.0, 40.0], [115757.5, 5470.0], [115755.0, 18220.0], [115747.5, 20.0], [115730.0, 620.0], [115727.5, 2080.0], [115712.5, 8320.0], [115702.5, 6100.0]], "asks": [[115942.5, 12000.0], [115945.0, 13030.0], [115947.5, 44000.0], [115960.0, 1500.0], [115962.5, 5000.0], [115977.5, 160.0], [115992.5, 600.0], [115995.0, 2000.0], [116012.5, 2080.0], [116015.0, 4380.0], [116017.5, 6290.0], [116020.0, 8320.0], [116022.5, 4900.0], [116025.0, 16330.0], [116037.5, 40.0], [116122.5, 18360.0], [116132.5, 40.0], [116185.0, 37800.0], [116225.0, 40.0], [116275.0, 1000.0]]}}}
{"jsonrpc": "2.0", "method": "subscription", "params": {"channel": "book.BTC-3OCT25.none.20.100ms", "data": {"timestamp": 1758295414042, "change_id": 117968877439, "instrument_name": "BTC-3OCT25", "bids": [[115940.0, 160.0], [115937.5, 5000.0], [115922.5, 108110.0], [115920.0, 44000.0], [115917.5, 7630.0], [115915.0, 50000.0], [115902.5, 10.0], [115852.5, 40.0], [115830.0, 4920.0], [115827.5, 16390.0], [115760.0, 40.0], [115757.5, 5470.0], [115755.0, 18220.0], [115747.5, 20.0], [115730.0, 620.0], [115727.5, 2080.0], [115712.5, 8320.0], [115702.5, 6100.0], [115667.5, 40.0], [115650.0, 33300.0]], "asks": [[115942.5, 12000.0], [115945.0, 13030.0], [115947.5, 44000.0], [115952.5, 1750.0], [115955.0, 5820.0], [115960.0, 1500.0], [115962.5, 5000.0], [115977.5, 160.0], [115992.5, 600.0], [115995.0, 2000.0], [116010.0, 620.0], [116012.5, 2080.0], [116015.0, 4380.0], [116017.5, 6290.0], [116020.0, 8320.0], [116022.5, 4900.0], [116025.0, 16330.0], [116037.5, 40.0], [116122.5, 18360.0], [116132.5, 40.0]]}}}
{"jsonrpc": "2.0", "method": "subscription", "params": {"channel": "book.BTC-3OCT25.none.20.100ms", "data": {"timestamp": 1758295414427, "change_id": 117968877793, "instrument_name": "BTC-3OCT25", "bids": [[115940.0, 160.0], [115937.5, 5000.0], [115925.0, 50000.0], [115922.5, 108110.0], [115920.0, 44000.0], [115902.5, 10.0], [115852.5, 40.0], [115830.0, 4920.0], [115827.5, 16390.0], [115760.0, 40.0], [115757.5, 5470.0], [115755.0, 18220.0], [115747.5, 20.0], [115730.0, 620.0], [115727.5, 2080.0], [115712.5, 8320.0], [115702.5, 6100.0], [115667.5, 40.0], [115650.0, 33300.0], [115645.0, 38350.0]], "asks": [[115942.5, 12000.0], [115945.0, 13030.0], [115947.5, 44000.0], [115952.5, 1750.0], [115955.0, 5820.0], [115960.0, 1500.0], [115962.5, 5000.0], [115977.5, 160.0], [115992.5, 600.0], [115995.0, 2000.0], [116010.0, 620.0], [116012.5, 2080.0], [116015.0, 4380.0], [116017.5, 6290.0], [116020.0, 8320.0], [116022.5, 4900.0], [116025.0, 16330.0], [116037.5, 40.0], [116122.5, 18360.0], [116132.5, 40.0]]}}}
{"jsonrpc": "2.0", "method": "subscription", "params": {"channel": "book.BTC-3OCT25.none.20.100ms", "data": {"timestamp": 1758295414710, "change_id": 117968878239, "instrument_name": "BTC-3OCT25", "bids": [[115940.0, 160.0], [115937.5, 5000.0], [115927.5, 5060.0], [115925.0, 50000.0], [115922.5, 108110.0], [115912.5, 44000.0], [115902.5, 10.0], [115852.5, 40.0], [115830.0, 4920.0], [115827.5, 16390.0], [115760.0, 40.0], [115757.5, 5470.0], [115755.0, 18220.0], [115747.5, 20.0], [115730.0, 620.0], [115727.5, 2080.0], [115715.0, 2500.0], [115712.5, 8320.0], [115702.5, 6100.0], [115667.5, 40.0]], "asks": [[115942.5, 12000.0], [115945.0, 13030.0], [115947.5, 44000.0], [115952.5, 1750.0], [115955.0, 5820.0], [115960.0, 1500.0], [115962.5, 5000.0], [115977.5, 160.0], [115992.5, 600.0], [115995.0, 2000.0], [116010.0, 620.0], [116012.5, 2080.0], [116015.0, 4380.0], [116017.5, 6290.0], [116020.0, 8320.0], [116022.5, 4900.0], [116025.0, 16330.0], [116037.5, 40.0], [116122.5, 18360.0], [116132.5, 40.0]]}}}
{"jsonrpc": "2.0", "method": "subscription", "params": {"channel": "book.BTC-3OCT25.none.20.100ms", "data": {"timestamp": 1758295415085, "change_id": 117968878817, "instrument_name": "BTC-3OCT25", "bids": [[115940.0, 160.0], [115937.5, 5000.0], [115917.5, 5210.0], [115915.0, 55870.0], [115912.5, 44000.0], [115902.5, 10.0], [115852.5, 40.0], [115830.0, 4920.0], [115827.5, 16390.0], [115760.0, 40.0], [115757.5, 5470.0], [115755.0, 18220.0], [115747.5, 20.0], [115730.0, 620.0], [115727.5, 2080.0], [115715.0, 2500.0], [115712.5, 8320.0], [115702.5, 6100.0], [115667.5, 40.0], [115650.0, 33300.0]], "asks": [[115942.5, 12000.0], [115945.0, 13030.0], [115947.5, 44000.0], [115952.5, 1750.0], [115955.0, 5820.0], [115960.0, 1500.0], [115962.5, 5000.0], [115977.5, 160.0], [115992.5, 600.0], [115995.0, 2000.0], [116010.0, 620.0], [116012.5, 2080.0], [116015.0, 4380.0], [116017.5, 6290.0], [116020.0, 8320.0], [116022.5, 4900.0], [116025.0, 16330.0], [116037.5, 40.0], [116122.5, 18360.0], [116132.5, 40.0]]}}}
{"jsonrpc": "2.0", "method": "subscription", "params": {"channel": "book.BTC-3OCT25.none.20.100ms", "data": {"timestamp": 1758295415387, "change_id": 117968879717, "instrument_name": "BTC-3OCT25", "bids": [[115910.0, 115470.0], [115902.5, 10.0], [115895.0, 160.0], [115852.5, 40.0], [115827.5, 16390.0], [115760.0, 40.0], [115747.5, 20.0], [115730.0, 68220.0], [115727.5, 2080.0], [115712.5, 8320.0], [115670.0, 6100.0], [115667.5, 40.0], [115650.0, 33300.0], [115645.0, 38350.0], [115630.0, 20.0], [115580.0, 50000.0], [115575.0, 540.0], [115515.0, 20.0], [115482.5, 40.0], [115470.0, 36830.0]], "asks": [[115937.5, 5000.0], [115940.0, 5820.0], [115962.5, 5000.0], [115977.5, 160.0], [115995.0, 2000.0], [116012.5, 2080.0], [116017.5, 6290.0], [116020.0, 8320.0], [116025.0, 16330.0], [116037.5, 40.0], [116122.5, 18360.0], [116132.5, 40.0], [116185.0, 37800.0], [116225.0, 40.0], [116275.0, 1000.0], [116285.0, 50000.0], [116307.5, 500.0], [116317.5, 40.0], [116387.5, 36660.0], [116410.0, 40.0]]}}}
{"jsonrpc": "2.0", "method": "subscription", "params": {"channel": "book.BTC-3OCT25.none.20.100ms", "data": {"timestamp": 1758295415721, "change_id": 117968880492, "instrument_name": "BTC-3OCT25", "bids": [[115922.5, 5000.0], [115910.0, 127290.0], [115907.5, 160.0], [115902.5, 44010.0], [115852.5, 40.0], [115827.5, 16390.0], [115760.0, 2120.0], [115747.5, 20.0], [115730.0, 18220.0], [115712.5, 8320.0], [115670.0, 6100.0], [115667.5, 40.0], [115650.0, 33300.0], [115645.0, 38350.0], [115630.0, 20.0], [115580.0, 50000.0], [115575.0, 540.0], [115515.0, 20.0], [115482.5, 40.0], [115470.0, 36830.0]], "asks": [[115932.5, 12000.0], [115935.0, 44000.0], [115942.5, 5820.0], [115955.0, 5000.0], [115965.0, 160.0], [115995.0, 2000.0], [116012.5, 2080.0], [116017.5, 6290.0], [116020.0, 8320.0], [116025.0, 16330.0], [116037.5, 40.0], [116122.5, 18360.0], [116132.5, 40.0], [116185.0, 37800.0], [116225.0, 40.0], [116275.0, 1000.0], [116285.0, 50000.0], [116307.5, 500.0], [116317.5, 40.0], [116387.5, 36660.0]]}}}
{"jsonrpc": "2.0", "method": "subscription", "params": {"channel": "book.BTC-3OCT25.none.20.100ms", "data": {"timestamp": 1758295415968, "change_id": 117968880960, "instrument_name": "BTC-3OCT25", "bids": [[115927.5, 5000.0], [115920.0, 160.0], [115912.5, 10290.0], [115910.0, 121470.0], [115902.5, 44010.0], [115852.5, 40.0], [115830.0, 4920.0], [115827.5, 16390.0], [115762.5, 640.0], [115760.0, 2120.0], [115747.5, 20.0], [115732.5, 5470.0], [115730.0, 18220.0], [115715.0, 2500.0], [115712.5, 8320.0], [115675.0, 1830.0], [115672.5, 6100.0], [115667.5, 40.0], [115650.0, 33300.0], [115645.0, 38350.0]], "asks": [[115930.0, 12000.0], [115932.5, 13200.0], [115935.0, 44000.0], [115940.0, 1750.0], [115942.5, 5820.0], [115952.5, 1500.0], [115955.0, 5000.0], [115965.0, 160.0], [115992.5, 600.0], [115995.0, 2000.0], [116010.0, 620.0], [116012.5, 2080.0], [116015.0, 4380.0], [116017.5, 6290.0], [116020.0, 8320.0], [116022.5, 4900.0], [116025.0, 16330.0], [116037.5, 40.0], [116122.5, 18360.0], [116132.5, 40.0]]}}}
{"jsonrpc": "2.0", "method": "subscription", "params": {"channel": "book.BTC-3OCT25.none.20.100ms", "data": {"timestamp": 1758295416271, "change_id": 117968881447, "instrument_name": "BTC-3OCT25", "bids": [[115927.5, 5000.0], [115920.0, 160.0], [115912.5, 10290.0], [115910.0, 121470.0], [115902.5, 44010.0], [115852.5, 40.0], [115827.5, 16390.0], [115762.5, 640.0], [115760.0, 2120.0], [115747.5, 20.0], [115732.5, 5470.0], [115730.0, 18220.0], [115715.0, 2500.0], [115712.5, 8320.0], [115672.5, 6100.0], [115667.5, 40.0], [115650.0, 33300.0], [115645.0, 38350.0], [115630.0, 20.0], [115580.0, 50000.0]], "asks": [[115930.0, 12000.0], [115932.5, 13200.0], [115935.0, 44000.0], [115952.5, 1500.0], [115955.0, 5000.0], [115965.0, 160.0], [115995.0, 2000.0], [116010.0, 620.0], [116012.5, 2080.0], [116017.5, 6290.0], [116020.0, 8320.0], [116025.0, 16330.0], [116037.5, 40.0], [116122.5, 18360.0], [116132.5, 40.0], [116185.0, 37800.0], [116225.0, 40.0], [116275.0, 1000.0], [116285.0, 50000.0], [116307.5, 500.0]]}}}
{"jsonrpc": "2.0", "method": "subscription", "params": {"channel": "book.BTC-3OCT25.none.20.100ms", "data": {"timestamp": 1758295416695, "change_id": 117968882010, "instrument_name": "BTC-3OCT25", "bids": [[115927.5, 5000.0], [115920.0, 160.0], [115912.5, 10290.0], [115910.0, 121470.0], [115902.5, 44010.0], [115852.5, 40.0], [115830.0, 4920.0], [115827.5, 16390.0], [115762.5, 640.0], [115760.0, 2120.0], [115747.5, 20.0], [115732.5, 5470.0], [115730.0, 18220.0], [115715.0, 2500.0], [115712.5, 8320.0], [115672.5, 6100.0], [115667.5, 40.0], [115650.0, 33300.0], [115645.0, 38350.0], [115630.0, 20.0]], "asks": [[115930.0, 12000.0], [115932.5, 13200.0], [115935.0, 44000.0], [115952.5, 1500.0], [115955.0, 5000.0], [115965.0, 160.0], [115992.5, 600.0], [115995.0, 2000.0], [116010.0, 620.0], [116012.5, 2080.0], [116015.0, 4380.0], [116017.5, 6290.0], [116020.0, 8320.0], [116022.5, 4900.0], [116025.0, 16330.0], [116037.5, 40.0], [116122.5, 18360.0], [116132.5, 40.0], [116185.0, 37800.0], [116225.0, 40.0]]}}}
{"jsonrpc": "2.0", "method": "subscription", "params": {"channel": "book.BTC-3OCT25.none.20.100ms", "data": {"timestamp": 1758295417030, "change_id": 117968882550, "instrument_name": "BTC-3OCT25", "bids": [[115927.5, 5000.0], [115920.0, 160.0], [115912.5, 10290.0], [115910.0, 121470.0], [115902.5, 44010.0], [115852.5, 40.0], [115830.0, 4920.0], [115827.5, 16390.0], [115762.5, 640.0], [115760.0, 2120.0], [115747.5, 20.0], [115732.5, 5470.0], [115730.0, 18220.0], [115715.0, 2500.0], [115712.5, 8320.0], [115672.5, 6100.0], [115667.5, 40.0], [115650.0, 33300.0], [115645.0, 38350.0], [115630.0, 20.0]], "asks": [[115930.0, 12000.0], [115932.5, 13200.0], [115935.0, 44000.0], [115942.5, 1750.0], [115945.0, 5820.0], [115952.5, 1500.0], [115955.0, 5000.0], [115965.0, 160.0], [115992.5, 600.0], [115995.0, 2000.0], [116010.0, 620.0], [116012.5, 2080.0], [116015.0, 4380.0], [116017.5, 6290.0], [116020.0, 8320.0], [116022.5, 4900.0], [116025.0, 16330.0], [116037.5, 40.0], [116122.5, 18360.0], [116132.5, 40.0]]}}}
{"jsonrpc": "2.0", "method": "subscription", "params": {"channel": "book.BTC-3OCT25.none.20.100ms", "data": {"timestamp": 1758295417384, "change_id": 117968882966, "instrument_name": "BTC-3OCT25", "bids": [[115927.5, 5000.0], [115920.0, 160.0], [115912.5, 10290.0], [115910.0, 127290.0], [115902.5, 44010.0], [115852.5, 40.0], [115830.0, 4920.0], [115827.5, 16390.0], [115762.5, 640.0], [115760.0, 2120.0], [115747.5, 20.0], [115732.5, 5470.0], [115730.0, 18220.0], [115715.0, 2500.0], [115712.5, 8320.0], [115672.5, 6100.0], [115667.5, 40.0], [115650.0, 33300.0], [115645.0, 38350.0], [115630.0, 20.0]], "asks": [[115930.0, 12000.0], [115932.5, 13200.0], [115935.0, 44000.0], [115942.5, 1750.0], [115945.0, 5820.0], [115952.5, 1500.0], [115955.0, 5000.0], [115965.0, 160.0], [115992.5, 600.0], [115995.0, 2000.0], [116010.0, 620.0], [116012.5, 2080.0], [116015.0, 4380.0], [116017.5, 6290.0], [116020.0, 8320.0], [116022.5, 4900.0], [116025.0, 16330.0], [116037.5, 40.0], [116122.5, 18360.0], [116132.5, 40.0]]}}}
{"jsonrpc": "2.0", "method": "subscription", "params": {"channel": "book.BTC-3OCT25.none.20.100ms", "data": {"timestamp": 1758295417721, "change_id": 117968883387, "instrument_name": "BTC-3OCT25", "bids": [[115927.5, 5000.0], [115920.0, 160.0], [115912.5, 10290.0], [115910.0, 127290.0], [115902.5, 44010.0], [115852.5, 40.0], [115830.0, 4920.0], [115827.5, 16390.0], [115762.5, 640.0], [115760.0, 2120.0], [115747.5, 20.0], [115732.5, 5470.0], [115730.0, 18220.0], [115715.0, 2500.0], [115712.5, 8320.0], [115672.5, 6100.0], [115667.5, 40.0], [115650.0, 33300.0], [115645.0, 38350.0], [115630.0, 20.0]], "asks": [[115930.0, 12000.0], [115932.5, 13200.0], [115935.0, 44000.0], [115942.5, 1750.0], [115945.0, 7320.0], [115947.5, 5000.0], [115965.0, 160.0], [115992.5, 600.0], [115995.0, 2000.0], [116010.0, 620.0], [116012.5, 2080.0], [116015.0, 4380.0], [116017.5, 6290.0], [116020.0, 8320.0], [116022.5, 4900.0], [116025.0, 16330.0], [116037.5, 40.0], [116122.5, 18360.0], [116132.5, 40.0], [116185.0, 37800.0]]}}}
{"jsonrpc": "2.0", "method": "subscription", "params": {"channel": "book.BTC-3OCT25.none.20.100ms", "data": {"timestamp": 1758295418019, "change_id": 117968883736, "instrument_name": "BTC-3OCT25", "bids": [[115927.5, 5000.0], [115920.0, 160.0], [115912.5, 10290.0], [115910.0, 121470.0], [115902.5, 44010.0], [115852.5, 40.0], [115830.0, 4920.0], [115827.5, 16390.0], [115762.5, 640.0], [115760.0, 2120.0], [115747.5, 20.0], [115732.5, 5470.0], [115730.0, 18220.0], [115715.0, 2500.0], [115712.5, 8320.0], [115672.5, 6100.0], [115667.5, 40.0], [115650.0, 33300.0], [115645.0, 38350.0], [115630.0, 20.0]], "asks": [[115930.0, 12000.0], [115932.5, 13200.0], [115935.0, 44000.0], [115942.5, 1750.0], [115945.0, 7320.0], [115947.5, 5000.0], [115965.0, 160.0], [115992.5, 600.0], [115995.0, 2000.0], [116010.0, 620.0], [116012.5, 2080.0], [116015.0, 4380.0], [116017.5, 6290.0], [116020.0, 8320.0], [116022.5, 4900.0], [116025.0, 16330.0], [116037.5, 40.0], [116122.5, 18360.0], [116132.5, 40.0], [116185.0, 37800.0]]}}}
{"jsonrpc": "2.0", "method": "subscription", "params": {"channel": "book.BTC-3OCT25.none.20.100ms", "data": {"timestamp": 1758295418379, "change_id": 117968884454, "instrument_name": "BTC-3OCT25", "bids": [[115920.0, 5160.0], [115902.5, 10.0], [115895.0, 44000.0], [115852.5, 40.0], [115835.0, 15000.0], [115832.5, 50000.0], [115830.0, 4920.0], [115827.5, 16390.0], [115762.5, 640.0], [115760.0, 2120.0], [115747.5, 20.0], [115730.0, 18220.0], [115715.0, 2500.0], [115712.5, 8320.0], [115675.0, 1830.0], [115672.5, 6100.0], [115667.5, 40.0], [115650.0, 33300.0], [115645.0, 38350.0], [115630.0, 20.0]], "asks": [[115925.0, 8500.0], [115927.5, 5000.0], [115932.5, 13200.0], [115935.0, 44000.0], [115945.0, 1500.0], [115947.5, 5000.0], [115965.0, 160.0], [115992.5, 600.0], [115995.0, 2000.0], [116012.5, 2080.0], [116015.0, 4380.0], [116017.5, 6290.0], [116020.0, 8320.0], [116022.5, 4900.0], [116025.0, 16330.0], [116037.5, 40.0], [116122.5, 18360.0], [116132.5, 40.0], [116185.0, 37800.0], [116225.0, 40.0]]}}}
{"jsonrpc": "2.0", "method": "subscription", "params": {"channel": "book.BTC-3OCT25.none.20.100ms", "data": {"timestamp": 1758295418729, "change_id": 117968885668, "instrument_name": "BTC-3OCT25", "bids": [[115920.0, 160.0], [115907.5, 5000.0], [115902.5, 10.0], [115897.5, 10470.0], [115895.0, 19930.0], [115890.0, 50000.0], [115887.5, 44000.0], [115852.5, 40.0], [115807.5, 16480.0], [115760.0, 2120.0], [115747.5, 20.0], [115715.0, 2500.0], [115712.5, 8320.0], [115667.5, 40.0], [115650.0, 33300.0], [115630.0, 20.0], [115580.0, 50000.0], [115575.0, 540.0], [115515.0, 20.0], [115482.5, 40.0]], "asks": [[115925.0, 7000.0], [115930.0, 5820.0], [115932.5, 13200.0], [115935.0, 44000.0], [115945.0, 1500.0], [115947.5, 5000.0], [115952.5, 160.0], [115962.5, 4750.0], [115965.0, 15670.0], [115992.5, 600.0], [115995.0, 2000.0], [116012.5, 2080.0], [116020.0, 8320.0], [116037.5, 40.0], [116132.5, 6330.0], [116225.0, 40.0], [116275.0, 1000.0], [116285.0, 50000.0], [116295.0, 18360.0], [116307.5, 500.0]]}}}
{"jsonrpc": "2.0", "method": "subscription", "params": {"channel": "book.BTC-3OCT25.none.20.100ms", "data": {"timestamp": 1758295419050, "change_id": 117968886717, "instrument_name": "BTC-3OCT25", "bids": [[115920.0, 160.0], [115915.0, 5000.0], [115902.5, 10.0], [115900.0, 4250.0], [115895.0, 19930.0], [115887.5, 44000.0], [115852.5, 40.0], [115835.0, 50000.0], [115807.5, 16480.0], [115760.0, 2120.0], [115747.5, 20.0], [115712.5, 8320.0], [115667.5, 40.0], [115650.0, 33300.0], [115630.0, 20.0], [115580.0, 50000.0], [115575.0, 540.0], [115515.0, 20.0], [115482.5, 40.0], [115475.0, 18220.0]], "asks": [[115925.0, 8500.0], [115927.5, 5000.0], [115932.5, 19020.0], [115935.0, 44000.0], [115945.0, 1500.0], [115947.5, 5000.0], [115952.5, 160.0], [115965.0, 15670.0], [115995.0, 2000.0], [116012.5, 2080.0], [116020.0, 8320.0], [116037.5, 40.0], [116132.5, 6330.0], [116225.0, 40.0], [116275.0, 1000.0], [116285.0, 50000.0], [116295.0, 18360.0], [116307.5, 500.0], [116317.5, 40.0], [116337.5, 37800.0]]}}}
{"jsonrpc": "2.0", "method": "subscription", "params": {"channel": "book.BTC-3OCT25.none.20.100ms", "data": {"timestamp": 1758295419388, "change_id": 117968887118, "instrument_name": "BTC-3OCT25", "bids": [[115922.5, 5000.0], [115920.0, 160.0], [115902.5, 10.0], [115887.5, 44000.0], [115852.5, 40.0], [115832.5, 50000.0], [115807.5, 16480.0], [115760.0, 2120.0], [115747.5, 20.0], [115712.5, 8320.0], [115667.5, 40.0], [115650.0, 33300.0], [115630.0, 20.0], [115580.0, 50000.0], [115575.0, 540.0], [115515.0, 20.0], [115482.5, 40.0], [115475.0, 18220.0], [115470.0, 36830.0], [115430.0, 38350.0]], "asks": [[115925.0, 12000.0], [115932.5, 19020.0], [115935.0, 44000.0], [115945.0, 1500.0], [115947.5, 5000.0], [115952.5, 160.0], [115965.0, 15670.0], [115995.0, 2000.0], [116012.5, 2080.0], [116020.0, 8320.0], [116037.5, 40.0], [116132.5, 6330.0], [116225.0, 40.0], [116275.0, 1000.0], [116285.0, 50000.0], [116295.0, 18360.0], [116307.5, 500.0], [116317.5, 40.0], [116337.5, 37800.0], [116387.5, 36660.0]]}}}
{"jsonrpc": "2.0", "method": "subscription", "params": {"channel": "book.BTC-3OCT25.none.20.100ms", "data": {"timestamp": 1758295419699, "change_id": 117968887601, "instrument_name": "BTC-3OCT25", "bids": [[115922.5, 5000.0], [115920.0, 160.0], [115905.0, 7040.0], [115902.5, 38080.0], [115887.5, 44000.0], [115852.5, 40.0], [115810.0, 50000.0], [115807.5, 16480.0], [115760.0, 2120.0], [115747.5, 20.0], [115712.5, 8320.0], [115667.5, 40.0], [115650.0, 33300.0], [115630.0, 20.0], [115580.0, 50000.0], [115575.0, 540.0], [115515.0, 20.0], [115482.5, 40.0], [115475.0, 18220.0], [115470.0, 36830.0]], "asks": [[115925.0, 12000.0], [115932.5, 13200.0], [115935.0, 44000.0], [115945.0, 1500.0], [115947.5, 5000.0], [115952.5, 160.0], [115965.0, 15670.0], [115995.0, 2000.0], [116012.5, 2080.0], [116020.0, 8320.0], [116037.5, 40.0], [116132.5, 6330.0], [116225.0, 40.0], [116275.0, 1000.0], [116285.0, 50000.0], [116295.0, 18360.0], [116307.5, 500.0], [116317.5, 40.0], [116337.5, 37800.0], [116387.5, 36660.0]]}}}
{"jsonrpc": "2.0", "method": "subscription", "params": {"channel": "book.BTC-3OCT25.none.20.100ms", "data": {"timestamp": 1758295420035, "change_id": 117968888003, "instrument_name": "BTC-3OCT25", "bids": [[115922.5, 5000.0], [115920.0, 160.0], [115905.0, 7040.0], [115902.5, 38080.0], [115890.0, 10040.0], [115887.5, 44000.0], [115852.5, 40.0], [115812.5, 15000.0], [115810.0, 50000.0], [115807.5, 16480.0], [115762.5, 640.0], [115760.0, 2120.0], [115747.5, 20.0], [115715.0, 2500.0], [115712.5, 8320.0], [115667.5, 40.0], [115650.0, 33300.0], [115630.0, 20.0], [115580.0, 50000.0], [115575.0, 540.0]], "asks": [[115925.0, 12000.0], [115932.5, 13200.0], [115935.0, 49820.0], [115945.0, 1500.0], [115947.5, 5000.0], [115952.5, 160.0], [115962.5, 4700.0], [115965.0, 15670.0], [115992.5, 600.0], [115995.0, 2000.0], [116012.5, 2080.0], [116020.0, 8320.0], [116037.5, 40.0], [116132.5, 6330.0], [116225.0, 40.0], [116275.0, 1000.0], [116285.0, 50000.0], [116295.0, 18360.0], [116307.5, 500.0], [116317.5, 40.0]]}}}
{"jsonrpc": "2.0", "method": "subscription", "params": {"channel": "book.BTC-3OCT25.none.20.100ms", "data": {"timestamp": 1758295420338, "change_id": 117968888505, "instrument_name": "BTC-3OCT25", "bids": [[115922.5, 5000.0], [115920.0, 160.0], [115907.5, 1750.0], [115905.0, 12860.0], [115902.5, 32260.0], [115897.5, 55740.0], [115895.0, 44000.0], [115852.5, 40.0], [115807.5, 16480.0], [115762.5, 640.0], [115760.0, 2120.0], [115747.5, 20.0], [115715.0, 2500.0], [115712.5, 8320.0], [115667.5, 40.0], [115650.0, 33300.0], [115630.0, 20.0], [115580.0, 50000.0], [115575.0, 540.0], [115515.0, 20.0]], "asks": [[115925.0, 12000.0], [115932.5, 13200.0], [115935.0, 44000.0], [115952.5, 160.0], [115962.5, 9700.0], [115965.0, 15670.0], [115992.5, 600.0], [115995.0, 2000.0], [116012.5, 2080.0], [116020.0, 8320.0], [116037.5, 40.0], [116132.5, 6330.0], [116225.0, 40.0], [116275.0, 1000.0], [116285.0, 50000.0], [116295.0, 18360.0], [116307.5, 500.0], [116317.5, 40.0], [116337.5, 37800.0], [116387.5, 36660.0]]}}}
{"jsonrpc": "2.0", "method": "subscription", "params": {"channel": "book.BTC-3OCT25.none.20.100ms", "data": {"timestamp": 1758295420693, "change_id": 117968889096, "instrument_name": "BTC-3OCT25", "bids": [[115922.5, 5000.0], [115920.0, 160.0], [115912.5, 1750.0], [115910.0, 5820.0], [115902.5, 10.0], [115897.5, 62480.0], [115895.0, 44000.0], [115852.5, 40.0], [115807.5, 16480.0], [115762.5, 640.0], [115760.0, 2120.0], [115747.5, 20.0], [115715.0, 2500.0], [115712.5, 8320.0], [115667.5, 40.0], [115650.0, 33300.0], [115630.0, 20.0], [115580.0, 50000.0], [115575.0, 540.0], [115515.0, 20.0]], "asks": [[115925.0, 12000.0], [115932.5, 13200.0], [115935.0, 44000.0], [115952.5, 1660.0], [115955.0, 5000.0], [115962.5, 4700.0], [115965.0, 15670.0], [115992.5, 600.0], [115995.0, 2000.0], [116012.5, 2080.0], [116020.0, 8320.0], [116037.5, 40.0], [116132.5, 6330.0], [116225.0, 40.0], [116275.0, 1000.0], [116285.0, 50000.0], [116295.0, 18360.0], [116307.5, 500.0], [116317.5, 40.0], [116337.5, 37800.0]]}}}
{"jsonrpc": "2.0", "method": "subscription", "params": {"channel": "book.BTC-3OCT25.none.20.100ms", "data": {"timestamp": 1758295421047, "change_id": 117968889705, "instrument_name": "BTC-3OCT25", "bids": [[115912.5, 1750.0], [115910.0, 5820.0], [115902.5, 10120.0], [115900.0, 52380.0], [115897.5, 62480.0], [115895.0, 44000.0], [115880.0, 160.0], [115852.5, 40.0], [115807.5, 16480.0], [115762.5, 640.0], [115760.0, 2120.0], [115747.5, 20.0], [115715.0, 2500.0], [115712.5, 8320.0], [115667.5, 40.0], [115650.0, 33300.0], [115630.0, 20.0], [115580.0, 50000.0], [115575.0, 540.0], [115515.0, 20.0]], "asks": [[115917.5, 7000.0], [115920.0, 1500.0], [115922.5, 5000.0], [115937.5, 1750.0], [115940.0, 5820.0], [115945.0, 1500.0], [115947.5, 5000.0], [115952.5, 160.0], [115962.5, 4700.0], [115965.0, 15670.0], [115992.5, 600.0], [115995.0, 2000.0], [116012.5, 2080.0], [116020.0, 8320.0], [116037.5, 40.0], [116132.5, 6330.0], [116225.0, 40.0], [116275.0, 1000.0], [116285.0, 50000.0], [116295.0, 18360.0]]}}}
{"jsonrpc": "2.0", "method": "subscription", "params": {"channel": "book.BTC-3OCT25.none.20.100ms", "data": {"timestamp": 1758295421267, "change_id": 117968889980, "instrument_name": "BTC-3OCT25", "bids": [[115915.0, 5000.0], [115912.5, 1750.0], [115910.0, 5820.0], [115905.0, 160.0], [115902.5, 10120.0], [115900.0, 52380.0], [115897.5, 62480.0], [115895.0, 44000.0], [115852.5, 40.0], [115807.5, 16480.0], [115762.5, 640.0], [115760.0, 2120.0], [115747.5, 20.0], [115715.0, 2500.0], [115712.5, 8320.0], [115667.5, 40.0], [115650.0, 33300.0], [115630.0, 20.0], [115580.0, 50000.0], [115575.0, 540.0]], "asks": [[115917.5, 7000.0], [115920.0, 18880.0], [115922.5, 44000.0], [115937.5, 1750.0], [115940.0, 5820.0], [115945.0, 1500.0], [115947.5, 5000.0], [115952.5, 160.0], [115962.5, 4700.0], [115965.0, 15670.0], [115992.5, 600.0], [115995.0, 2000.0], [116012.5, 2080.0], [116020.0, 8320.0], [116037.5, 40.0], [116132.5, 6330.0], [116225.0, 40.0], [116275.0, 1000.0], [116285.0, 50000.0], [116295.0, 18360.0]]}}}
{"jsonrpc": "2.0", "method": "subscription", "params": {"channel": "book.BTC-3OCT25.none.20.100ms", "data": {"timestamp": 1758295421690, "change_id": 117968890506, "instrument_name": "BTC-3OCT25", "bids": [[115915.0, 5000.0], [115910.0, 1790.0], [115907.5, 5820.0], [115905.0, 160.0], [115902.5, 10120.0], [115900.0, 52380.0], [115897.5, 62480.0], [115895.0, 44000.0], [115852.5, 40.0], [115807.5, 16480.0], [115762.5, 640.0], [115760.0, 2120.0], [115747.5, 20.0], [115715.0, 2500.0], [115712.5, 8320.0], [115667.5, 40.0], [115650.0, 33300.0], [115630.0, 20.0], [115580.0, 50000.0], [115575.0, 540.0]], "asks": [[115917.5, 12000.0], [115920.0, 13880.0], [115922.5, 44000.0], [115945.0, 1500.0], [115947.5, 5000.0], [115952.5, 160.0], [115962.5, 4700.0], [115965.0, 15670.0], [115992.5, 600.0], [115995.0, 2000.0], [116012.5, 2080.0], [116020.0, 8320.0], [116037.5, 40.0], [116132.5, 6330.0], [116225.0, 40.0], [116275.0, 1000.0], [116285.0, 50000.0], [116295.0, 18360.0], [116307.5, 500.0], [116317.5, 40.0]]}}}
{"jsonrpc": "2.0", "method": "subscription", "params": {"channel": "book.BTC-3OCT25.none.20.100ms", "data": {"timestamp": 1758295422034, "change_id": 117968890965, "instrument_name": "BTC-3OCT25", "bids": [[115915.0, 5000.0], [115905.0, 160.0], [115902.5, 10120.0], [115900.0, 52380.0], [115897.5, 62480.0], [115895.0, 44000.0], [115852.5, 40.0], [115810.0, 4940.0], [115807.5, 16480.0], [115762.5, 640.0], [115760.0, 2120.0], [115747.5, 20.0], [115715.0, 2500.0], [115712.5, 8320.0], [115667.5, 40.0], [115650.0, 33300.0], [115630.0, 20.0], [115580.0, 50000.0], [115575.0, 540.0], [115515.0, 20.0]], "asks": [[115917.5, 12000.0], [115920.0, 13880.0], [115922.5, 44000.0], [115945.0, 1500.0], [115947.5, 5000.0], [115952.5, 160.0], [115962.5, 4700.0], [115965.0, 15670.0], [115992.5, 600.0], [115995.0, 2000.0], [116010.0, 620.0], [116012.5, 2080.0], [116020.0, 8320.0], [116037.5, 40.0], [116132.5, 6330.0], [116225.0, 40.0], [116275.0, 1000.0], [116285.0, 50000.0], [116295.0, 18360.0], [116307.5, 500.0]]}}}
{"jsonrpc": "2.0", "method": "subscription", "params": {"channel": "book.BTC-3OCT25.none.20.100ms", "data": {"timestamp": 1758295422224, "change_id": 117968891239, "instrument_name": "BTC-3OCT25", "bids": [[115915.0, 5000.0], [115912.5, 1750.0], [115910.0, 5820.0], [115905.0, 160.0], [115902.5, 10120.0], [115900.0, 52380.0], [115897.5, 62480.0], [115895.0, 44000.0], [115852.5, 40.0], [115810.0, 4940.0], [115807.5, 16480.0], [115762.5, 640.0], [115760.0, 2120.0], [115747.5, 20.0], [115715.0, 2500.0], [115712.5, 8320.0], [115667.5, 40.0], [115650.0, 33300.0], [115630.0, 20.0], [115580.0, 50000.0]], "asks": [[115917.5, 12000.0], [115920.0, 13880.0], [115922.5, 44000.0], [115937.5, 1750.0], [115940.0, 5820.0], [115945.0, 1500.0], [115947.5, 5000.0], [115952.5, 160.0], [115962.5, 4700.0], [115965.0, 15670.0], [115992.5, 600.0], [115995.0, 2000.0], [116010.0, 620.0], [116012.5, 2080.0], [116020.0, 8320.0], [116037.5, 40.0], [116132.5, 6330.0], [116225.0, 40.0], [116275.0, 1000.0], [116285.0, 50000.0]]}}}
{"jsonrpc": "2.0", "method": "subscription", "params": {"channel": "book.BTC-3OCT25.none.20.100ms", "data": {"timestamp": 1758295422508, "change_id": 117968891436, "instrument_name": "BTC-3OCT25", "bids": [[115915.0, 5000.0], [115905.0, 160.0], [115902.5, 10120.0], [115900.0, 52380.0], [115897.5, 62480.0], [115895.0, 44000.0], [115852.5, 40.0], [115810.0, 4940.0], [115807.5, 16480.0], [115762.5, 640.0], [115760.0, 2120.0], [115747.5, 20.0], [115715.0, 2500.0], [115712.5, 8320.0], [115667.5, 40.0], [115650.0, 33300.0], [115630.0, 20.0], [115580.0, 50000.0], [115575.0, 540.0], [115515.0, 20.0]], "asks": [[115917.5, 12000.0], [115920.0, 13880.0], [115922.5, 44000.0], [115937.5, 1750.0], [115940.0, 5820.0], [115945.0, 1500.0], [115947.5, 5000.0], [115952.5, 160.0], [115962.5, 4700.0], [115965.0, 15670.0], [115992.5, 600.0], [115995.0, 2000.0], [116010.0, 620.0], [116012.5, 2080.0], [116020.0, 8320.0], [116037.5, 40.0], [116132.5, 6330.0], [116225.0, 40.0], [116275.0, 1000.0], [116285.0, 50000.0]]}}}
{"jsonrpc": "2.0", "method": "subscription", "params": {"channel": "book.BTC-3OCT25.none.20.100ms", "data": {"timestamp": 1758295422951, "change_id": 117968891964, "instrument_name": "BTC-3OCT25", "bids": [[115915.0, 5000.0], [115912.5, 1750.0], [115910.0, 5820.0], [115905.0, 160.0], [115902.5, 10120.0], [115900.0, 52380.0], [115897.5, 62480.0], [115895.0, 44000.0], [115852.5, 40.0], [115810.0, 4940.0], [115807.5, 16480.0], [115762.5, 640.0], [115760.0, 2120.0], [115747.5, 20.0], [115715.0, 2500.0], [115712.5, 8320.0], [115667.5, 40.0], [115650.0, 33300.0], [115630.0, 20.0], [115580.0, 50000.0]], "asks": [[115917.5, 12000.0], [115922.5, 44000.0], [115945.0, 1500.0], [115947.5, 5000.0], [115952.5, 160.0], [115962.5, 4700.0], [115965.0, 15670.0], [115992.5, 600.0], [115995.0, 2000.0], [116010.0, 620.0], [116012.5, 2080.0], [116020.0, 8320.0], [116037.5, 40.0], [116132.5, 6330.0], [116225.0, 40.0], [116275.0, 1000.0], [116285.0, 50000.0], [116295.0, 18360.0], [116307.5, 500.0], [116317.5, 40.0]]}}}
{"jsonrpc": "2.0", "method": "subscription", "params": {"channel": "book.BTC-3OCT25.none.20.100ms", "data": {"timestamp": 1758295423134, "change_id": 117968892266, "instrument_name": "BTC-3OCT25", "bids": [[115915.0, 5000.0], [115912.5, 1750.0], [115910.0, 5820.0], [115905.0, 160.0], [115902.5, 10120.0], [115900.0, 52380.0], [115897.5, 62480.0], [115895.0, 44000.0], [115852.5, 40.0], [115810.0, 4940.0], [115807.5, 16480.0], [115762.5, 640.0], [115760.0, 2120.0], [115747.5, 20.0], [115715.0, 2500.0], [115712.5, 8320.0], [115667.5, 40.0], [115650.0, 33300.0], [115630.0, 20.0], [115580.0, 50000.0]], "asks": [[115917.5, 12000.0], [115920.0, 8090.0], [115922.5, 44000.0], [115940.0, 1750.0], [115942.5, 5820.0], [115945.0, 1500.0], [115947.5, 5000.0], [115952.5, 160.0], [115962.5, 4700.0], [115965.0, 15670.0], [115992.5, 600.0], [115995.0, 2000.0], [116010.0, 620.0], [116012.5, 2080.0], [116020.0, 8320.0], [116037.5, 40.0], [116132.5, 6330.0], [116225.0, 40.0], [116275.0, 1000.0], [116285.0, 50000.0]]}}}
{"jsonrpc": "2.0", "method": "subscription", "params": {"channel": "book.BTC-3OCT25.none.20.100ms", "data": {"timestamp": 1758295423489, "change_id": 117968892603, "instrument_name": "BTC-3OCT25", "bids": [[115915.0, 5000.0], [115912.5, 1750.0], [115910.0, 5820.0], [115905.0, 160.0], [115902.5, 10120.0], [115900.0, 52380.0], [115897.5, 62480.0], [115895.0, 44000.0], [115852.5, 40.0], [115810.0, 4940.0], [115807.5, 16480.0], [115762.5, 640.0], [115760.0, 2120.0], [115747.5, 20.0], [115715.0, 2500.0], [115712.5, 8320.0], [115667.5, 40.0], [115650.0, 33300.0], [115630.0, 20.0], [115580.0, 50000.0]], "asks": [[115917.5, 12000.0], [115920.0, 8620.0], [115922.5, 44000.0], [115945.0, 1500.0], [115947.5, 5000.0], [115952.5, 160.0], [115962.5, 4700.0], [115965.0, 15670.0], [115992.5, 600.0], [115995.0, 2000.0], [116010.0, 620.0], [116012.5, 2080.0], [116020.0, 8320.0], [116037.5, 40.0], [116132.5, 6330.0], [116225.0, 40.0], [116275.0, 1000.0], [116285.0, 50000.0], [116295.0, 18360.0], [116307.5, 500.0]]}}}
{"jsonrpc": "2.0", "method": "subscription", "params": {"channel": "book.BTC-3OCT25.none.20.100ms", "data": {"timestamp": 1758295423949, "change_id": 117968893170, "instrument_name": "BTC-3OCT25", "bids": [[115915.0, 5000.0], [115912.5, 1750.0], [115910.0, 5820.0], [115905.0, 160.0], [115902.5, 10120.0], [115900.0, 52380.0], [115897.5, 62480.0], [115895.0, 44000.0], [115852.5, 40.0], [115810.0, 4940.0], [115807.5, 16480.0], [115762.5, 640.0], [115760.0, 2120.0], [115747.5, 20.0], [115715.0, 2500.0], [115712.5, 8320.0], [115667.5, 40.0], [115650.0, 33300.0], [115630.0, 20.0], [115580.0, 50000.0]], "asks": [[115917.5, 12000.0], [115920.0, 7530.0], [115922.5, 44000.0], [115945.0, 1500.0], [115947.5, 5000.0], [115952.5, 160.0], [115962.5, 4700.0], [115965.0, 15670.0], [115992.5, 600.0], [115995.0, 2000.0], [116010.0, 620.0], [116012.5, 2080.0], [116020.0, 8320.0], [116037.5, 40.0], [116132.5, 6330.0], [116225.0, 40.0], [116275.0, 1000.0], [116285.0, 50000.0], [116295.0, 18360.0], [116307.5, 500.0]]}}}
{"jsonrpc": "2.0", "method": "subscription", "params": {"channel": "book.BTC-3OCT25.none.20.100ms", "data": {"timestamp": 1758295424214, "change_id": 117968893599, "instrument_name": "BTC-3OCT25", "bids": [[115917.5, 5160.0], [115912.5, 1750.0], [115910.0, 5820.0], [115902.5, 10120.0], [115900.0, 52380.0], [115897.5, 62480.0], [115895.0, 44000.0], [115852.5, 40.0], [115810.0, 4940.0], [115807.5, 16480.0], [115762.5, 640.0], [115760.0, 2120.0], [115747.5, 20.0], [115715.0, 2500.0], [115712.5, 8320.0], [115667.5, 40.0], [115650.0, 33300.0], [115630.0, 20.0], [115580.0, 50000.0], [115575.0, 540.0]], "asks": [[115920.0, 5000.0], [115925.0, 7000.0], [115927.5, 11470.0], [115930.0, 44000.0], [115940.0, 1750.0], [115942.5, 5820.0], [115952.5, 160.0], [115955.0, 1500.0], [115957.5, 5000.0], [115962.5, 4700.0], [115965.0, 15670.0], [115992.5, 600.0], [115995.0, 2000.0], [116010.0, 620.0], [116012.5, 2080.0], [116020.0, 8320.0], [116037.5, 40.0], [116132.5, 6330.0], [116225.0, 40.0], [116275.0, 1000.0]]}}}
{"jsonrpc": "2.0", "method": "subscription", "params": {"channel": "book.BTC-3OCT25.none.20.100ms", "data": {"timestamp": 1758295424936, "change_id": 117968894296, "instrument_name": "BTC-3OCT25", "bids": [[115917.5, 5160.0], [115912.5, 1750.0], [115910.0, 5820.0], [115902.5, 10120.0], [115900.0, 52380.0], [115897.5, 62480.0], [115895.0, 44000.0], [115852.5, 40.0], [115810.0, 4940.0], [115807.5, 16480.0], [115762.5, 640.0], [115760.0, 2120.0], [115747.5, 20.0], [115715.0, 2500.0], [115712.5, 8320.0], [115667.5, 40.0], [115650.0, 33300.0], [115630.0, 20.0], [115580.0, 50000.0], [115575.0, 540.0]], "asks": [[115920.0, 5000.0], [115925.0, 7000.0], [115927.5, 11470.0], [115930.0, 44000.0], [115940.0, 1750.0], [115942.5, 5820.0], [115952.5, 160.0], [115955.0, 1500.0], [115957.5, 5000.0], [115970.0, 16210.0], [115992.5, 600.0], [115995.0, 2000.0], [116010.0, 620.0], [116012.5, 2080.0], [116020.0, 8320.0], [116037.5, 40.0], [116132.5, 6330.0], [116225.0, 40.0], [116275.0, 1000.0], [116285.0, 50000.0]]}}}
{"jsonrpc": "2.0", "method": "subscription", "params": {"channel": "book.BTC-3OCT25.none.20.100ms", "data": {"timestamp": 1758295425500, "change_id": 117968894900, "instrument_name": "BTC-3OCT25", "bids": [[115917.5, 5160.0], [115912.5, 1750.0], [115910.0, 5820.0], [115902.5, 10120.0], [115900.0, 52380.0], [115897.5, 62480.0], [115895.0, 44000.0], [115852.5, 40.0], [115810.0, 4940.0], [115807.5, 16480.0], [115762.5, 640.0], [115760.0, 2120.0], [115747.5, 20.0], [115715.0, 2500.0], [115712.5, 8320.0], [115667.5, 40.0], [115650.0, 33300.0], [115630.0, 20.0], [115580.0, 50000.0], [115575.0, 540.0]], "asks": [[115920.0, 5000.0], [115925.0, 7000.0], [115927.5, 11470.0], [115930.0, 44000.0], [115940.0, 1750.0], [115942.5, 5820.0], [115952.5, 160.0], [115955.0, 1500.0], [115957.5, 5000.0], [115967.5, 4860.0], [115970.0, 16210.0], [115992.5, 600.0], [115995.0, 2000.0], [116010.0, 620.0], [116012.5, 2080.0], [116020.0, 8320.0], [116037.5, 40.0], [116132.5, 6330.0], [116225.0, 40.0], [116275.0, 1000.0]]}}}
{"jsonrpc": "2.0", "method": "subscription", "params": {"channel": "book.BTC-3OCT25.none.20.100ms", "data": {"timestamp": 1758295425969, "change_id": 117968895529, "instrument_name": "BTC-3OCT25", "bids": [[115917.5, 5160.0], [115912.5, 1750.0], [115910.0, 5820.0], [115902.5, 10120.0], [115900.0, 52380.0], [115897.5, 62480.0], [115895.0, 44000.0], [115852.5, 40.0], [115810.0, 4940.0], [115807.5, 16480.0], [115762.5, 640.0], [115760.0, 2120.0], [115747.5, 20.0], [115715.0, 2500.0], [115712.5, 8320.0], [115667.5, 40.0], [115650.0, 33300.0], [115630.0, 20.0], [115580.0, 50000.0], [115575.0, 540.0]], "asks": [[115920.0, 5000.0], [115925.0, 7000.0], [115927.5, 11470.0], [115930.0, 44000.0], [115940.0, 1750.0], [115942.5, 5820.0], [115952.5, 160.0], [115955.0, 1500.0], [115957.5, 5000.0], [115967.5, 4860.0], [115970.0, 16210.0], [115992.5, 600.0], [115995.0, 2000.0], [116010.0, 620.0], [116012.5, 2080.0], [116020.0, 8320.0], [116037.5, 40.0], [116132.5, 6330.0], [116225.0, 40.0], [116275.0, 1000.0]]}}}
{"jsonrpc": "2.0", "method": "subscription", "params": {"channel": "book.BTC-3OCT25.none.20.100ms", "data": {"timestamp": 1758295426337, "change_id": 117968896394, "instrument_name": "BTC-3OCT25", "bids": [[115917.5, 10980.0], [115907.5, 13200.0], [115905.0, 44000.0], [115902.5, 64460.0], [115900.0, 52380.0], [115852.5, 40.0], [115810.0, 4940.0], [115807.5, 16480.0], [115762.5, 640.0], [115760.0, 2120.0], [115747.5, 20.0], [115715.0, 2500.0], [115712.5, 8320.0], [115667.5, 40.0], [115650.0, 33300.0], [115630.0, 20.0], [115580.0, 50000.0], [115575.0, 540.0], [115515.0, 20.0], [115482.5, 40.0]], "asks": [[115920.0, 5000.0], [115930.0, 46100.0], [115932.5, 7000.0], [115952.5, 1750.0], [115955.0, 5820.0], [115967.5, 160.0], [115992.5, 600.0], [115995.0, 2000.0], [116010.0, 620.0], [116012.5, 2080.0], [116017.5, 2500.0], [116020.0, 8320.0], [116037.5, 40.0], [116042.5, 16260.0], [116132.5, 6330.0], [116225.0, 40.0], [116275.0, 1000.0], [116285.0, 50000.0], [116295.0, 18360.0], [116307.5, 500.0]]}}}
{"jsonrpc": "2.0", "method": "subscription", "params": {"channel": "book.BTC-3OCT25.none.20.100ms", "data": {"timestamp": 1758295426644, "change_id": 117968896914, "instrument_name": "BTC-3OCT25", "bids": [[115917.5, 10980.0], [115907.5, 13200.0], [115905.0, 44000.0], [115902.5, 64460.0], [115900.0, 52380.0], [115852.5, 40.0], [115810.0, 4940.0], [115807.5, 16480.0], [115762.5, 640.0], [115760.0, 2120.0], [115747.5, 20.0], [115715.0, 2500.0], [115712.5, 8320.0], [115667.5, 40.0], [115650.0, 33300.0], [115630.0, 20.0], [115580.0, 50000.0], [115575.0, 540.0], [115515.0, 20.0], [115482.5, 40.0]], "asks": [[115920.0, 5000.0], [115930.0, 2100.0], [115932.5, 7000.0], [115935.0, 8840.0], [115937.5, 44000.0], [115952.5, 1750.0], [115955.0, 5820.0], [115965.0, 5000.0], [115967.5, 160.0], [115970.0, 1500.0], [115975.0, 15860.0], [115992.5, 600.0], [115995.0, 2000.0], [116010.0, 620.0], [116012.5, 2080.0], [116017.5, 2500.0], [116020.0, 8320.0], [116037.5, 40.0], [116132.5, 6330.0], [116225.0, 40.0]]}}}
{"jsonrpc": "2.0", "method": "subscription", "params": {"channel": "book.BTC-3OCT25.none.20.100ms", "data": {"timestamp": 1758295426961, "change_id": 117968897365, "instrument_name": "BTC-3OCT25", "bids": [[115917.5, 5160.0], [115907.5, 13200.0], [115905.0, 44000.0], [115902.5, 54350.0], [115852.5, 40.0], [115810.0, 4940.0], [115807.5, 16480.0], [115762.5, 640.0], [115760.0, 2120.0], [115747.5, 20.0], [115715.0, 2500.0], [115712.5, 8320.0], [115667.5, 40.0], [115650.0, 33300.0], [115630.0, 20.0], [115580.0, 50000.0], [115575.0, 540.0], [115515.0, 20.0], [115482.5, 40.0], [115475.0, 18220.0]], "asks": [[115920.0, 5000.0], [115922.5, 7990.0], [115925.0, 7000.0], [115930.0, 44000.0], [115952.5, 1750.0], [115955.0, 5820.0], [115965.0, 5000.0], [115967.5, 160.0], [115970.0, 1500.0], [115975.0, 15860.0], [115992.5, 600.0], [115995.0, 2000.0], [116010.0, 620.0], [116012.5, 2080.0], [116017.5, 2500.0], [116020.0, 8320.0], [116037.5, 40.0], [116132.5, 6330.0], [116225.0, 40.0], [116275.0, 1000.0]]}}}
{"jsonrpc": "2.0", "method": "subscription", "params": {"channel": "book.BTC-3OCT25.none.20.100ms", "data": {"timestamp": 1758295427077, "change_id": 117968897574, "instrument_name": "BTC-3OCT25", "bids": [[115917.5, 10980.0], [115910.0, 6960.0], [115907.5, 53080.0], [115902.5, 54350.0], [115897.5, 44000.0], [115852.5, 40.0], [115810.0, 4940.0], [115807.5, 16480.0], [115762.5, 640.0], [115760.0, 2120.0], [115747.5, 20.0], [115715.0, 2500.0], [115712.5, 8320.0], [115667.5, 40.0], [115650.0, 33300.0], [115630.0, 20.0], [115580.0, 50000.0], [115575.0, 540.0], [115515.0, 20.0], [115482.5, 40.0]], "asks": [[115920.0, 5000.0], [115922.5, 10670.0], [115925.0, 7000.0], [115930.0, 44000.0], [115945.0, 1750.0], [115947.5, 5820.0], [115957.5, 5000.0], [115967.5, 160.0], [115970.0, 1500.0], [115975.0, 15860.0], [115992.5, 600.0], [115995.0, 2000.0], [116010.0, 620.0], [116012.5, 2080.0], [116017.5, 2500.0], [116020.0, 8320.0], [116037.5, 40.0], [116132.5, 6330.0], [116225.0, 40.0], [116275.0, 1000.0]]}}}
{"jsonrpc": "2.0", "method": "subscription", "params": {"channel": "book.BTC-3OCT25.none.20.100ms", "data": {"timestamp": 1758295427550, "change_id": 117968897942, "instrument_name": "BTC-3OCT25", "bids": [[115917.5, 5160.0], [115910.0, 6960.0], [115907.5, 53080.0], [115902.5, 54350.0], [115897.5, 44000.0], [115852.5, 40.0], [115810.0, 4940.0], [115807.5, 16480.0], [115762.5, 640.0], [115760.0, 2120.0], [115747.5, 20.0], [115715.0, 2500.0], [115712.5, 8320.0], [115667.5, 40.0], [115650.0, 33300.0], [115630.0, 20.0], [115580.0, 50000.0], [115575.0, 540.0], [115515.0, 20.0], [115482.5, 40.0]], "asks": [[115920.0, 5000.0], [115922.5, 10670.0], [115925.0, 7000.0], [115930.0, 44000.0], [115945.0, 3030.0], [115947.5, 5820.0], [115950.0, 5000.0], [115967.5, 160.0], [115970.0, 4570.0], [115975.0, 15860.0], [115992.5, 600.0], [115995.0, 2000.0], [116010.0, 620.0], [116012.5, 2080.0], [116017.5, 2500.0], [116020.0, 8320.0], [116037.5, 40.0], [116132.5, 6330.0], [116225.0, 40.0], [116275.0, 1000.0]]}}}
{"jsonrpc": "2.0", "method": "subscription", "params": {"channel": "book.BTC-3OCT25.none.20.100ms", "data": {"timestamp": 1758295427701, "change_id": 117968898234, "instrument_name": "BTC-3OCT25", "bids": [[115917.5, 5160.0], [115915.0, 5820.0], [115910.0, 6960.0], [115907.5, 53080.0], [115902.5, 54350.0], [115897.5, 44000.0], [115852.5, 40.0], [115810.0, 4940.0], [115807.5, 16480.0], [115762.5, 640.0], [115760.0, 2120.0], [115747.5, 20.0], [115715.0, 2500.0], [115712.5, 8320.0], [115667.5, 40.0], [115650.0, 33300.0], [115630.0, 20.0], [115580.0, 50000.0], [115575.0, 540.0], [115515.0, 20.0]], "asks": [[115920.0, 5000.0], [115922.5, 10670.0], [115925.0, 7000.0], [115930.0, 44000.0], [115945.0, 3030.0], [115947.5, 5820.0], [115950.0, 5000.0], [115967.5, 160.0], [115970.0, 4570.0], [115975.0, 15860.0], [115992.5, 600.0], [115995.0, 2000.0], [116010.0, 620.0], [116012.5, 2080.0], [116017.5, 2500.0], [116020.0, 8320.0], [116037.5, 40.0], [116132.5, 6330.0], [116225.0, 40.0], [116275.0, 1000.0]]}}}
{"jsonrpc": "2.0", "method": "subscription", "params": {"channel": "book.BTC-3OCT25.none.20.100ms", "data": {"timestamp": 1758295428281, "change_id": 117968899042, "instrument_name": "BTC-3OCT25", "bids": [[115917.5, 5160.0], [115915.0, 5820.0], [115910.0, 12090.0], [115907.5, 103080.0], [115905.0, 44000.0], [115902.5, 10.0], [115852.5, 40.0], [115810.0, 4940.0], [115807.5, 16480.0], [115762.5, 640.0], [115760.0, 2120.0], [115747.5, 20.0], [115715.0, 2500.0], [115712.5, 8320.0], [115667.5, 40.0], [115650.0, 33300.0], [115630.0, 20.0], [115580.0, 50000.0], [115575.0, 540.0], [115515.0, 20.0]], "asks": [[115920.0, 5000.0], [115930.0, 7000.0], [115937.5, 44000.0], [115967.5, 160.0], [115970.0, 16210.0], [115975.0, 5000.0], [115995.0, 2000.0], [116012.5, 2080.0], [116020.0, 8320.0], [116037.5, 40.0], [116132.5, 6330.0], [116225.0, 40.0], [116275.0, 1000.0], [116285.0, 50000.0], [116295.0, 18360.0], [116307.5, 500.0], [116317.5, 40.0], [116337.5, 37800.0], [116387.5, 36660.0], [116410.0, 40.0]]}}}
{"jsonrpc": "2.0", "method": "subscription", "params": {"channel": "book.BTC-3OCT25.none.20.100ms", "data": {"timestamp": 1758295428625, "change_id": 117968899929, "instrument_name": "BTC-3OCT25", "bids": [[115917.5, 5160.0], [115915.0, 19020.0], [115912.5, 44000.0], [115910.0, 20540.0], [115907.5, 103080.0], [115902.5, 10.0], [115852.5, 40.0], [115810.0, 4940.0], [115807.5, 16480.0], [115762.5, 640.0], [115760.0, 2120.0], [115747.5, 20.0], [115712.5, 8320.0], [115667.5, 40.0], [115650.0, 33300.0], [115630.0, 20.0], [115580.0, 50000.0], [115575.0, 540.0], [115515.0, 20.0], [115482.5, 40.0]], "asks": [[115920.0, 5000.0], [115937.5, 2100.0], [115940.0, 7000.0], [115942.5, 10790.0], [115945.0, 44000.0], [115965.0, 1550.0], [115967.5, 5000.0], [115982.5, 160.0], [115995.0, 2000.0], [116012.5, 2080.0], [116017.5, 2500.0], [116020.0, 24810.0], [116037.5, 40.0], [116132.5, 6330.0], [116225.0, 40.0], [116275.0, 1000.0], [116285.0, 50000.0], [116295.0, 18360.0], [116307.5, 500.0], [116317.5, 40.0]]}}}
{"jsonrpc": "2.0", "method": "subscription", "params": {"channel": "book.BTC-3OCT25.none.20.100ms", "data": {"timestamp": 1758295428870, "change_id": 117968900422, "instrument_name": "BTC-3OCT25", "bids": [[115917.5, 5160.0], [115915.0, 19020.0], [115912.5, 44000.0], [115907.5, 50000.0], [115902.5, 10.0], [115852.5, 40.0], [115810.0, 4940.0], [115807.5, 16480.0], [115762.5, 640.0], [115760.0, 2120.0], [115747.5, 20.0], [115712.5, 8320.0], [115667.5, 40.0], [115650.0, 33300.0], [115630.0, 20.0], [115580.0, 50000.0], [115575.0, 540.0], [115515.0, 20.0], [115482.5, 40.0], [115475.0, 18220.0]], "asks": [[115920.0, 5000.0], [115937.5, 2100.0], [115940.0, 7000.0], [115942.5, 10790.0], [115945.0, 44000.0], [115957.5, 1750.0], [115960.0, 5820.0], [115965.0, 1550.0], [115967.5, 5000.0], [115982.5, 160.0], [115995.0, 2000.0], [116012.5, 2080.0], [116017.5, 2500.0], [116020.0, 24810.0], [116037.5, 40.0], [116132.5, 6330.0], [116225.0, 40.0], [116275.0, 1000.0], [116285.0, 50000.0], [116295.0, 18360.0]]}}}
{"jsonrpc": "2.0", "method": "subscription", "params": {"channel": "book.BTC-3OCT25.none.20.100ms", "data": {"timestamp": 1758295429157, "change_id": 117968900876, "instrument_name": "BTC-3OCT25", "bids": [[115917.5, 5160.0], [115915.0, 19020.0], [115912.5, 44000.0], [115907.5, 50000.0], [115902.5, 10.0], [115852.5, 40.0], [115810.0, 4940.0], [115807.5, 16480.0], [115762.5, 640.0], [115760.0, 2120.0], [115747.5, 20.0], [115712.5, 8320.0], [115667.5, 40.0], [115650.0, 33300.0], [115630.0, 20.0], [115580.0, 50000.0], [115575.0, 540.0], [115515.0, 20.0], [115482.5, 40.0], [115475.0, 18220.0]], "asks": [[115920.0, 5000.0], [115932.5, 7000.0], [115935.0, 9060.0], [115937.5, 44000.0], [115957.5, 1750.0], [115960.0, 5820.0], [115965.0, 1550.0], [115967.5, 5000.0], [115982.5, 160.0], [115995.0, 2000.0], [116012.5, 2080.0], [116017.5, 2500.0], [116020.0, 24810.0], [116037.5, 40.0], [116132.5, 6330.0], [116225.0, 40.0], [116275.0, 1000.0], [116285.0, 50000.0], [116295.0, 18360.0], [116307.5, 500.0]]}}}
{"jsonrpc": "2.0", "method": "subscription", "params": {"channel": "book.BTC-3OCT25.none.20.100ms", "data": {"timestamp": 1758295429603, "change_id": 117968901439, "instrument_name": "BTC-3OCT25", "bids": [[115917.5, 5160.0], [115915.0, 5820.0], [115910.0, 13730.0], [115905.0, 50000.0], [115902.5, 44010.0], [115852.5, 40.0], [115810.0, 4940.0], [115807.5, 16480.0], [115762.5, 640.0], [115760.0, 2120.0], [115747.5, 20.0], [115715.0, 2500.0], [115712.5, 8320.0], [115667.5, 40.0], [115650.0, 33300.0], [115630.0, 20.0], [115580.0, 50000.0], [115575.0, 540.0], [115515.0, 20.0], [115482.5, 40.0]], "asks": [[115920.0, 5000.0], [115930.0, 7000.0], [115935.0, 9060.0], [115937.5, 44000.0], [115950.0, 1750.0], [115952.5, 5820.0], [115957.5, 1500.0], [115960.0, 5000.0], [115982.5, 160.0], [115992.5, 600.0], [115995.0, 2000.0], [116012.5, 2080.0], [116017.5, 2500.0], [116020.0, 24810.0], [116037.5, 40.0], [116132.5, 6330.0], [116225.0, 40.0], [116275.0, 1000.0], [116285.0, 50000.0], [116295.0, 18360.0]]}}}
{"jsonrpc": "2.0", "method": "subscription", "params": {"channel": "book.BTC-3OCT25.none.20.100ms", "data": {"timestamp": 1758295429683, "change_id": 117968901574, "instrument_name": "BTC-3OCT25", "bids": [[115917.5, 5160.0], [115915.0, 29000.0], [115910.0, 13730.0], [115905.0, 50000.0], [115902.5, 44010.0], [115852.5, 40.0], [115810.0, 4940.0], [115807.5, 16480.0], [115762.5, 640.0], [115760.0, 2120.0], [115747.5, 20.0], [115715.0, 2500.0], [115712.5, 8320.0], [115667.5, 40.0], [115650.0, 33300.0], [115630.0, 20.0], [115580.0, 50000.0], [115575.0, 540.0], [115515.0, 20.0], [115482.5, 40.0]], "asks": [[115920.0, 5000.0], [115930.0, 7000.0], [115935.0, 9060.0], [115937.5, 44000.0], [115950.0, 1750.0], [115952.5, 5820.0], [115957.5, 1500.0], [115960.0, 5000.0], [115982.5, 160.0], [115992.5, 600.0], [115995.0, 2000.0], [116012.5, 2080.0], [116017.5, 2500.0], [116020.0, 24810.0], [116037.5, 40.0], [116132.5, 6330.0], [116225.0, 40.0], [116275.0, 1000.0], [116285.0, 50000.0], [116295.0, 18360.0]]}}}
{"jsonrpc": "2.0", "method": "subscription", "params": {"channel": "book.BTC-3OCT25.none.20.100ms", "data": {"timestamp": 1758295430202, "change_id": 117968902230, "instrument_name": "BTC-3OCT25", "bids": [[115917.5, 5160.0], [115915.0, 29000.0], [115912.5, 13200.0], [115910.0, 57730.0], [115905.0, 50000.0], [115902.5, 10.0], [115852.5, 40.0], [115810.0, 4940.0], [115807.5, 16480.0], [115762.5, 640.0], [115760.0, 2120.0], [115747.5, 20.0], [115715.0, 2500.0], [115712.5, 8320.0], [115667.5, 40.0], [115650.0, 33300.0], [115630.0, 20.0], [115580.0, 50000.0], [115575.0, 540.0], [115515.0, 20.0]], "asks": [[115920.0, 5000.0], [115930.0, 7000.0], [115935.0, 9060.0], [115937.5, 44000.0], [115950.0, 1750.0], [115952.5, 5820.0], [115957.5, 1500.0], [115960.0, 5000.0], [115982.5, 160.0], [115992.5, 600.0], [115995.0, 2000.0], [116012.5, 2080.0], [116017.5, 2500.0], [116020.0, 24810.0], [116037.5, 40.0], [116132.5, 6330.0], [116225.0, 40.0], [116275.0, 1000.0], [116285.0, 50000.0], [116295.0, 18360.0]]}}}
{"jsonrpc": "2.0", "method": "subscription", "params": {"channel": "book.BTC-3OCT25.none.20.100ms", "data": {"timestamp": 1758295430353, "change_id": 117968902346, "instrument_name": "BTC-3OCT25", "bids": [[115917.5, 5160.0], [115915.0, 29000.0], [115912.5, 63200.0], [115910.0, 44000.0], [115902.5, 10.0], [115852.5, 40.0], [115810.0, 4940.0], [115807.5, 16480.0], [115762.5, 640.0], [115760.0, 2120.0], [115747.5, 20.0], [115715.0, 2500.0], [115712.5, 8320.0], [115667.5, 40.0], [115650.0, 33300.0], [115630.0, 20.0], [115580.0, 50000.0], [115575.0, 540.0], [115515.0, 20.0], [115482.5, 40.0]], "asks": [[115920.0, 5000.0], [115930.0, 7000.0], [115935.0, 9060.0], [115937.5, 44000.0], [115950.0, 1750.0], [115952.5, 5820.0], [115957.5, 1500.0], [115960.0, 5000.0], [115982.5, 160.0], [115992.5, 600.0], [115995.0, 2000.0], [116012.5, 2080.0], [116017.5, 2500.0], [116020.0, 24810.0], [116037.5, 40.0], [116132.5, 6330.0], [116225.0, 40.0], [116275.0, 1000.0], [116285.0, 50000.0], [116295.0, 18360.0]]}}}
{"jsonrpc": "2.0", "method": "subscription", "params": {"channel": "book.BTC-3OCT25.none.20.100ms", "data": {"timestamp": 1758295431935, "change_id": 117968904549, "instrument_name": "BTC-3OCT25", "bids": [[115917.5, 5160.0], [115915.0, 23180.0], [115902.5, 62370.0], [115900.0, 44000.0], [115852.5, 40.0], [115810.0, 4940.0], [115807.5, 16480.0], [115762.5, 640.0], [115760.0, 2120.0], [115747.5, 20.0], [115715.0, 2500.0], [115712.5, 8320.0], [115667.5, 40.0], [115650.0, 33300.0], [115630.0, 20.0], [115580.0, 50000.0], [115575.0, 540.0], [115515.0, 20.0], [115482.5, 40.0], [115475.0, 18220.0]], "asks": [[115920.0, 5000.0], [115922.5, 7000.0], [115927.5, 11120.0], [115930.0, 44000.0], [115942.5, 1750.0], [115945.0, 5820.0], [115957.5, 1500.0], [115960.0, 5000.0], [115970.0, 160.0], [115992.5, 600.0], [115995.0, 2000.0], [116010.0, 620.0], [116012.5, 2080.0], [116017.5, 2500.0], [116020.0, 24810.0], [116037.5, 40.0], [116132.5, 6330.0], [116225.0, 40.0], [116275.0, 1000.0], [116285.0, 50000.0]]}}}
{"jsonrpc": "2.0", "method": "subscription", "params": {"channel": "book.BTC-3OCT25.none.20.100ms", "data": {"timestamp": 1758295432231, "change_id": 117968905152, "instrument_name": "BTC-3OCT25", "bids": [[115917.5, 5160.0], [115915.0, 23180.0], [115912.5, 1750.0], [115910.0, 5820.0], [115902.5, 62370.0], [115900.0, 44000.0], [115852.5, 40.0], [115810.0, 4940.0], [115807.5, 16480.0], [115762.5, 640.0], [115760.0, 2120.0], [115747.5, 20.0], [115715.0, 2500.0], [115712.5, 8320.0], [115667.5, 40.0], [115650.0, 33300.0], [115630.0, 20.0], [115580.0, 50000.0], [115575.0, 540.0], [115515.0, 20.0]], "asks": [[115920.0, 5000.0], [115922.5, 7000.0], [115927.5, 11120.0], [115930.0, 44000.0], [115935.0, 1750.0], [115937.5, 5820.0], [115950.0, 1500.0], [115952.5, 5000.0], [115970.0, 160.0], [115992.5, 600.0], [115995.0, 2000.0], [116010.0, 620.0], [116012.5, 2080.0], [116017.5, 2500.0], [116020.0, 24810.0], [116037.5, 40.0], [116132.5, 6330.0], [116225.0, 40.0], [116275.0, 1000.0], [116285.0, 50000.0]]}}}
{"jsonrpc": "2.0", "method": "subscription", "params": {"channel": "book.BTC-3OCT25.none.20.100ms", "data": {"timestamp": 1758295432610, "change_id": 117968905691, "instrument_name": "BTC-3OCT25", "bids": [[115917.5, 5160.0], [115912.5, 1750.0], [115910.0, 5820.0], [115902.5, 10.0], [115892.5, 62350.0], [115890.0, 44000.0], [115852.5, 40.0], [115810.0, 4940.0], [115807.5, 16480.0], [115762.5, 640.0], [115760.0, 2120.0], [115747.5, 20.0], [115715.0, 2500.0], [115712.5, 8320.0], [115667.5, 40.0], [115650.0, 33300.0], [115630.0, 20.0], [115580.0, 50000.0], [115575.0, 540.0], [115515.0, 20.0]], "asks": [[115920.0, 5000.0], [115922.5, 7000.0], [115927.5, 11120.0], [115930.0, 44000.0], [115950.0, 1500.0], [115952.5, 5000.0], [115957.5, 160.0], [115992.5, 600.0], [115995.0, 2000.0], [116010.0, 620.0], [116012.5, 2080.0], [116017.5, 2500.0], [116020.0, 24810.0], [116037.5, 40.0], [116132.5, 6330.0], [116225.0, 40.0], [116275.0, 1000.0], [116285.0, 50000.0], [116295.0, 18360.0], [116307.5, 500.0]]}}}
{"jsonrpc": "2.0", "method": "subscription", "params": {"channel": "book.BTC-3OCT25.none.20.100ms", "data": {"timestamp": 1758295432945, "change_id": 117968906157, "instrument_name": "BTC-3OCT25", "bids": [[115917.5, 5160.0], [115902.5, 10.0], [115897.5, 59330.0], [115895.0, 106730.0], [115892.5, 12350.0], [115890.0, 44000.0], [115852.5, 40.0], [115810.0, 4940.0], [115807.5, 16480.0], [115762.5, 640.0], [115760.0, 2120.0], [115747.5, 20.0], [115715.0, 2500.0], [115712.5, 8320.0], [115667.5, 40.0], [115650.0, 33300.0], [115632.5, 6100.0], [115630.0, 20.0], [115615.0, 18220.0], [115580.0, 50000.0]], "asks": [[115920.0, 5000.0], [115922.5, 7000.0], [115927.5, 11120.0], [115930.0, 44000.0], [115932.5, 1750.0], [115935.0, 5820.0], [115942.5, 1500.0], [115945.0, 5000.0], [115957.5, 160.0], [115992.5, 600.0], [115995.0, 2000.0], [116007.5, 6290.0], [116010.0, 620.0], [116012.5, 2080.0], [116017.5, 7130.0], [116020.0, 24810.0], [116037.5, 40.0], [116132.5, 40.0], [116187.5, 37800.0], [116207.5, 18360.0]]}}}
{"jsonrpc": "2.0", "method": "subscription", "params": {"channel": "book.BTC-3OCT25.none.20.100ms", "data": {"timestamp": 1758295433197, "change_id": 117968906559, "instrument_name": "BTC-3OCT25", "bids": [[115917.5, 5160.0], [115910.0, 1750.0], [115907.5, 5820.0], [115902.5, 10.0], [115897.5, 59330.0], [115895.0, 106730.0], [115892.5, 12350.0], [115890.0, 44000.0], [115852.5, 40.0], [115810.0, 4940.0], [115807.5, 16480.0], [115762.5, 640.0], [115760.0, 2120.0], [115747.5, 20.0], [115715.0, 2500.0], [115712.5, 8320.0], [115667.5, 40.0], [115650.0, 33300.0], [115632.5, 6100.0], [115630.0, 20.0]], "asks": [[115920.0, 5000.0], [115922.5, 7000.0], [115927.5, 11120.0], [115930.0, 44000.0], [115932.5, 1750.0], [115935.0, 5820.0], [115942.5, 1500.0], [115945.0, 5000.0], [115957.5, 160.0], [115992.5, 600.0], [115995.0, 2000.0], [116007.5, 6290.0], [116010.0, 620.0], [116012.5, 2080.0], [116017.5, 7130.0], [116020.0, 24810.0], [116037.5, 40.0], [116132.5, 40.0], [116187.5, 37800.0], [116207.5, 18360.0]]}}}
{"jsonrpc": "2.0", "method": "subscription", "params": {"channel": "book.BTC-3OCT25.none.20.100ms", "data": {"timestamp": 1758295433519, "change_id": 117968906769, "instrument_name": "BTC-3OCT25", "bids": [[115917.5, 5160.0], [115910.0, 1750.0], [115907.5, 5820.0], [115902.5, 10.0], [115892.5, 62350.0], [115890.0, 44000.0], [115852.5, 40.0], [115810.0, 4940.0], [115807.5, 16480.0], [115762.5, 640.0], [115760.0, 2120.0], [115747.5, 20.0], [115715.0, 2500.0], [115712.5, 8320.0], [115667.5, 40.0], [115650.0, 33300.0], [115632.5, 6100.0], [115630.0, 20.0], [115615.0, 18220.0], [115580.0, 50000.0]], "asks": [[115920.0, 5000.0], [115922.5, 7000.0], [115927.5, 11120.0], [115930.0, 44000.0], [115942.5, 1500.0], [115945.0, 5000.0], [115957.5, 160.0], [115992.5, 600.0], [115995.0, 2000.0], [116007.5, 6290.0], [116010.0, 620.0], [116012.5, 2080.0], [116017.5, 7130.0], [116020.0, 24810.0], [116037.5, 40.0], [116132.5, 40.0], [116187.5, 37800.0], [116207.5, 18360.0], [116225.0, 40.0], [116275.0, 1000.0]]}}}
{"jsonrpc": "2.0", "method": "subscription", "params": {"channel": "book.BTC-3OCT25.none.20.100ms", "data": {"timestamp": 1758295433929, "change_id": 117968907314, "instrument_name": "BTC-3OCT25", "bids": [[115917.5, 5160.0], [115912.5, 1750.0], [115910.0, 5820.0], [115907.5, 4330.0], [115905.0, 55940.0], [115902.5, 114750.0], [115892.5, 12350.0], [115890.0, 44000.0], [115852.5, 40.0], [115810.0, 4940.0], [115807.5, 16480.0], [115762.5, 640.0], [115760.0, 2120.0], [115747.5, 20.0], [115715.0, 2500.0], [115712.5, 8320.0], [115667.5, 40.0], [115652.5, 9990.0], [115650.0, 33300.0], [115632.5, 6100.0]], "asks": [[115920.0, 5000.0], [115922.5, 7000.0], [115927.5, 11120.0], [115930.0, 44000.0], [115942.5, 1500.0], [115945.0, 5000.0], [115957.5, 160.0], [115992.5, 600.0], [115995.0, 2000.0], [116005.0, 1890.0], [116007.5, 6290.0], [116010.0, 620.0], [116012.5, 2080.0], [116017.5, 7130.0], [116020.0, 24810.0], [116037.5, 40.0], [116132.5, 40.0], [116187.5, 37800.0], [116207.5, 18360.0], [116225.0, 40.0]]}}}
{"jsonrpc": "2.0", "method": "subscription", "params": {"channel": "book.BTC-3OCT25.none.20.100ms", "data": {"timestamp": 1758295433971, "change_id": 117968907410, "instrument_name": "BTC-3OCT25", "bids": [[115917.5, 5160.0], [115912.5, 1750.0], [115910.0, 5820.0], [115907.5, 4330.0], [115905.0, 55940.0], [115902.5, 114750.0], [115892.5, 12350.0], [115890.0, 44000.0], [115852.5, 40.0], [115810.0, 4940.0], [115807.5, 16480.0], [115762.5, 640.0], [115760.0, 2120.0], [115747.5, 20.0], [115715.0, 2500.0], [115712.5, 8320.0], [115667.5, 40.0], [115652.5, 9990.0], [115650.0, 33300.0], [115632.5, 6100.0]], "asks": [[115920.0, 5000.0], [115922.5, 7000.0], [115927.5, 11120.0], [115930.0, 44000.0], [115935.0, 1750.0], [115937.5, 5820.0], [115942.5, 1500.0], [115945.0, 5000.0], [115957.5, 160.0], [115992.5, 600.0], [115995.0, 2000.0], [116005.0, 1890.0], [116007.5, 6290.0], [116010.0, 620.0], [116012.5, 2080.0], [116017.5, 7130.0], [116020.0, 24810.0], [116037.5, 40.0], [116132.5, 40.0], [116187.5, 37800.0]]}}}
{"jsonrpc": "2.0", "method": "subscription", "params": {"channel": "book.BTC-3OCT25.none.20.100ms", "data": {"timestamp": 1758295434440, "change_id": 117968907963, "instrument_name": "BTC-3OCT25", "bids": [[115917.5, 5160.0], [115912.5, 1750.0], [115910.0, 5820.0], [115907.5, 4330.0], [115905.0, 55940.0], [115902.5, 114750.0], [115897.5, 44000.0], [115852.5, 40.0], [115810.0, 4940.0], [115807.5, 16480.0], [115762.5, 640.0], [115760.0, 2120.0], [115747.5, 20.0], [115715.0, 2500.0], [115712.5, 8320.0], [115667.5, 40.0], [115652.5, 9990.0], [115650.0, 33300.0], [115632.5, 6100.0], [115630.0, 20.0]], "asks": [[115920.0, 5000.0], [115922.5, 7000.0], [115927.5, 11120.0], [115930.0, 44000.0], [115937.5, 1750.0], [115940.0, 5820.0], [115942.5, 1500.0], [115945.0, 5000.0], [115957.5, 160.0], [115992.5, 600.0], [115995.0, 2000.0], [116005.0, 1890.0], [116007.5, 6290.0], [116010.0, 620.0], [116012.5, 2080.0], [116017.5, 7130.0], [116020.0, 24810.0], [116037.5, 40.0], [116132.5, 40.0], [116187.5, 37800.0]]}}}
{"jsonrpc": "2.0", "method": "subscription", "params": {"channel": "book.BTC-3OCT25.none.20.100ms", "data": {"timestamp": 1758295434938, "change_id": 117968908645, "instrument_name": "BTC-3OCT25", "bids": [[115917.5, 5160.0], [115912.5, 1750.0], [115910.0, 5820.0], [115907.5, 12010.0], [115905.0, 99940.0], [115902.5, 114750.0], [115852.5, 40.0], [115810.0, 4940.0], [115807.5, 16480.0], [115762.5, 640.0], [115760.0, 2120.0], [115747.5, 20.0], [115715.0, 2500.0], [115712.5, 8320.0], [115667.5, 40.0], [115652.5, 9990.0], [115650.0, 33300.0], [115632.5, 6100.0], [115630.0, 20.0], [115615.0, 18220.0]], "asks": [[115920.0, 5000.0], [115927.5, 11120.0], [115930.0, 44000.0], [115940.0, 1750.0], [115942.5, 5820.0], [115952.5, 1500.0], [115955.0, 5000.0], [115957.5, 160.0], [115992.5, 600.0], [115995.0, 2000.0], [116005.0, 1890.0], [116007.5, 6290.0], [116010.0, 620.0], [116012.5, 2080.0], [116017.5, 7130.0], [116020.0, 24810.0], [116037.5, 40.0], [116132.5, 40.0], [116187.5, 37800.0], [116207.5, 18360.0]]}}}
{"jsonrpc": "2.0", "method": "subscription", "params": {"channel": "book.BTC-3OCT25.none.20.100ms", "data": {"timestamp": 1758295435198, "change_id": 117968909353, "instrument_name": "BTC-3OCT25", "bids": [[115917.5, 5160.0], [115912.5, 1750.0], [115910.0, 5820.0], [115907.5, 17340.0], [115905.0, 99940.0], [115902.5, 114750.0], [115852.5, 40.0], [115810.0, 4940.0], [115807.5, 16480.0], [115762.5, 640.0], [115760.0, 2120.0], [115747.5, 20.0], [115715.0, 2500.0], [115712.5, 8320.0], [115667.5, 40.0], [115652.5, 9990.0], [115650.0, 33300.0], [115632.5, 6100.0], [115630.0, 20.0], [115615.0, 18220.0]], "asks": [[115920.0, 5000.0], [115927.5, 7000.0], [115930.0, 44000.0], [115952.5, 1750.0], [115955.0, 5820.0], [115975.0, 160.0], [115992.5, 600.0], [115995.0, 2000.0], [116005.0, 1890.0], [116007.5, 6290.0], [116010.0, 620.0], [116012.5, 2080.0], [116017.5, 7130.0], [116020.0, 24810.0], [116037.5, 40.0], [116132.5, 40.0], [116187.5, 37800.0], [116207.5, 18360.0], [116225.0, 40.0], [116275.0, 1000.0]]}}}
{"jsonrpc": "2.0", "method": "subscription", "params": {"channel": "book.BTC-3OCT25.none.20.100ms", "data": {"timestamp": 1758295435433, "change_id": 117968909608, "instrument_name": "BTC-3OCT25", "bids": [[115917.5, 5160.0], [115912.5, 1750.0], [115910.0, 5820.0], [115907.5, 17340.0], [115905.0, 99940.0], [115902.5, 114750.0], [115852.5, 40.0], [115810.0, 4940.0], [115807.5, 16480.0], [115762.5, 640.0], [115760.0, 2120.0], [115747.5, 20.0], [115715.0, 2500.0], [115712.5, 8320.0], [115667.5, 40.0], [115652.5, 9990.0], [115650.0, 33300.0], [115632.5, 6100.0], [115630.0, 20.0], [115615.0, 18220.0]], "asks": [[115920.0, 5000.0], [115927.5, 7000.0], [115935.0, 11060.0], [115937.5, 44000.0], [115952.5, 1750.0], [115955.0, 5820.0], [115967.5, 5000.0], [115975.0, 160.0], [115992.5, 600.0], [115995.0, 2000.0], [116005.0, 1890.0], [116007.5, 6290.0], [116010.0, 620.0], [116012.5, 2080.0], [116017.5, 7130.0], [116020.0, 24810.0], [116037.5, 40.0], [116132.5, 40.0], [116187.5, 37800.0], [116207.5, 18360.0]]}}}
{"jsonrpc": "2.0", "method": "subscription", "params": {"channel": "book.BTC-3OCT25.none.20.100ms", "data": {"timestamp": 1758295435881, "change_id": 117968910250, "instrument_name": "BTC-3OCT25", "bids": [[115917.5, 14260.0], [115907.5, 17340.0], [115905.0, 99940.0], [115902.5, 10.0], [115900.0, 4550.0], [115852.5, 40.0], [115810.0, 4940.0], [115807.5, 16480.0], [115762.5, 640.0], [115760.0, 2120.0], [115747.5, 20.0], [115715.0, 2500.0], [115712.5, 8320.0], [115667.5, 40.0], [115652.5, 9990.0], [115650.0, 33300.0], [115632.5, 6100.0], [115630.0, 20.0], [115615.0, 18220.0], [115580.0, 50000.0]], "asks": [[115920.0, 5000.0], [115927.5, 7000.0], [115935.0, 11060.0], [115937.5, 48550.0], [115947.5, 1370.0], [115950.0, 4550.0], [115957.5, 1500.0], [115960.0, 5000.0], [115975.0, 4710.0], [115992.5, 600.0], [115995.0, 2000.0], [116005.0, 1890.0], [116007.5, 6290.0], [116010.0, 620.0], [116012.5, 2080.0], [116017.5, 7130.0], [116020.0, 24810.0], [116037.5, 40.0], [116132.5, 40.0], [116187.5, 37800.0]]}}}
{"jsonrpc": "2.0", "method": "subscription", "params": {"channel": "book.BTC-3OCT25.none.20.100ms", "data": {"timestamp": 1758295436217, "change_id": 117968910703, "instrument_name": "BTC-3OCT25", "bids": [[115917.5, 14260.0], [115915.0, 9600.0], [115912.5, 32000.0], [115907.5, 17340.0], [115905.0, 99940.0], [115902.5, 10.0], [115900.0, 4550.0], [115855.0, 4840.0], [115852.5, 16140.0], [115762.5, 640.0], [115760.0, 2120.0], [115747.5, 20.0], [115715.0, 2500.0], [115712.5, 8320.0], [115667.5, 40.0], [115652.5, 9990.0], [115650.0, 33300.0], [115635.0, 6100.0], [115630.0, 20.0], [115615.0, 18220.0]], "asks": [[115920.0, 5000.0], [115927.5, 7000.0], [115935.0, 11060.0], [115937.5, 44000.0], [115947.5, 1370.0], [115950.0, 4550.0], [115957.5, 1500.0], [115960.0, 5000.0], [115975.0, 4710.0], [115992.5, 600.0], [115995.0, 2000.0], [116005.0, 1890.0], [116007.5, 6290.0], [116010.0, 620.0], [116012.5, 2080.0], [116017.5, 7130.0], [116020.0, 24810.0], [116037.5, 40.0], [116132.5, 40.0], [116187.5, 37800.0]]}}}
{"jsonrpc": "2.0", "method": "subscription", "params": {"channel": "book.BTC-3OCT25.none.20.100ms", "data": {"timestamp": 1758295436572, "change_id": 117968910913, "instrument_name": "BTC-3OCT25", "bids": [[115917.5, 9710.0], [115915.0, 9600.0], [115912.5, 32000.0], [115907.5, 17340.0], [115905.0, 99940.0], [115902.5, 10.0], [115900.0, 4550.0], [115875.0, 4550.0], [115855.0, 4840.0], [115852.5, 16140.0], [115762.5, 640.0], [115760.0, 2120.0], [115747.5, 20.0], [115715.0, 2500.0], [115712.5, 8320.0], [115667.5, 40.0], [115652.5, 9990.0], [115650.0, 33300.0], [115635.0, 6100.0], [115630.0, 20.0]], "asks": [[115920.0, 5000.0], [115927.5, 7000.0], [115935.0, 11060.0], [115937.5, 44000.0], [115957.5, 1500.0], [115960.0, 5000.0], [115975.0, 4710.0], [115992.5, 600.0], [115995.0, 2000.0], [116005.0, 1890.0], [116007.5, 6290.0], [116010.0, 620.0], [116012.5, 2080.0], [116017.5, 7130.0], [116020.0, 24810.0], [116037.5, 40.0], [116132.5, 40.0], [116187.5, 37800.0], [116207.5, 18360.0], [116225.0, 40.0]]}}}
{"jsonrpc": "2.0", "method": "subscription", "params": {"channel": "book.BTC-3OCT25.none.20.100ms", "data": {"timestamp": 1758295436744, "change_id": 117968911246, "instrument_name": "BTC-3OCT25", "bids": [[115917.5, 9710.0], [115915.0, 9600.0], [115912.5, 32000.0], [115907.5, 17340.0], [115905.0, 99940.0], [115902.5, 10.0], [115900.0, 4550.0], [115875.0, 4550.0], [115855.0, 4840.0], [115852.5, 16140.0], [115762.5, 640.0], [115760.0, 2120.0], [115747.5, 20.0], [115715.0, 2500.0], [115712.5, 8320.0], [115667.5, 40.0], [115652.5, 9990.0], [115650.0, 33300.0], [115635.0, 6100.0], [115630.0, 20.0]], "asks": [[115920.0, 5000.0], [115927.5, 7000.0], [115935.0, 11060.0], [115937.5, 44000.0], [115947.5, 1370.0], [115950.0, 4550.0], [115957.5, 1500.0], [115960.0, 5000.0], [115975.0, 4710.0], [115992.5, 600.0], [115995.0, 2000.0], [116005.0, 1890.0], [116007.5, 6290.0], [116010.0, 620.0], [116012.5, 2080.0], [116017.5, 7130.0], [116020.0, 24810.0], [116037.5, 40.0], [116132.5, 40.0], [116187.5, 37800.0]]}}}
{"jsonrpc": "2.0", "method": "subscription", "params": {"channel": "book.BTC-3OCT25.none.20.100ms", "data": {"timestamp": 1758295437140, "change_id": 117968911761, "instrument_name": "BTC-3OCT25", "bids": [[115917.5, 9710.0], [115915.0, 9600.0], [115912.5, 32000.0], [115907.5, 17340.0], [115905.0, 99940.0], [115902.5, 10.0], [115900.0, 4550.0], [115875.0, 4550.0], [115855.0, 4840.0], [115852.5, 16140.0], [115762.5, 640.0], [115760.0, 2120.0], [115747.5, 20.0], [115715.0, 2500.0], [115712.5, 8320.0], [115667.5, 40.0], [115652.5, 9990.0], [115650.0, 33300.0], [115635.0, 6100.0], [115630.0, 20.0]], "asks": [[115920.0, 5000.0], [115927.5, 7000.0], [115932.5, 1370.0], [115935.0, 15610.0], [115937.5, 44000.0], [115947.5, 1370.0], [115950.0, 4550.0], [115957.5, 1500.0], [115960.0, 5000.0], [115972.5, 1410.0], [115975.0, 4710.0], [115992.5, 600.0], [115995.0, 2000.0], [116005.0, 1890.0], [116007.5, 6290.0], [116010.0, 620.0], [116012.5, 2080.0], [116017.5, 7130.0], [116020.0, 24810.0], [116037.5, 40.0]]}}}
