{"jsonrpc": "2.0", "method": "subscription", "params": {"channel": "book.BTC-4APR25.none.20.100ms", "data": {"timestamp": 1743643849038, "change_id": 95350703200, "instrument_name": "BTC-4APR25", "bids": [[83420.0, 10.0], [83417.5, 1300.0], [83415.0, 1300.0], [83412.5, 1000.0], [83410.0, 3260.0], [83407.5, 11000.0], [83405.0, 300.0], [83402.5, 1000.0], [83400.0, 1000.0], [83397.5, 300.0], [83395.0, 1720.0], [83392.5, 2530.0], [83387.5, 3300.0], [83385.0, 13300.0], [83382.5, 10120.0], [83380.0, 720.0], [83375.0, 2530.0], [83370.0, 2960.0], [83367.5, 9850.0], [83355.0, 3710.0]], "asks": [[83422.5, 120.0], [83447.5, 7510.0], [83450.0, 33540.0], [83452.5, 10000.0], [83455.0, 9920.0], [83462.5, 2980.0], [83465.0, 9920.0], [83467.5, 40.0], [83475.0, 2980.0], [83477.5, 9920.0], [83485.0, 10570.0], [83487.5, 36510.0], [83495.0, 6750.0], [83497.5, 10090.0], [83500.0, 12410.0], [83512.5, 3030.0], [83515.0, 10090.0], [83522.5, 3040.0], [83525.0, 10130.0], [83530.0, 7680.0]]}}}
{"jsonrpc": "2.0", "method": "subscription", "params": {"channel": "book.BTC-11APR25.none.20.100ms", "data": {"timestamp": 1743643849059, "change_id": 95350703264, "instrument_name": "BTC-11APR25", "bids": [[83442.5, 10.0], [83440.0, 5640.0], [83437.5, 7430.0], [83435.0, 2800.0], [83432.5, 2800.0], [83430.0, 2800.0], [83425.0, 2720.0], [83422.5, 7430.0], [83420.0, 10000.0], [83417.5, 2800.0], [83415.0, 2110.0], [83412.5, 15050.0], [83410.0, 2660.0], [83405.0, 1900.0], [83400.0, 7450.0], [83395.0, 2300.0], [83390.0, 7560.0], [83385.0, 4240.0], [83380.0, 15410.0], [83375.0, 2290.0]], "asks": [[83452.5, 5050.0], [83455.0, 9740.0], [83457.5, 7470.0], [83460.0, 920.0], [83470.0, 4960.0], [83472.5, 17470.0], [83480.0, 2250.0], [83482.5, 7490.0], [83490.0, 2240.0], [83492.5, 7470.0], [83500.0, 7930.0], [83502.5, 26420.0], [83505.0, 2250.0], [83507.5, 7490.0], [83515.0, 2210.0], [83517.5, 7350.0], [83522.5, 1900.0], [83525.0, 6320.0], [83527.5, 2200.0], [83530.0, 7330.0]]}}}
{"jsonrpc": "2.0", "method": "subscription", "params": {"channel": "book.BTC-11APR25.none.20.100ms", "data": {"timestamp": 1743643849389, "change_id": 95350704931, "instrument_name": "BTC-11APR25", "bids": [[83445.0, 10.0], [83437.5, 7430.0], [83435.0, 2800.0], [83432.5, 2800.0], [83430.0, 5460.0], [83425.0, 120.0], [83422.5, 7430.0], [83420.0, 10000.0], [83417.5, 2800.0], [83412.5, 14930.0], [83410.0, 2660.0], [83405.0, 1900.0], [83400.0, 7450.0], [83392.5, 5260.0], [83390.0, 7560.0], [83380.0, 7490.0], [83370.0, 7640.0], [83360.0, 7560.0], [83355.0, 3290.0], [83350.0, 7470.0]], "asks": [[83447.5, 2800.0], [83450.0, 2800.0], [83452.5, 2800.0], [83457.5, 7470.0], [83460.0, 2780.0], [83472.5, 17470.0], [83482.5, 7490.0], [83490.0, 2660.0], [83492.5, 7470.0], [83502.5, 26420.0], [83507.5, 7490.0], [83517.5, 7350.0], [83525.0, 6320.0], [83530.0, 7330.0], [83532.5, 20.0], [83550.0, 7340.0], [83555.0, 18840.0], [83560.0, 7430.0], [83590.0, 7640.0], [83600.0, 7540.0]]}}}
{"jsonrpc": "2.0", "method": "subscription", "params": {"channel": "book.BTC-4APR25.none.20.100ms", "data": {"timestamp": 1743643849389, "change_id": 95350704929, "instrument_name": "BTC-4APR25", "bids": [[83420.0, 10.0], [83417.5, 11000.0], [83415.0, 1000.0], [83412.5, 1000.0], [83407.5, 1000.0], [83405.0, 2530.0], [83402.5, 1000.0], [83400.0, 1000.0], [83395.0, 1120.0], [83385.0, 10000.0], [83380.0, 9850.0], [83375.0, 2530.0], [83367.5, 9850.0], [83352.5, 9850.0], [83342.5, 10240.0], [83332.5, 40.0], [83330.0, 9960.0], [83320.0, 9960.0], [83310.0, 25530.0], [83307.5, 9920.0]], "asks": [[83435.0, 1120.0], [83440.0, 2530.0], [83465.0, 10000.0], [83467.5, 40.0], [83475.0, 25030.0], [83477.5, 9920.0], [83487.5, 36510.0], [83497.5, 10090.0], [83500.0, 12410.0], [83515.0, 10090.0], [83525.0, 10130.0], [83532.5, 40.0], [83535.0, 9850.0], [83575.0, 9920.0], [83590.0, 3290.0], [83595.0, 10130.0], [83597.5, 25570.0], [83600.0, 40.0], [83602.5, 62420.0], [83605.0, 9810.0]]}}}
{"jsonrpc": "2.0", "method": "subscription", "params": {"channel": "book.BTC-11APR25.none.20.100ms", "data": {"timestamp": 1743643849631, "change_id": 95350705575, "instrument_name": "BTC-11APR25", "bids": [[83447.5, 2810.0], [83445.0, 7500.0], [83440.0, 3070.0], [83437.5, 7430.0], [83435.0, 2800.0], [83432.5, 2800.0], [83430.0, 12660.0], [83425.0, 120.0], [83422.5, 7430.0], [83412.5, 14930.0], [83410.0, 2660.0], [83405.0, 1900.0], [83400.0, 7450.0], [83392.5, 5260.0], [83390.0, 7560.0], [83380.0, 7490.0], [83370.0, 7640.0], [83360.0, 7560.0], [83355.0, 3290.0], [83350.0, 7470.0]], "asks": [[83450.0, 2800.0], [83455.0, 2800.0], [83460.0, 2660.0], [83472.5, 7590.0], [83482.5, 7490.0], [83485.0, 10000.0], [83490.0, 2660.0], [83492.5, 7470.0], [83502.5, 26420.0], [83507.5, 7490.0], [83517.5, 7350.0], [83525.0, 6320.0], [83530.0, 7330.0], [83532.5, 20.0], [83550.0, 7340.0], [83555.0, 18840.0], [83560.0, 7430.0], [83590.0, 7640.0], [83600.0, 7540.0], [83617.5, 3290.0]]}}}
{"jsonrpc": "2.0", "method": "subscription", "params": {"channel": "book.BTC-4APR25.none.20.100ms", "data": {"timestamp": 1743643849649, "change_id": 95350705641, "instrument_name": "BTC-4APR25", "bids": [[83425.0, 10.0], [83420.0, 3600.0], [83417.5, 11000.0], [83415.0, 1000.0], [83410.0, 1060.0], [83407.5, 1000.0], [83405.0, 2530.0], [83395.0, 120.0], [83387.5, 3000.0], [83385.0, 10000.0], [83382.5, 2960.0], [83380.0, 9850.0], [83377.5, 760.0], [83375.0, 2530.0], [83352.5, 9850.0], [83345.0, 3070.0], [83342.5, 10240.0], [83332.5, 40.0], [83330.0, 9960.0], [83320.0, 9960.0]], "asks": [[83435.0, 120.0], [83437.5, 760.0], [83440.0, 2530.0], [83462.5, 3000.0], [83465.0, 10000.0], [83467.5, 40.0], [83472.5, 8270.0], [83475.0, 27560.0], [83477.5, 9920.0], [83487.5, 36510.0], [83497.5, 10090.0], [83500.0, 12410.0], [83525.0, 10130.0], [83532.5, 40.0], [83535.0, 9850.0], [83575.0, 9920.0], [83590.0, 3290.0], [83595.0, 10130.0], [83597.5, 25570.0], [83600.0, 40.0]]}}}
{"jsonrpc": "2.0", "method": "subscription", "params": {"channel": "book.BTC-4APR25.none.20.100ms", "data": {"timestamp": 1743643849974, "change_id": 95350706219, "instrument_name": "BTC-4APR25", "bids": [[83425.0, 10.0], [83420.0, 3600.0], [83417.5, 11000.0], [83415.0, 1000.0], [83410.0, 1060.0], [83407.5, 1000.0], [83405.0, 2530.0], [83395.0, 120.0], [83387.5, 3000.0], [83385.0, 10000.0], [83382.5, 2960.0], [83380.0, 9850.0], [83377.5, 760.0], [83375.0, 2530.0], [83370.0, 9850.0], [83355.0, 2960.0], [83352.5, 9850.0], [83345.0, 3070.0], [83342.5, 10240.0], [83332.5, 3030.0]], "asks": [[83435.0, 120.0], [83437.5, 11500.0], [83440.0, 38650.0], [83462.5, 3000.0], [83465.0, 10000.0], [83467.5, 40.0], [83472.5, 8270.0], [83475.0, 30540.0], [83477.5, 9920.0], [83485.0, 10950.0], [83487.5, 36510.0], [83497.5, 10090.0], [83500.0, 12410.0], [83525.0, 10130.0], [83532.5, 40.0], [83535.0, 9850.0], [83575.0, 9920.0], [83590.0, 3290.0], [83595.0, 10130.0], [83597.5, 25570.0]]}}}
{"jsonrpc": "2.0", "method": "subscription", "params": {"channel": "book.BTC-11APR25.none.20.100ms", "data": {"timestamp": 1743643849970, "change_id": 95350706190, "instrument_name": "BTC-11APR25", "bids": [[83452.5, 2810.0], [83450.0, 2800.0], [83447.5, 12710.0], [83445.0, 7500.0], [83440.0, 3070.0], [83437.5, 7430.0], [83435.0, 2800.0], [83432.5, 6600.0], [83430.0, 12660.0], [83425.0, 2350.0], [83422.5, 7430.0], [83415.0, 5280.0], [83412.5, 14930.0], [83410.0, 2660.0], [83402.5, 2240.0], [83400.0, 7450.0], [83395.0, 3850.0], [83392.5, 5260.0], [83390.0, 7560.0], [83382.5, 2250.0]], "asks": [[83455.0, 2800.0], [83460.0, 15730.0], [83462.5, 7430.0], [83465.0, 36140.0], [83470.0, 2280.0], [83472.5, 7590.0], [83480.0, 5250.0], [83482.5, 7490.0], [83485.0, 10000.0], [83487.5, 800.0], [83490.0, 4900.0], [83492.5, 7470.0], [83500.0, 7930.0], [83502.5, 26420.0], [83505.0, 2250.0], [83507.5, 7490.0], [83515.0, 2210.0], [83517.5, 7350.0], [83525.0, 6320.0], [83527.5, 2200.0]]}}}
{"jsonrpc": "2.0", "method": "subscription", "params": {"channel": "book.BTC-11APR25.none.20.100ms", "data": {"timestamp": 1743643850396, "change_id": 95350707371, "instrument_name": "BTC-11APR25", "bids": [[83462.5, 10.0], [83460.0, 5870.0], [83457.5, 10230.0], [83455.0, 1680.0], [83452.5, 2800.0], [83450.0, 8190.0], [83447.5, 7660.0], [83445.0, 7500.0], [83442.5, 3000.0], [83440.0, 13070.0], [83437.5, 10090.0], [83435.0, 2920.0], [83425.0, 2230.0], [83422.5, 7430.0], [83415.0, 5280.0], [83412.5, 14930.0], [83410.0, 4240.0], [83407.5, 5260.0], [83402.5, 2240.0], [83400.0, 7450.0]], "asks": [[83465.0, 2660.0], [83470.0, 2280.0], [83472.5, 7590.0], [83482.5, 7490.0], [83487.5, 800.0], [83490.0, 4900.0], [83492.5, 7470.0], [83497.5, 10000.0], [83507.5, 7490.0], [83515.0, 2210.0], [83517.5, 7350.0], [83527.5, 2200.0], [83530.0, 7330.0], [83532.5, 20.0], [83550.0, 7340.0], [83555.0, 18840.0], [83557.5, 6320.0], [83560.0, 7430.0], [83572.5, 7930.0], [83575.0, 26420.0]]}}}
{"jsonrpc": "2.0", "method": "subscription", "params": {"channel": "book.BTC-4APR25.none.20.100ms", "data": {"timestamp": 1743643850402, "change_id": 95350707355, "instrument_name": "BTC-4APR25", "bids": [[83442.5, 10.0], [83440.0, 1000.0], [83437.5, 1000.0], [83435.0, 600.0], [83432.5, 1000.0], [83430.0, 7300.0], [83427.5, 11000.0], [83425.0, 12530.0], [83407.5, 1000.0], [83405.0, 2650.0], [83395.0, 2960.0], [83392.5, 9850.0], [83385.0, 10000.0], [83380.0, 9850.0], [83370.0, 9850.0], [83352.5, 9850.0], [83342.5, 10240.0], [83332.5, 3030.0], [83330.0, 9960.0], [83325.0, 25530.0]], "asks": [[83445.0, 2540.0], [83447.5, 120.0], [83467.5, 40.0], [83472.5, 8270.0], [83475.0, 30180.0], [83477.5, 10000.0], [83487.5, 10090.0], [83495.0, 6750.0], [83497.5, 10090.0], [83500.0, 12410.0], [83505.0, 2960.0], [83507.5, 9850.0], [83522.5, 3040.0], [83525.0, 10130.0], [83532.5, 3000.0], [83535.0, 9850.0], [83562.5, 26420.0], [83565.0, 9850.0], [83572.5, 2980.0], [83575.0, 9920.0]]}}}
{"jsonrpc": "2.0", "method": "subscription", "params": {"channel": "book.BTC-11APR25.none.20.100ms", "data": {"timestamp": 1743643850749, "change_id": 95350708316, "instrument_name": "BTC-11APR25", "bids": [[83462.5, 10.0], [83460.0, 5870.0], [83457.5, 10230.0], [83455.0, 1680.0], [83452.5, 2800.0], [83450.0, 8190.0], [83447.5, 7660.0], [83445.0, 10160.0], [83442.5, 3000.0], [83440.0, 12270.0], [83437.5, 7430.0], [83435.0, 120.0], [83425.0, 2230.0], [83422.5, 7430.0], [83415.0, 5280.0], [83412.5, 14930.0], [83410.0, 4240.0], [83407.5, 5260.0], [83402.5, 2240.0], [83400.0, 7450.0]], "asks": [[83465.0, 2800.0], [83470.0, 2280.0], [83472.5, 10130.0], [83480.0, 2280.0], [83482.5, 7490.0], [83485.0, 120.0], [83487.5, 800.0], [83490.0, 4900.0], [83492.5, 7470.0], [83495.0, 3000.0], [83497.5, 10000.0], [83505.0, 2250.0], [83507.5, 7490.0], [83515.0, 2210.0], [83517.5, 7350.0], [83527.5, 2200.0], [83530.0, 7330.0], [83532.5, 20.0], [83547.5, 2200.0], [83550.0, 7340.0]]}}}
{"jsonrpc": "2.0", "method": "subscription", "params": {"channel": "book.BTC-4APR25.none.20.100ms", "data": {"timestamp": 1743643850604, "change_id": 95350708308, "instrument_name": "BTC-4APR25", "bids": [[83442.5, 10.0], [83440.0, 1300.0], [83437.5, 1000.0], [83435.0, 600.0], [83432.5, 1000.0], [83430.0, 7300.0], [83427.5, 11000.0], [83425.0, 12530.0], [83410.0, 1100.0], [83407.5, 1000.0], [83405.0, 2650.0], [83395.0, 2960.0], [83392.5, 9850.0], [83387.5, 3000.0], [83385.0, 10000.0], [83382.5, 2960.0], [83380.0, 9850.0], [83372.5, 2960.0], [83370.0, 9850.0], [83355.0, 2960.0]], "asks": [[83445.0, 10.0], [83447.5, 120.0], [83450.0, 760.0], [83452.5, 2530.0], [83462.5, 300.0], [83465.0, 1000.0], [83467.5, 40.0], [83472.5, 8270.0], [83475.0, 30180.0], [83477.5, 10000.0], [83485.0, 3030.0], [83487.5, 10090.0], [83495.0, 6750.0], [83497.5, 10090.0], [83500.0, 12410.0], [83505.0, 2960.0], [83507.5, 9850.0], [83522.5, 3040.0], [83525.0, 10130.0], [83532.5, 3000.0]]}}}
{"jsonrpc": "2.0", "method": "subscription", "params": {"channel": "book.BTC-4APR25.none.20.100ms", "data": {"timestamp": 1743643851041, "change_id": 95350708885, "instrument_name": "BTC-4APR25", "bids": [[83442.5, 10.0], [83440.0, 1300.0], [83437.5, 1000.0], [83435.0, 600.0], [83432.5, 1000.0], [83430.0, 7300.0], [83427.5, 11000.0], [83425.0, 12530.0], [83415.0, 120.0], [83410.0, 1100.0], [83407.5, 1000.0], [83405.0, 2530.0], [83395.0, 2960.0], [83392.5, 9850.0], [83387.5, 3000.0], [83385.0, 10000.0], [83382.5, 2960.0], [83380.0, 9850.0], [83372.5, 2960.0], [83370.0, 9850.0]], "asks": [[83445.0, 10.0], [83447.5, 120.0], [83450.0, 760.0], [83452.5, 2530.0], [83462.5, 300.0], [83465.0, 1000.0], [83467.5, 40.0], [83472.5, 8270.0], [83475.0, 30180.0], [83477.5, 10000.0], [83485.0, 3030.0], [83487.5, 10090.0], [83495.0, 6750.0], [83497.5, 10090.0], [83500.0, 12410.0], [83505.0, 2960.0], [83507.5, 9850.0], [83522.5, 3040.0], [83525.0, 10130.0], [83532.5, 3000.0]]}}}
{"jsonrpc": "2.0", "method": "subscription", "params": {"channel": "book.BTC-11APR25.none.20.100ms", "data": {"timestamp": 1743643851403, "change_id": 95350709208, "instrument_name": "BTC-11APR25", "bids": [[83462.5, 10.0], [83460.0, 5870.0], [83457.5, 10230.0], [83455.0, 1680.0], [83452.5, 2800.0], [83450.0, 8190.0], [83447.5, 7660.0], [83445.0, 10280.0], [83442.5, 3000.0], [83440.0, 12270.0], [83437.5, 7430.0], [83425.0, 2230.0], [83422.5, 7430.0], [83415.0, 5280.0], [83412.5, 14930.0], [83410.0, 4240.0], [83407.5, 5260.0], [83402.5, 2240.0], [83400.0, 7450.0], [83395.0, 2270.0]], "asks": [[83465.0, 2800.0], [83470.0, 2280.0], [83472.5, 10130.0], [83475.0, 24220.0], [83477.5, 80740.0], [83480.0, 2280.0], [83482.5, 7490.0], [83485.0, 120.0], [83487.5, 800.0], [83490.0, 4900.0], [83492.5, 7470.0], [83495.0, 3000.0], [83497.5, 10000.0], [83505.0, 2250.0], [83507.5, 7490.0], [83515.0, 2210.0], [83517.5, 7350.0], [83527.5, 2200.0], [83530.0, 7330.0], [83532.5, 20.0]]}}}
{"jsonrpc": "2.0", "method": "subscription", "params": {"channel": "book.BTC-4APR25.none.20.100ms", "data": {"timestamp": 1743643851416, "change_id": 95350709259, "instrument_name": "BTC-4APR25", "bids": [[83445.0, 1010.0], [83442.5, 300.0], [83440.0, 1300.0], [83437.5, 1000.0], [83435.0, 600.0], [83432.5, 1000.0], [83430.0, 7300.0], [83427.5, 11000.0], [83425.0, 12530.0], [83415.0, 120.0], [83410.0, 1100.0], [83407.5, 1000.0], [83405.0, 2530.0], [83395.0, 2960.0], [83392.5, 9850.0], [83387.5, 3000.0], [83385.0, 10000.0], [83382.5, 2960.0], [83380.0, 9850.0], [83372.5, 2960.0]], "asks": [[83447.5, 120.0], [83450.0, 81470.0], [83452.5, 2530.0], [83462.5, 300.0], [83465.0, 1000.0], [83467.5, 40.0], [83472.5, 8270.0], [83475.0, 30180.0], [83477.5, 10000.0], [83485.0, 3030.0], [83487.5, 10090.0], [83495.0, 6750.0], [83497.5, 10090.0], [83500.0, 12410.0], [83505.0, 2960.0], [83507.5, 9850.0], [83522.5, 3040.0], [83525.0, 10130.0], [83532.5, 3000.0], [83535.0, 9850.0]]}}}
{"jsonrpc": "2.0", "method": "subscription", "params": {"channel": "book.BTC-11APR25.none.20.100ms", "data": {"timestamp": 1743643851725, "change_id": 95350709731, "instrument_name": "BTC-11APR25", "bids": [[83462.5, 10.0], [83460.0, 840.0], [83457.5, 2800.0], [83455.0, 1680.0], [83452.5, 2800.0], [83450.0, 8190.0], [83447.5, 7660.0], [83445.0, 10280.0], [83442.5, 3000.0], [83440.0, 12270.0], [83437.5, 7430.0], [83425.0, 2230.0], [83422.5, 7430.0], [83415.0, 5280.0], [83412.5, 14930.0], [83410.0, 4240.0], [83407.5, 5260.0], [83402.5, 2240.0], [83400.0, 7450.0], [83395.0, 2270.0]], "asks": [[83465.0, 2810.0], [83470.0, 2280.0], [83472.5, 10130.0], [83475.0, 24220.0], [83477.5, 80740.0], [83480.0, 2280.0], [83482.5, 7490.0], [83485.0, 120.0], [83487.5, 800.0], [83490.0, 4900.0], [83492.5, 7470.0], [83495.0, 3000.0], [83497.5, 10000.0], [83505.0, 2250.0], [83507.5, 7490.0], [83515.0, 2210.0], [83517.5, 7350.0], [83527.5, 2200.0], [83530.0, 7330.0], [83532.5, 20.0]]}}}
{"jsonrpc": "2.0", "method": "subscription", "params": {"channel": "book.BTC-4APR25.none.20.100ms", "data": {"timestamp": 1743643851626, "change_id": 95350709689, "instrument_name": "BTC-4APR25", "bids": [[83445.0, 1000.0], [83440.0, 300.0], [83437.5, 1000.0], [83435.0, 600.0], [83432.5, 1000.0], [83430.0, 7300.0], [83427.5, 11000.0], [83425.0, 12530.0], [83415.0, 120.0], [83410.0, 760.0], [83405.0, 2530.0], [83395.0, 2960.0], [83392.5, 9850.0], [83387.5, 3000.0], [83385.0, 10000.0], [83382.5, 2960.0], [83380.0, 9850.0], [83372.5, 2960.0], [83370.0, 9850.0], [83355.0, 2960.0]], "asks": [[83447.5, 130.0], [83450.0, 81470.0], [83452.5, 2530.0], [83462.5, 300.0], [83465.0, 1000.0], [83467.5, 40.0], [83472.5, 8270.0], [83475.0, 30180.0], [83477.5, 10000.0], [83485.0, 3030.0], [83487.5, 10090.0], [83495.0, 6750.0], [83497.5, 10090.0], [83500.0, 12410.0], [83505.0, 2960.0], [83507.5, 9850.0], [83522.5, 3040.0], [83525.0, 10130.0], [83532.5, 3000.0], [83535.0, 9850.0]]}}}
{"jsonrpc": "2.0", "method": "subscription", "params": {"channel": "book.BTC-11APR25.none.20.100ms", "data": {"timestamp": 1743643852073, "change_id": 95350710192, "instrument_name": "BTC-11APR25", "bids": [[83462.5, 10.0], [83455.0, 1680.0], [83452.5, 2800.0], [83450.0, 8190.0], [83447.5, 7660.0], [83445.0, 10280.0], [83442.5, 3000.0], [83440.0, 12270.0], [83437.5, 7430.0], [83425.0, 2230.0], [83422.5, 7430.0], [83415.0, 5280.0], [83412.5, 14930.0], [83410.0, 4240.0], [83407.5, 5260.0], [83402.5, 2240.0], [83400.0, 7450.0], [83395.0, 2270.0], [83390.0, 7560.0], [83382.5, 2250.0]], "asks": [[83465.0, 2810.0], [83470.0, 2280.0], [83472.5, 10130.0], [83475.0, 24220.0], [83477.5, 80740.0], [83480.0, 2280.0], [83482.5, 7490.0], [83485.0, 120.0], [83487.5, 800.0], [83490.0, 4900.0], [83492.5, 7470.0], [83495.0, 3000.0], [83497.5, 10000.0], [83505.0, 2250.0], [83507.5, 7490.0], [83515.0, 2210.0], [83517.5, 7350.0], [83527.5, 2200.0], [83530.0, 7330.0], [83532.5, 20.0]]}}}
{"jsonrpc": "2.0", "method": "subscription", "params": {"channel": "book.BTC-4APR25.none.20.100ms", "data": {"timestamp": 1743643852025, "change_id": 95350710179, "instrument_name": "BTC-4APR25", "bids": [[83445.0, 1010.0], [83442.5, 300.0], [83440.0, 1300.0], [83437.5, 1000.0], [83435.0, 600.0], [83432.5, 1000.0], [83430.0, 7300.0], [83427.5, 11000.0], [83425.0, 12530.0], [83415.0, 120.0], [83410.0, 760.0], [83405.0, 2530.0], [83395.0, 2960.0], [83392.5, 9850.0], [83387.5, 3000.0], [83385.0, 10000.0], [83382.5, 2960.0], [83380.0, 9850.0], [83372.5, 2960.0], [83370.0, 9850.0]], "asks": [[83447.5, 130.0], [83450.0, 81470.0], [83452.5, 2530.0], [83462.5, 300.0], [83465.0, 1000.0], [83467.5, 40.0], [83472.5, 8270.0], [83475.0, 30180.0], [83477.5, 10000.0], [83485.0, 3030.0], [83487.5, 10090.0], [83495.0, 6750.0], [83497.5, 10090.0], [83500.0, 12410.0], [83505.0, 2960.0], [83507.5, 9850.0], [83522.5, 3040.0], [83525.0, 10130.0], [83532.5, 3000.0], [83535.0, 9850.0]]}}}
{"jsonrpc": "2.0", "method": "subscription", "params": {"channel": "book.BTC-4APR25.none.20.100ms", "data": {"timestamp": 1743643852410, "change_id": 95350710515, "instrument_name": "BTC-4APR25", "bids": [[83445.0, 10.0], [83442.5, 300.0], [83440.0, 1300.0], [83437.5, 1000.0], [83435.0, 600.0], [83432.5, 1000.0], [83430.0, 7300.0], [83427.5, 11000.0], [83425.0, 12530.0], [83415.0, 120.0], [83410.0, 760.0], [83405.0, 2530.0], [83395.0, 2960.0], [83392.5, 9850.0], [83387.5, 3000.0], [83385.0, 10000.0], [83382.5, 2960.0], [83380.0, 9850.0], [83372.5, 2960.0], [83370.0, 9850.0]], "asks": [[83447.5, 130.0], [83450.0, 81470.0], [83452.5, 2530.0], [83462.5, 300.0], [83465.0, 1000.0], [83467.5, 40.0], [83472.5, 8270.0], [83475.0, 30180.0], [83477.5, 10000.0], [83485.0, 3030.0], [83487.5, 10090.0], [83495.0, 6750.0], [83497.5, 10090.0], [83500.0, 12410.0], [83505.0, 2960.0], [83507.5, 9850.0], [83522.5, 3040.0], [83525.0, 10130.0], [83532.5, 3000.0], [83535.0, 9850.0]]}}}
{"jsonrpc": "2.0", "method": "subscription", "params": {"channel": "book.BTC-11APR25.none.20.100ms", "data": {"timestamp": 1743643852410, "change_id": 95350710523, "instrument_name": "BTC-11APR25", "bids": [[83462.5, 10.0], [83455.0, 1680.0], [83452.5, 2800.0], [83450.0, 8190.0], [83447.5, 7660.0], [83445.0, 10280.0], [83442.5, 3000.0], [83440.0, 12270.0], [83437.5, 7430.0], [83425.0, 2230.0], [83422.5, 7430.0], [83415.0, 5280.0], [83412.5, 14930.0], [83410.0, 4240.0], [83407.5, 5260.0], [83402.5, 2240.0], [83400.0, 7450.0], [83395.0, 2270.0], [83390.0, 7560.0], [83382.5, 2250.0]], "asks": [[83465.0, 2810.0], [83470.0, 2280.0], [83472.5, 10130.0], [83475.0, 24220.0], [83477.5, 80740.0], [83480.0, 2280.0], [83482.5, 7490.0], [83485.0, 120.0], [83487.5, 800.0], [83490.0, 4900.0], [83492.5, 7470.0], [83495.0, 3000.0], [83497.5, 10000.0], [83505.0, 2250.0], [83507.5, 7490.0], [83515.0, 2210.0], [83517.5, 7350.0], [83527.5, 2200.0], [83530.0, 7330.0], [83532.5, 20.0]]}}}
{"jsonrpc": "2.0", "method": "subscription", "params": {"channel": "book.BTC-11APR25.none.20.100ms", "data": {"timestamp": 1743643852582, "change_id": 95350710872, "instrument_name": "BTC-11APR25", "bids": [[83462.5, 10.0], [83455.0, 1680.0], [83452.5, 2800.0], [83450.0, 8190.0], [83447.5, 10460.0], [83445.0, 10280.0], [83442.5, 3000.0], [83440.0, 21710.0], [83437.5, 39970.0], [83425.0, 2230.0], [83422.5, 7430.0], [83415.0, 5280.0], [83412.5, 14930.0], [83410.0, 4240.0], [83407.5, 5260.0], [83402.5, 2240.0], [83400.0, 7450.0], [83395.0, 2270.0], [83390.0, 7560.0], [83382.5, 2250.0]], "asks": [[83465.0, 2800.0], [83470.0, 2280.0], [83472.5, 10130.0], [83475.0, 24220.0], [83477.5, 80740.0], [83480.0, 2280.0], [83482.5, 7490.0], [83485.0, 120.0], [83487.5, 800.0], [83490.0, 4900.0], [83492.5, 7470.0], [83495.0, 3000.0], [83497.5, 10000.0], [83505.0, 2250.0], [83507.5, 7490.0], [83515.0, 2210.0], [83517.5, 7350.0], [83527.5, 2200.0], [83530.0, 7330.0], [83532.5, 20.0]]}}}
{"jsonrpc": "2.0", "method": "subscription", "params": {"channel": "book.BTC-4APR25.none.20.100ms", "data": {"timestamp": 1743643852614, "change_id": 95350710889, "instrument_name": "BTC-4APR25", "bids": [[83445.0, 1010.0], [83440.0, 300.0], [83437.5, 1000.0], [83435.0, 600.0], [83432.5, 1000.0], [83430.0, 7300.0], [83427.5, 11000.0], [83425.0, 12530.0], [83415.0, 120.0], [83410.0, 760.0], [83405.0, 2530.0], [83395.0, 2960.0], [83392.5, 9850.0], [83387.5, 3000.0], [83385.0, 10000.0], [83382.5, 2960.0], [83380.0, 9850.0], [83372.5, 2960.0], [83370.0, 9850.0], [83355.0, 2960.0]], "asks": [[83447.5, 130.0], [83450.0, 81470.0], [83452.5, 2530.0], [83462.5, 300.0], [83465.0, 1000.0], [83467.5, 40.0], [83472.5, 8270.0], [83475.0, 30180.0], [83477.5, 10000.0], [83485.0, 3030.0], [83487.5, 10090.0], [83495.0, 6750.0], [83497.5, 10090.0], [83500.0, 12410.0], [83505.0, 2960.0], [83507.5, 9850.0], [83522.5, 3040.0], [83525.0, 10130.0], [83532.5, 3000.0], [83535.0, 9850.0]]}}}
{"jsonrpc": "2.0", "method": "subscription", "params": {"channel": "book.BTC-11APR25.none.20.100ms", "data": {"timestamp": 1743643852891, "change_id": 95350711984, "instrument_name": "BTC-11APR25", "bids": [[83447.5, 7670.0], [83440.0, 10000.0], [83437.5, 7430.0], [83430.0, 120.0], [83422.5, 7430.0], [83415.0, 5280.0], [83412.5, 14930.0], [83410.0, 2660.0], [83407.5, 5260.0], [83400.0, 7450.0], [83392.5, 2270.0], [83390.0, 7560.0], [83382.5, 2250.0], [83380.0, 7490.0], [83372.5, 2290.0], [83370.0, 7640.0], [83360.0, 7560.0], [83350.0, 7470.0], [83347.5, 1830.0], [83345.0, 6110.0]], "asks": [[83450.0, 2800.0], [83452.5, 2800.0], [83455.0, 4480.0], [83457.5, 2800.0], [83460.0, 10230.0], [83462.5, 2250.0], [83465.0, 10160.0], [83470.0, 2240.0], [83472.5, 7470.0], [83475.0, 24340.0], [83477.5, 80740.0], [83480.0, 5280.0], [83482.5, 7490.0], [83485.0, 10000.0], [83490.0, 4900.0], [83492.5, 7470.0], [83505.0, 2250.0], [83507.5, 7490.0], [83517.5, 7350.0], [83530.0, 7330.0]]}}}
{"jsonrpc": "2.0", "method": "subscription", "params": {"channel": "book.BTC-4APR25.none.20.100ms", "data": {"timestamp": 1743643852969, "change_id": 95350711850, "instrument_name": "BTC-4APR25", "bids": [[83435.0, 1010.0], [83432.5, 1300.0], [83430.0, 4300.0], [83427.5, 11000.0], [83407.5, 760.0], [83405.0, 2530.0], [83400.0, 120.0], [83387.5, 3000.0], [83385.0, 10000.0], [83382.5, 2960.0], [83380.0, 9850.0], [83372.5, 2960.0], [83370.0, 9850.0], [83355.0, 2960.0], [83352.5, 9850.0], [83345.0, 3070.0], [83342.5, 10240.0], [83332.5, 3030.0], [83330.0, 9960.0], [83327.5, 7660.0]], "asks": [[83437.5, 1010.0], [83440.0, 2020.0], [83442.5, 1000.0], [83445.0, 2530.0], [83447.5, 24110.0], [83450.0, 80710.0], [83462.5, 300.0], [83465.0, 1000.0], [83467.5, 40.0], [83472.5, 8270.0], [83475.0, 33190.0], [83477.5, 19850.0], [83485.0, 3030.0], [83487.5, 10090.0], [83495.0, 6750.0], [83497.5, 10090.0], [83500.0, 12410.0], [83505.0, 2960.0], [83507.5, 9850.0], [83522.5, 3040.0]]}}}
{"jsonrpc": "2.0", "method": "subscription", "params": {"channel": "book.BTC-4APR25.none.20.100ms", "data": {"timestamp": 1743643853100, "change_id": 95350712089, "instrument_name": "BTC-4APR25", "bids": [[83435.0, 1010.0], [83432.5, 1300.0], [83430.0, 4300.0], [83427.5, 11000.0], [83417.5, 760.0], [83415.0, 2530.0], [83407.5, 760.0], [83405.0, 2530.0], [83400.0, 120.0], [83387.5, 3000.0], [83385.0, 10000.0], [83382.5, 2960.0], [83380.0, 9850.0], [83372.5, 2960.0], [83370.0, 9850.0], [83355.0, 2960.0], [83352.5, 9850.0], [83345.0, 3070.0], [83342.5, 10240.0], [83332.5, 3030.0]], "asks": [[83437.5, 1010.0], [83440.0, 2020.0], [83442.5, 1000.0], [83445.0, 2530.0], [83447.5, 24110.0], [83450.0, 80710.0], [83462.5, 300.0], [83465.0, 1000.0], [83467.5, 40.0], [83472.5, 8270.0], [83475.0, 33190.0], [83477.5, 19850.0], [83485.0, 3030.0], [83487.5, 10090.0], [83495.0, 6750.0], [83497.5, 10090.0], [83500.0, 12410.0], [83505.0, 2960.0], [83507.5, 9850.0], [83522.5, 3040.0]]}}}
{"jsonrpc": "2.0", "method": "subscription", "params": {"channel": "book.BTC-11APR25.none.20.100ms", "data": {"timestamp": 1743643853290, "change_id": 95350712277, "instrument_name": "BTC-11APR25", "bids": [[83447.5, 7670.0], [83442.5, 3000.0], [83440.0, 12230.0], [83437.5, 7430.0], [83432.5, 2660.0], [83430.0, 120.0], [83422.5, 7430.0], [83415.0, 5280.0], [83412.5, 14930.0], [83410.0, 2660.0], [83407.5, 5260.0], [83400.0, 7450.0], [83392.5, 2270.0], [83390.0, 7560.0], [83382.5, 2250.0], [83380.0, 7490.0], [83372.5, 2290.0], [83370.0, 7640.0], [83360.0, 7560.0], [83350.0, 7470.0]], "asks": [[83450.0, 2800.0], [83452.5, 2800.0], [83455.0, 4480.0], [83457.5, 2800.0], [83460.0, 10230.0], [83462.5, 2250.0], [83465.0, 10160.0], [83470.0, 2240.0], [83472.5, 7470.0], [83475.0, 120.0], [83480.0, 5280.0], [83482.5, 7490.0], [83485.0, 10000.0], [83490.0, 4900.0], [83492.5, 7470.0], [83505.0, 2250.0], [83507.5, 7490.0], [83517.5, 7350.0], [83530.0, 7330.0], [83532.5, 20.0]]}}}
{"jsonrpc": "2.0", "method": "subscription", "params": {"channel": "book.BTC-11APR25.none.20.100ms", "data": {"timestamp": 1743643853700, "change_id": 95350712825, "instrument_name": "BTC-11APR25", "bids": [[83447.5, 240.0], [83442.5, 5800.0], [83440.0, 12230.0], [83437.5, 7430.0], [83435.0, 830.0], [83432.5, 2660.0], [83430.0, 120.0], [83422.5, 7430.0], [83415.0, 5280.0], [83412.5, 14930.0], [83410.0, 2660.0], [83407.5, 5260.0], [83400.0, 7450.0], [83392.5, 2270.0], [83390.0, 7560.0], [83382.5, 2250.0], [83380.0, 7490.0], [83372.5, 2290.0], [83370.0, 7640.0], [83360.0, 7560.0]], "asks": [[83450.0, 2800.0], [83452.5, 2800.0], [83455.0, 6500.0], [83457.5, 2800.0], [83460.0, 10230.0], [83462.5, 2250.0], [83465.0, 10160.0], [83470.0, 27040.0], [83472.5, 90940.0], [83475.0, 120.0], [83480.0, 5280.0], [83482.5, 7490.0], [83485.0, 10000.0], [83490.0, 4900.0], [83492.5, 7470.0], [83505.0, 2250.0], [83507.5, 7490.0], [83517.5, 7350.0], [83530.0, 7330.0], [83532.5, 20.0]]}}}
{"jsonrpc": "2.0", "method": "subscription", "params": {"channel": "book.BTC-4APR25.none.20.100ms", "data": {"timestamp": 1743643853701, "change_id": 95350712826, "instrument_name": "BTC-4APR25", "bids": [[83432.5, 1010.0], [83430.0, 4300.0], [83427.5, 10000.0], [83417.5, 760.0], [83415.0, 2530.0], [83412.5, 300.0], [83410.0, 1000.0], [83407.5, 760.0], [83405.0, 2530.0], [83400.0, 120.0], [83387.5, 3000.0], [83385.0, 10000.0], [83382.5, 2960.0], [83380.0, 9850.0], [83372.5, 2960.0], [83370.0, 9850.0], [83355.0, 2960.0], [83352.5, 9850.0], [83345.0, 3070.0], [83342.5, 10240.0]], "asks": [[83435.0, 10.0], [83437.5, 1000.0], [83440.0, 2020.0], [83442.5, 1000.0], [83445.0, 3530.0], [83447.5, 24110.0], [83450.0, 80710.0], [83462.5, 300.0], [83465.0, 1000.0], [83467.5, 40.0], [83472.5, 8270.0], [83475.0, 33190.0], [83477.5, 19850.0], [83485.0, 3030.0], [83487.5, 10090.0], [83495.0, 6750.0], [83497.5, 10090.0], [83500.0, 12410.0], [83505.0, 2960.0], [83507.5, 9850.0]]}}}
{"jsonrpc": "2.0", "method": "subscription", "params": {"channel": "book.BTC-11APR25.none.20.100ms", "data": {"timestamp": 1743643853916, "change_id": 95350713043, "instrument_name": "BTC-11APR25", "bids": [[83450.0, 2810.0], [83447.5, 7660.0], [83442.5, 5800.0], [83440.0, 12230.0], [83437.5, 7430.0], [83435.0, 830.0], [83432.5, 2660.0], [83430.0, 120.0], [83422.5, 7430.0], [83415.0, 5280.0], [83412.5, 14930.0], [83410.0, 2660.0], [83407.5, 5260.0], [83400.0, 7450.0], [83392.5, 2270.0], [83390.0, 7560.0], [83382.5, 2250.0], [83380.0, 7490.0], [83360.0, 7560.0], [83350.0, 7470.0]], "asks": [[83452.5, 2800.0], [83455.0, 6500.0], [83457.5, 2800.0], [83460.0, 10230.0], [83462.5, 2250.0], [83465.0, 10160.0], [83470.0, 27040.0], [83472.5, 90940.0], [83475.0, 120.0], [83480.0, 5280.0], [83482.5, 7490.0], [83485.0, 10000.0], [83490.0, 4900.0], [83492.5, 7470.0], [83517.5, 7350.0], [83530.0, 7330.0], [83532.5, 20.0], [83550.0, 7340.0], [83555.0, 22970.0], [83557.5, 6320.0]]}}}
{"jsonrpc": "2.0", "method": "subscription", "params": {"channel": "book.BTC-4APR25.none.20.100ms", "data": {"timestamp": 1743643853755, "change_id": 95350712856, "instrument_name": "BTC-4APR25", "bids": [[83432.5, 1010.0], [83430.0, 4300.0], [83427.5, 10000.0], [83417.5, 760.0], [83415.0, 2530.0], [83412.5, 300.0], [83410.0, 1000.0], [83407.5, 760.0], [83405.0, 2530.0], [83400.0, 120.0], [83387.5, 3000.0], [83385.0, 10000.0], [83382.5, 2960.0], [83380.0, 9850.0], [83372.5, 2960.0], [83370.0, 9850.0], [83355.0, 2960.0], [83352.5, 9850.0], [83345.0, 3070.0], [83342.5, 10240.0]], "asks": [[83435.0, 10.0], [83440.0, 2020.0], [83442.5, 1000.0], [83445.0, 3530.0], [83447.5, 24110.0], [83450.0, 80710.0], [83462.5, 300.0], [83465.0, 1000.0], [83467.5, 40.0], [83472.5, 8270.0], [83475.0, 33190.0], [83477.5, 19850.0], [83485.0, 3030.0], [83487.5, 10090.0], [83495.0, 6750.0], [83497.5, 10090.0], [83500.0, 12410.0], [83505.0, 2960.0], [83507.5, 9850.0], [83522.5, 3040.0]]}}}
{"jsonrpc": "2.0", "method": "subscription", "params": {"channel": "book.BTC-11APR25.none.20.100ms", "data": {"timestamp": 1743643854334, "change_id": 95350713867, "instrument_name": "BTC-11APR25", "bids": [[83447.5, 240.0], [83442.5, 3000.0], [83440.0, 12230.0], [83437.5, 7430.0], [83435.0, 7740.0], [83432.5, 2660.0], [83430.0, 23480.0], [83422.5, 7430.0], [83415.0, 5280.0], [83412.5, 14930.0], [83410.0, 2660.0], [83400.0, 7450.0], [83392.5, 2270.0], [83390.0, 7560.0], [83382.5, 2250.0], [83380.0, 7490.0], [83360.0, 7560.0], [83350.0, 7470.0], [83340.0, 2290.0], [83337.5, 7640.0]], "asks": [[83450.0, 2810.0], [83452.5, 2800.0], [83455.0, 6500.0], [83457.5, 5460.0], [83460.0, 10230.0], [83462.5, 2250.0], [83465.0, 7500.0], [83470.0, 27040.0], [83472.5, 90940.0], [83475.0, 120.0], [83480.0, 5280.0], [83482.5, 7490.0], [83485.0, 10000.0], [83490.0, 4900.0], [83492.5, 7470.0], [83517.5, 7350.0], [83530.0, 7330.0], [83532.5, 20.0], [83550.0, 7340.0], [83555.0, 22970.0]]}}}
{"jsonrpc": "2.0", "method": "subscription", "params": {"channel": "book.BTC-4APR25.none.20.100ms", "data": {"timestamp": 1743643854318, "change_id": 95350713875, "instrument_name": "BTC-4APR25", "bids": [[83430.0, 2650.0], [83427.5, 10000.0], [83412.5, 300.0], [83410.0, 1000.0], [83407.5, 760.0], [83405.0, 2530.0], [83400.0, 120.0], [83387.5, 3000.0], [83385.0, 10000.0], [83382.5, 2960.0], [83380.0, 9850.0], [83377.5, 760.0], [83375.0, 2530.0], [83372.5, 2960.0], [83370.0, 9850.0], [83355.0, 2960.0], [83352.5, 9850.0], [83345.0, 3070.0], [83342.5, 10240.0], [83332.5, 3030.0]], "asks": [[83435.0, 10.0], [83437.5, 420.0], [83440.0, 2020.0], [83442.5, 1000.0], [83445.0, 3530.0], [83447.5, 23990.0], [83450.0, 80710.0], [83462.5, 300.0], [83465.0, 10850.0], [83467.5, 10040.0], [83472.5, 8270.0], [83475.0, 30180.0], [83477.5, 9850.0], [83485.0, 3030.0], [83487.5, 10090.0], [83495.0, 6750.0], [83497.5, 10090.0], [83500.0, 12410.0], [83505.0, 2960.0], [83507.5, 9850.0]]}}}
{"jsonrpc": "2.0", "method": "subscription", "params": {"channel": "book.BTC-4APR25.none.20.100ms", "data": {"timestamp": 1743643854649, "change_id": 95350714494, "instrument_name": "BTC-4APR25", "bids": [[83435.0, 1010.0], [83432.5, 1300.0], [83430.0, 3650.0], [83427.5, 10000.0], [83412.5, 300.0], [83410.0, 1000.0], [83407.5, 1760.0], [83405.0, 2530.0], [83400.0, 120.0], [83387.5, 3000.0], [83385.0, 10000.0], [83382.5, 2960.0], [83380.0, 9850.0], [83377.5, 760.0], [83375.0, 2530.0], [83372.5, 2960.0], [83370.0, 9850.0], [83355.0, 2960.0], [83352.5, 9850.0], [83345.0, 3070.0]], "asks": [[83437.5, 120.0], [83440.0, 1020.0], [83442.5, 1000.0], [83445.0, 2530.0], [83462.5, 300.0], [83465.0, 4010.0], [83467.5, 10040.0], [83472.5, 8270.0], [83475.0, 30180.0], [83477.5, 9850.0], [83485.0, 3030.0], [83487.5, 10090.0], [83495.0, 6750.0], [83497.5, 10090.0], [83500.0, 12410.0], [83505.0, 2960.0], [83507.5, 9850.0], [83522.5, 3040.0], [83525.0, 10130.0], [83532.5, 3000.0]]}}}
{"jsonrpc": "2.0", "method": "subscription", "params": {"channel": "book.BTC-11APR25.none.20.100ms", "data": {"timestamp": 1743643854644, "change_id": 95350714430, "instrument_name": "BTC-11APR25", "bids": [[83450.0, 2810.0], [83447.5, 7800.0], [83442.5, 3000.0], [83440.0, 12230.0], [83437.5, 7430.0], [83435.0, 7740.0], [83432.5, 2660.0], [83430.0, 23480.0], [83427.5, 840.0], [83425.0, 2800.0], [83422.5, 7430.0], [83415.0, 5280.0], [83412.5, 14930.0], [83410.0, 2660.0], [83402.5, 2240.0], [83400.0, 7450.0], [83392.5, 2270.0], [83390.0, 7560.0], [83382.5, 2250.0], [83380.0, 7490.0]], "asks": [[83452.5, 2800.0], [83455.0, 5280.0], [83457.5, 5460.0], [83460.0, 7320.0], [83462.5, 7570.0], [83465.0, 7500.0], [83470.0, 27040.0], [83472.5, 90940.0], [83475.0, 120.0], [83480.0, 5280.0], [83482.5, 7490.0], [83485.0, 10000.0], [83487.5, 800.0], [83490.0, 4900.0], [83492.5, 7470.0], [83515.0, 2210.0], [83517.5, 7350.0], [83530.0, 7330.0], [83532.5, 20.0], [83547.5, 2200.0]]}}}
{"jsonrpc": "2.0", "method": "subscription", "params": {"channel": "book.BTC-11APR25.none.20.100ms", "data": {"timestamp": 1743643854937, "change_id": 95350714807, "instrument_name": "BTC-11APR25", "bids": [[83450.0, 2810.0], [83447.5, 7800.0], [83442.5, 3000.0], [83440.0, 12230.0], [83437.5, 7430.0], [83435.0, 7740.0], [83432.5, 2660.0], [83430.0, 23480.0], [83427.5, 840.0], [83425.0, 2800.0], [83422.5, 7430.0], [83415.0, 5280.0], [83412.5, 14930.0], [83410.0, 2660.0], [83402.5, 2240.0], [83400.0, 7450.0], [83392.5, 2270.0], [83390.0, 7560.0], [83382.5, 2250.0], [83380.0, 7490.0]], "asks": [[83452.5, 2800.0], [83455.0, 4480.0], [83457.5, 2800.0], [83460.0, 7320.0], [83462.5, 7570.0], [83465.0, 10160.0], [83470.0, 27040.0], [83472.5, 90940.0], [83475.0, 120.0], [83480.0, 5280.0], [83482.5, 7490.0], [83485.0, 10000.0], [83487.5, 800.0], [83490.0, 4900.0], [83492.5, 7470.0], [83515.0, 2210.0], [83517.5, 7350.0], [83530.0, 7330.0], [83532.5, 20.0], [83547.5, 2200.0]]}}}
{"jsonrpc": "2.0", "method": "subscription", "params": {"channel": "book.BTC-4APR25.none.20.100ms", "data": {"timestamp": 1743643854945, "change_id": 95350714815, "instrument_name": "BTC-4APR25", "bids": [[83435.0, 1010.0], [83432.5, 1300.0], [83430.0, 3650.0], [83427.5, 10000.0], [83412.5, 300.0], [83410.0, 1000.0], [83407.5, 1760.0], [83405.0, 2530.0], [83400.0, 120.0], [83387.5, 3000.0], [83385.0, 10000.0], [83382.5, 2960.0], [83380.0, 9850.0], [83377.5, 760.0], [83375.0, 2530.0], [83372.5, 2960.0], [83370.0, 9850.0], [83355.0, 2960.0], [83352.5, 9850.0], [83345.0, 3070.0]], "asks": [[83437.5, 120.0], [83440.0, 25960.0], [83442.5, 1000.0], [83445.0, 85970.0], [83462.5, 300.0], [83465.0, 4010.0], [83467.5, 10040.0], [83472.5, 8270.0], [83475.0, 30180.0], [83477.5, 9850.0], [83485.0, 3030.0], [83487.5, 10090.0], [83495.0, 6750.0], [83497.5, 10090.0], [83500.0, 12410.0], [83505.0, 2960.0], [83507.5, 9850.0], [83522.5, 3040.0], [83525.0, 10130.0], [83532.5, 3000.0]]}}}
{"jsonrpc": "2.0", "method": "subscription", "params": {"channel": "book.BTC-4APR25.none.20.100ms", "data": {"timestamp": 1743643855297, "change_id": 95350715172, "instrument_name": "BTC-4APR25", "bids": [[83430.0, 1010.0], [83427.5, 10000.0], [83412.5, 300.0], [83410.0, 1000.0], [83407.5, 1760.0], [83405.0, 2530.0], [83400.0, 120.0], [83387.5, 3000.0], [83385.0, 10000.0], [83382.5, 2960.0], [83380.0, 9850.0], [83377.5, 760.0], [83375.0, 2530.0], [83372.5, 2960.0], [83370.0, 9850.0], [83355.0, 2960.0], [83352.5, 9850.0], [83345.0, 3070.0], [83342.5, 10240.0], [83332.5, 3030.0]], "asks": [[83432.5, 1010.0], [83435.0, 1000.0], [83437.5, 120.0], [83440.0, 25960.0], [83442.5, 1000.0], [83445.0, 85970.0], [83462.5, 300.0], [83465.0, 4010.0], [83467.5, 10040.0], [83472.5, 8270.0], [83475.0, 30180.0], [83477.5, 9850.0], [83485.0, 3030.0], [83487.5, 10090.0], [83495.0, 6750.0], [83497.5, 10090.0], [83500.0, 12410.0], [83505.0, 2960.0], [83507.5, 9850.0], [83522.5, 3040.0]]}}}
{"jsonrpc": "2.0", "method": "subscription", "params": {"channel": "book.BTC-11APR25.none.20.100ms", "data": {"timestamp": 1743643855288, "change_id": 95350715159, "instrument_name": "BTC-11APR25", "bids": [[83447.5, 240.0], [83442.5, 3000.0], [83440.0, 12230.0], [83437.5, 7430.0], [83435.0, 7740.0], [83432.5, 2660.0], [83430.0, 23480.0], [83427.5, 840.0], [83425.0, 2800.0], [83422.5, 7430.0], [83415.0, 5280.0], [83412.5, 14930.0], [83410.0, 2660.0], [83402.5, 2240.0], [83400.0, 7450.0], [83392.5, 2270.0], [83390.0, 7560.0], [83382.5, 2250.0], [83380.0, 7490.0], [83362.5, 2270.0]], "asks": [[83450.0, 2810.0], [83452.5, 2800.0], [83455.0, 4480.0], [83457.5, 2800.0], [83460.0, 7320.0], [83462.5, 7570.0], [83465.0, 10160.0], [83470.0, 27040.0], [83472.5, 90940.0], [83475.0, 120.0], [83480.0, 5280.0], [83482.5, 7490.0], [83485.0, 10000.0], [83487.5, 800.0], [83490.0, 4900.0], [83492.5, 7470.0], [83515.0, 2210.0], [83517.5, 7350.0], [83530.0, 7330.0], [83532.5, 20.0]]}}}
{"jsonrpc": "2.0", "method": "subscription", "params": {"channel": "book.BTC-11APR25.none.20.100ms", "data": {"timestamp": 1743643855710, "change_id": 95350715872, "instrument_name": "BTC-11APR25", "bids": [[83455.0, 2810.0], [83452.5, 3640.0], [83450.0, 8240.0], [83447.5, 15300.0], [83442.5, 3000.0], [83440.0, 12230.0], [83437.5, 7430.0], [83435.0, 7740.0], [83430.0, 23480.0], [83425.0, 2230.0], [83422.5, 7430.0], [83412.5, 7430.0], [83410.0, 2660.0], [83402.5, 2240.0], [83400.0, 7450.0], [83392.5, 2270.0], [83390.0, 7560.0], [83382.5, 2250.0], [83380.0, 7490.0], [83362.5, 2270.0]], "asks": [[83457.5, 2800.0], [83460.0, 4440.0], [83462.5, 2800.0], [83465.0, 2660.0], [83470.0, 27040.0], [83472.5, 90940.0], [83475.0, 120.0], [83480.0, 5280.0], [83482.5, 7490.0], [83485.0, 10000.0], [83487.5, 800.0], [83490.0, 4900.0], [83492.5, 7470.0], [83515.0, 2210.0], [83517.5, 7350.0], [83527.5, 2200.0], [83530.0, 7330.0], [83532.5, 20.0], [83547.5, 2200.0], [83550.0, 7340.0]]}}}
{"jsonrpc": "2.0", "method": "subscription", "params": {"channel": "book.BTC-4APR25.none.20.100ms", "data": {"timestamp": 1743643855699, "change_id": 95350715875, "instrument_name": "BTC-4APR25", "bids": [[83435.0, 1010.0], [83432.5, 1300.0], [83430.0, 4000.0], [83427.5, 10000.0], [83420.0, 2530.0], [83417.5, 300.0], [83415.0, 1000.0], [83412.5, 300.0], [83410.0, 1000.0], [83407.5, 1760.0], [83405.0, 2530.0], [83400.0, 120.0], [83392.5, 3030.0], [83390.0, 10110.0], [83387.5, 3000.0], [83385.0, 10000.0], [83382.5, 2960.0], [83380.0, 9850.0], [83372.5, 2960.0], [83370.0, 9850.0]], "asks": [[83437.5, 120.0], [83442.5, 1000.0], [83445.0, 85970.0], [83462.5, 300.0], [83465.0, 4010.0], [83467.5, 10040.0], [83472.5, 8270.0], [83475.0, 30180.0], [83477.5, 9850.0], [83485.0, 3030.0], [83487.5, 10090.0], [83495.0, 6750.0], [83497.5, 10090.0], [83500.0, 12410.0], [83505.0, 2960.0], [83507.5, 9850.0], [83522.5, 3040.0], [83525.0, 10130.0], [83532.5, 3000.0], [83535.0, 9850.0]]}}}
{"jsonrpc": "2.0", "method": "subscription", "params": {"channel": "book.BTC-11APR25.none.20.100ms", "data": {"timestamp": 1743643855948, "change_id": 95350716420, "instrument_name": "BTC-11APR25", "bids": [[83455.0, 1010.0], [83452.5, 2800.0], [83450.0, 5440.0], [83447.5, 15070.0], [83442.5, 3000.0], [83440.0, 14890.0], [83437.5, 7430.0], [83435.0, 7740.0], [83430.0, 23480.0], [83425.0, 2230.0], [83422.5, 7430.0], [83412.5, 7430.0], [83410.0, 2660.0], [83402.5, 2240.0], [83400.0, 7450.0], [83392.5, 2270.0], [83390.0, 7560.0], [83382.5, 2250.0], [83380.0, 7490.0], [83362.5, 2270.0]], "asks": [[83457.5, 2810.0], [83460.0, 3640.0], [83462.5, 2800.0], [83465.0, 800.0], [83467.5, 2660.0], [83470.0, 27040.0], [83472.5, 90940.0], [83475.0, 120.0], [83480.0, 5280.0], [83482.5, 7490.0], [83485.0, 10000.0], [83487.5, 800.0], [83490.0, 4900.0], [83492.5, 7470.0], [83515.0, 2210.0], [83517.5, 7350.0], [83527.5, 2200.0], [83530.0, 7330.0], [83532.5, 20.0], [83547.5, 2200.0]]}}}
{"jsonrpc": "2.0", "method": "subscription", "params": {"channel": "book.BTC-4APR25.none.20.100ms", "data": {"timestamp": 1743643855993, "change_id": 95350716530, "instrument_name": "BTC-4APR25", "bids": [[83435.0, 1010.0], [83432.5, 1300.0], [83430.0, 4000.0], [83427.5, 10000.0], [83422.5, 760.0], [83420.0, 2530.0], [83417.5, 300.0], [83415.0, 1000.0], [83412.5, 300.0], [83410.0, 1000.0], [83407.5, 1760.0], [83405.0, 2530.0], [83400.0, 120.0], [83392.5, 3030.0], [83390.0, 10110.0], [83387.5, 3000.0], [83385.0, 10000.0], [83382.5, 2960.0], [83380.0, 9850.0], [83372.5, 2960.0]], "asks": [[83437.5, 120.0], [83442.5, 1000.0], [83445.0, 85970.0], [83462.5, 300.0], [83465.0, 4010.0], [83467.5, 10040.0], [83472.5, 8270.0], [83475.0, 30180.0], [83477.5, 9850.0], [83485.0, 3030.0], [83487.5, 10090.0], [83495.0, 6750.0], [83497.5, 10090.0], [83500.0, 12410.0], [83505.0, 2960.0], [83507.5, 9850.0], [83522.5, 3040.0], [83525.0, 10130.0], [83532.5, 3000.0], [83535.0, 9850.0]]}}}
{"jsonrpc": "2.0", "method": "subscription", "params": {"channel": "book.BTC-4APR25.none.20.100ms", "data": {"timestamp": 1743643856331, "change_id": 95350716816, "instrument_name": "BTC-4APR25", "bids": [[83435.0, 1010.0], [83432.5, 1300.0], [83430.0, 4000.0], [83427.5, 10000.0], [83422.5, 760.0], [83420.0, 2530.0], [83417.5, 300.0], [83415.0, 1000.0], [83412.5, 300.0], [83410.0, 1120.0], [83407.5, 1760.0], [83405.0, 2530.0], [83392.5, 3030.0], [83390.0, 10110.0], [83387.5, 3000.0], [83385.0, 10000.0], [83382.5, 2960.0], [83380.0, 9850.0], [83372.5, 2960.0], [83370.0, 9850.0]], "asks": [[83437.5, 120.0], [83442.5, 1000.0], [83445.0, 85970.0], [83462.5, 300.0], [83465.0, 4010.0], [83467.5, 10040.0], [83472.5, 8270.0], [83475.0, 30180.0], [83477.5, 9850.0], [83485.0, 3030.0], [83487.5, 10090.0], [83495.0, 6750.0], [83497.5, 10090.0], [83500.0, 12410.0], [83505.0, 2960.0], [83507.5, 9850.0], [83522.5, 3040.0], [83525.0, 10130.0], [83532.5, 3000.0], [83535.0, 9850.0]]}}}
{"jsonrpc": "2.0", "method": "subscription", "params": {"channel": "book.BTC-11APR25.none.20.100ms", "data": {"timestamp": 1743643856368, "change_id": 95350716825, "instrument_name": "BTC-11APR25", "bids": [[83455.0, 1010.0], [83450.0, 5440.0], [83447.5, 15070.0], [83442.5, 3000.0], [83440.0, 15010.0], [83437.5, 7430.0], [83435.0, 7740.0], [83430.0, 23360.0], [83412.5, 7430.0], [83410.0, 2660.0], [83402.5, 2240.0], [83400.0, 7450.0], [83392.5, 2270.0], [83390.0, 7560.0], [83382.5, 2250.0], [83380.0, 7490.0], [83362.5, 2270.0], [83360.0, 7560.0], [83352.5, 2240.0], [83350.0, 7470.0]], "asks": [[83457.5, 2800.0], [83460.0, 3640.0], [83462.5, 2800.0], [83465.0, 800.0], [83467.5, 2660.0], [83470.0, 27040.0], [83472.5, 90940.0], [83475.0, 120.0], [83480.0, 5280.0], [83482.5, 7490.0], [83485.0, 10000.0], [83487.5, 800.0], [83490.0, 4900.0], [83492.5, 7470.0], [83515.0, 2210.0], [83517.5, 7350.0], [83527.5, 2200.0], [83530.0, 7330.0], [83532.5, 20.0], [83547.5, 2200.0]]}}}
{"jsonrpc": "2.0", "method": "subscription", "params": {"channel": "book.BTC-11APR25.none.20.100ms", "data": {"timestamp": 1743643856670, "change_id": 95350718185, "instrument_name": "BTC-11APR25", "bids": [[83455.0, 1000.0], [83440.0, 2230.0], [83437.5, 7430.0], [83432.5, 7010.0], [83430.0, 28630.0], [83427.5, 10230.0], [83425.0, 10120.0], [83415.0, 3030.0], [83412.5, 7430.0], [83410.0, 2660.0], [83402.5, 2240.0], [83400.0, 7450.0], [83392.5, 2270.0], [83390.0, 7560.0], [83382.5, 2250.0], [83380.0, 7490.0], [83362.5, 2270.0], [83360.0, 7560.0], [83352.5, 2240.0], [83350.0, 7470.0]], "asks": [[83457.5, 10380.0], [83460.0, 6300.0], [83462.5, 2800.0], [83470.0, 27040.0], [83472.5, 90940.0], [83475.0, 120.0], [83480.0, 5280.0], [83482.5, 7490.0], [83485.0, 10000.0], [83487.5, 800.0], [83490.0, 4900.0], [83492.5, 7470.0], [83515.0, 2210.0], [83517.5, 7350.0], [83527.5, 2200.0], [83530.0, 7330.0], [83532.5, 20.0], [83547.5, 2200.0], [83550.0, 7340.0], [83552.5, 5650.0]]}}}
{"jsonrpc": "2.0", "method": "subscription", "params": {"channel": "book.BTC-4APR25.none.20.100ms", "data": {"timestamp": 1743643856604, "change_id": 95350718150, "instrument_name": "BTC-4APR25", "bids": [[83427.5, 10.0], [83425.0, 300.0], [83422.5, 1000.0], [83420.0, 4000.0], [83417.5, 10000.0], [83415.0, 4300.0], [83412.5, 10000.0], [83410.0, 2530.0], [83395.0, 120.0], [83387.5, 3000.0], [83385.0, 10000.0], [83382.5, 2960.0], [83380.0, 9850.0], [83375.0, 2530.0], [83372.5, 2960.0], [83370.0, 9850.0], [83355.0, 2960.0], [83352.5, 9850.0], [83345.0, 3070.0], [83342.5, 10240.0]], "asks": [[83430.0, 1300.0], [83432.5, 1940.0], [83435.0, 1000.0], [83437.5, 1120.0], [83440.0, 1000.0], [83442.5, 26790.0], [83445.0, 85970.0], [83462.5, 300.0], [83465.0, 4010.0], [83467.5, 10040.0], [83472.5, 8270.0], [83475.0, 30180.0], [83477.5, 9850.0], [83485.0, 3030.0], [83487.5, 10090.0], [83495.0, 6750.0], [83497.5, 10090.0], [83500.0, 12410.0], [83505.0, 2960.0], [83507.5, 9850.0]]}}}
{"jsonrpc": "2.0", "method": "subscription", "params": {"channel": "book.BTC-11APR25.none.20.100ms", "data": {"timestamp": 1743643856881, "change_id": 95350718367, "instrument_name": "BTC-11APR25", "bids": [[83455.0, 1000.0], [83440.0, 2230.0], [83437.5, 7430.0], [83432.5, 7010.0], [83430.0, 28630.0], [83427.5, 10230.0], [83425.0, 10120.0], [83415.0, 3030.0], [83412.5, 7430.0], [83410.0, 2660.0], [83402.5, 2240.0], [83400.0, 7450.0], [83392.5, 2270.0], [83390.0, 7560.0], [83382.5, 2250.0], [83380.0, 7490.0], [83362.5, 2270.0], [83360.0, 7560.0], [83352.5, 2240.0], [83350.0, 7470.0]], "asks": [[83457.5, 17880.0], [83460.0, 6300.0], [83462.5, 2800.0], [83470.0, 27040.0], [83472.5, 90940.0], [83475.0, 120.0], [83480.0, 5280.0], [83482.5, 7490.0], [83485.0, 10000.0], [83487.5, 800.0], [83490.0, 4900.0], [83492.5, 7470.0], [83515.0, 2210.0], [83517.5, 7350.0], [83527.5, 2200.0], [83530.0, 7330.0], [83532.5, 20.0], [83547.5, 2200.0], [83550.0, 7340.0], [83552.5, 5650.0]]}}}
{"jsonrpc": "2.0", "method": "subscription", "params": {"channel": "book.BTC-4APR25.none.20.100ms", "data": {"timestamp": 1743643857026, "change_id": 95350718630, "instrument_name": "BTC-4APR25", "bids": [[83427.5, 10.0], [83425.0, 300.0], [83422.5, 1000.0], [83420.0, 4000.0], [83417.5, 10000.0], [83415.0, 4300.0], [83412.5, 10000.0], [83410.0, 2530.0], [83395.0, 120.0], [83387.5, 3000.0], [83385.0, 10000.0], [83382.5, 2960.0], [83380.0, 9850.0], [83375.0, 2530.0], [83372.5, 2960.0], [83370.0, 9850.0], [83355.0, 2960.0], [83352.5, 9850.0], [83345.0, 3070.0], [83342.5, 10240.0]], "asks": [[83430.0, 1300.0], [83432.5, 1940.0], [83435.0, 1000.0], [83437.5, 1120.0], [83440.0, 1000.0], [83442.5, 26790.0], [83445.0, 85970.0], [83462.5, 300.0], [83465.0, 4010.0], [83467.5, 10040.0], [83472.5, 8270.0], [83475.0, 30180.0], [83477.5, 9850.0], [83485.0, 3030.0], [83487.5, 10090.0], [83495.0, 6750.0], [83497.5, 10090.0], [83500.0, 12410.0], [83505.0, 2960.0], [83507.5, 9850.0]]}}}
{"jsonrpc": "2.0", "method": "subscription", "params": {"channel": "book.BTC-4APR25.none.20.100ms", "data": {"timestamp": 1743643857356, "change_id": 95350718923, "instrument_name": "BTC-4APR25", "bids": [[83420.0, 1300.0], [83415.0, 4300.0], [83412.5, 10000.0], [83410.0, 2530.0], [83395.0, 120.0], [83387.5, 3000.0], [83385.0, 10000.0], [83375.0, 2530.0], [83372.5, 2960.0], [83370.0, 9850.0], [83355.0, 2960.0], [83352.5, 9850.0], [83345.0, 3070.0], [83342.5, 10240.0], [83332.5, 3030.0], [83330.0, 9960.0], [83322.5, 25530.0], [83307.5, 9920.0], [83300.0, 13160.0], [83287.5, 9920.0]], "asks": [[83425.0, 10.0], [83427.5, 1000.0], [83430.0, 1600.0], [83432.5, 1000.0], [83435.0, 1640.0], [83437.5, 1120.0], [83440.0, 1000.0], [83442.5, 26790.0], [83445.0, 85970.0], [83462.5, 300.0], [83465.0, 6670.0], [83467.5, 20150.0], [83472.5, 8270.0], [83475.0, 30180.0], [83477.5, 9850.0], [83485.0, 3030.0], [83487.5, 10090.0], [83495.0, 6750.0], [83497.5, 10090.0], [83500.0, 12410.0]]}}}
{"jsonrpc": "2.0", "method": "subscription", "params": {"channel": "book.BTC-11APR25.none.20.100ms", "data": {"timestamp": 1743643857188, "change_id": 95350718670, "instrument_name": "BTC-11APR25", "bids": [[83455.0, 1000.0], [83440.0, 2230.0], [83437.5, 7430.0], [83432.5, 7010.0], [83430.0, 28630.0], [83427.5, 10230.0], [83425.0, 10120.0], [83415.0, 3030.0], [83412.5, 7430.0], [83410.0, 2660.0], [83402.5, 2240.0], [83400.0, 7450.0], [83392.5, 2270.0], [83390.0, 7560.0], [83382.5, 2250.0], [83380.0, 7490.0], [83362.5, 15430.0], [83360.0, 7560.0], [83352.5, 2240.0], [83350.0, 7470.0]], "asks": [[83457.5, 17880.0], [83460.0, 6300.0], [83462.5, 2800.0], [83465.0, 120.0], [83470.0, 27040.0], [83472.5, 90940.0], [83480.0, 5280.0], [83482.5, 7490.0], [83485.0, 10000.0], [83487.5, 800.0], [83490.0, 4900.0], [83492.5, 7470.0], [83515.0, 2210.0], [83517.5, 7350.0], [83527.5, 2200.0], [83530.0, 7330.0], [83532.5, 20.0], [83547.5, 2200.0], [83550.0, 7340.0], [83552.5, 5650.0]]}}}
{"jsonrpc": "2.0", "method": "subscription", "params": {"channel": "book.BTC-11APR25.none.20.100ms", "data": {"timestamp": 1743643857697, "change_id": 95350720225, "instrument_name": "BTC-11APR25", "bids": [[83425.0, 10000.0], [83415.0, 3030.0], [83412.5, 7550.0], [83410.0, 2660.0], [83402.5, 2240.0], [83400.0, 7450.0], [83395.0, 2270.0], [83390.0, 7560.0], [83387.5, 1580.0], [83385.0, 5260.0], [83382.5, 2250.0], [83380.0, 7490.0], [83365.0, 6220.0], [83362.5, 13160.0], [83360.0, 7560.0], [83352.5, 2240.0], [83350.0, 7470.0], [83340.0, 2290.0], [83337.5, 7640.0], [83332.5, 20.0]], "asks": [[83427.5, 10.0], [83432.5, 4270.0], [83435.0, 15070.0], [83442.5, 7500.0], [83445.0, 3200.0], [83447.5, 10370.0], [83450.0, 4480.0], [83452.5, 2800.0], [83455.0, 6710.0], [83457.5, 10370.0], [83460.0, 2660.0], [83462.5, 2800.0], [83465.0, 960.0], [83467.5, 2800.0], [83470.0, 24800.0], [83472.5, 90940.0], [83475.0, 10000.0], [83480.0, 2250.0], [83482.5, 7490.0], [83490.0, 4900.0]]}}}
{"jsonrpc": "2.0", "method": "subscription", "params": {"channel": "book.BTC-4APR25.none.20.100ms", "data": {"timestamp": 1743643857636, "change_id": 95350720159, "instrument_name": "BTC-4APR25", "bids": [[83412.5, 10000.0], [83400.0, 340.0], [83397.5, 1000.0], [83387.5, 3000.0], [83385.0, 10000.0], [83382.5, 120.0], [83377.5, 760.0], [83375.0, 2530.0], [83355.0, 2960.0], [83352.5, 9850.0], [83345.0, 3070.0], [83342.5, 10240.0], [83332.5, 3030.0], [83330.0, 9960.0], [83322.5, 3030.0], [83320.0, 10110.0], [83310.0, 2980.0], [83307.5, 9920.0], [83305.0, 11610.0], [83302.5, 25530.0]], "asks": [[83422.5, 10.0], [83425.0, 1280.0], [83427.5, 1120.0], [83430.0, 4130.0], [83432.5, 1000.0], [83435.0, 1640.0], [83437.5, 1000.0], [83440.0, 1000.0], [83442.5, 26790.0], [83445.0, 85970.0], [83450.0, 3030.0], [83452.5, 10110.0], [83455.0, 3000.0], [83457.5, 10000.0], [83465.0, 3010.0], [83467.5, 10150.0], [83472.5, 8270.0], [83475.0, 27650.0], [83477.5, 9850.0], [83485.0, 3030.0]]}}}
{"jsonrpc": "2.0", "method": "subscription", "params": {"channel": "book.BTC-11APR25.none.20.100ms", "data": {"timestamp": 1743643858011, "change_id": 95350721633, "instrument_name": "BTC-11APR25", "bids": [[83430.0, 7580.0], [83425.0, 2800.0], [83417.5, 10300.0], [83412.5, 7550.0], [83407.5, 10000.0], [83402.5, 2660.0], [83400.0, 7450.0], [83390.0, 7560.0], [83380.0, 10150.0], [83375.0, 5260.0], [83362.5, 13160.0], [83360.0, 7560.0], [83350.0, 7470.0], [83337.5, 7640.0], [83332.5, 20.0], [83317.5, 7470.0], [83312.5, 6110.0], [83307.5, 7470.0], [83275.0, 52670.0], [83272.5, 7410.0]], "asks": [[83432.5, 2660.0], [83447.5, 10370.0], [83450.0, 2800.0], [83452.5, 2800.0], [83455.0, 2920.0], [83457.5, 10370.0], [83460.0, 2660.0], [83462.5, 12800.0], [83467.5, 2800.0], [83472.5, 7470.0], [83482.5, 7490.0], [83492.5, 7470.0], [83517.5, 7350.0], [83527.5, 6320.0], [83530.0, 7330.0], [83532.5, 20.0], [83550.0, 7340.0], [83555.0, 18840.0], [83560.0, 7430.0], [83567.5, 26390.0]]}}}
{"jsonrpc": "2.0", "method": "subscription", "params": {"channel": "book.BTC-4APR25.none.20.100ms", "data": {"timestamp": 1743643858011, "change_id": 95350721649, "instrument_name": "BTC-4APR25", "bids": [[83415.0, 10.0], [83410.0, 1000.0], [83405.0, 1000.0], [83402.5, 1000.0], [83400.0, 1000.0], [83397.5, 10000.0], [83385.0, 10000.0], [83382.5, 2650.0], [83375.0, 2530.0], [83352.5, 9850.0], [83345.0, 3290.0], [83342.5, 10240.0], [83332.5, 40.0], [83330.0, 9960.0], [83320.0, 10110.0], [83307.5, 9920.0], [83300.0, 13160.0], [83297.5, 10110.0], [83292.5, 25530.0], [83287.5, 9920.0]], "asks": [[83417.5, 1120.0], [83422.5, 10.0], [83427.5, 1000.0], [83430.0, 3530.0], [83432.5, 1000.0], [83435.0, 1000.0], [83437.5, 1000.0], [83440.0, 1000.0], [83442.5, 1000.0], [83445.0, 85970.0], [83447.5, 10000.0], [83452.5, 10110.0], [83467.5, 10150.0], [83475.0, 25030.0], [83477.5, 9850.0], [83487.5, 10090.0], [83497.5, 10090.0], [83500.0, 12410.0], [83507.5, 9850.0], [83525.0, 10130.0]]}}}
{"jsonrpc": "2.0", "method": "subscription", "params": {"channel": "book.BTC-11APR25.none.20.100ms", "data": {"timestamp": 1743643858288, "change_id": 95350722114, "instrument_name": "BTC-11APR25", "bids": [[83435.0, 10.0], [83430.0, 7570.0], [83425.0, 2800.0], [83420.0, 3090.0], [83417.5, 10300.0], [83415.0, 2270.0], [83412.5, 7550.0], [83410.0, 5660.0], [83407.5, 10000.0], [83402.5, 2240.0], [83400.0, 7450.0], [83392.5, 2270.0], [83390.0, 7560.0], [83382.5, 3050.0], [83380.0, 10150.0], [83377.5, 1580.0], [83375.0, 5260.0], [83365.0, 6220.0], [83362.5, 13160.0], [83360.0, 7560.0]], "asks": [[83440.0, 2660.0], [83445.0, 11450.0], [83447.5, 10370.0], [83450.0, 87960.0], [83452.5, 2800.0], [83455.0, 6830.0], [83457.5, 10370.0], [83460.0, 6500.0], [83462.5, 12800.0], [83465.0, 840.0], [83467.5, 2800.0], [83470.0, 2240.0], [83472.5, 7470.0], [83480.0, 2250.0], [83482.5, 7490.0], [83490.0, 2240.0], [83492.5, 7470.0], [83515.0, 2210.0], [83517.5, 7350.0], [83525.0, 4100.0]]}}}
{"jsonrpc": "2.0", "method": "subscription", "params": {"channel": "book.BTC-4APR25.none.20.100ms", "data": {"timestamp": 1743643858049, "change_id": 95350722112, "instrument_name": "BTC-4APR25", "bids": [[83415.0, 10.0], [83410.0, 1000.0], [83405.0, 1000.0], [83402.5, 1000.0], [83400.0, 1000.0], [83397.5, 10000.0], [83390.0, 2530.0], [83385.0, 10000.0], [83382.5, 120.0], [83375.0, 2530.0], [83352.5, 9850.0], [83345.0, 3290.0], [83342.5, 10240.0], [83332.5, 40.0], [83330.0, 9960.0], [83320.0, 10110.0], [83307.5, 9920.0], [83300.0, 13160.0], [83297.5, 10110.0], [83292.5, 25530.0]], "asks": [[83417.5, 1130.0], [83427.5, 1000.0], [83430.0, 3530.0], [83432.5, 1000.0], [83435.0, 1000.0], [83437.5, 1000.0], [83440.0, 1000.0], [83442.5, 1000.0], [83445.0, 2530.0], [83447.5, 10000.0], [83452.5, 10110.0], [83467.5, 10150.0], [83475.0, 25030.0], [83477.5, 9850.0], [83487.5, 10090.0], [83497.5, 10090.0], [83500.0, 12410.0], [83507.5, 9850.0], [83525.0, 10130.0], [83532.5, 40.0]]}}}
{"jsonrpc": "2.0", "method": "subscription", "params": {"channel": "book.BTC-4APR25.none.20.100ms", "data": {"timestamp": 1743643858599, "change_id": 95350722764, "instrument_name": "BTC-4APR25", "bids": [[83412.5, 10.0], [83410.0, 1000.0], [83407.5, 300.0], [83405.0, 1600.0], [83402.5, 1000.0], [83400.0, 4000.0], [83397.5, 10000.0], [83392.5, 760.0], [83390.0, 2530.0], [83387.5, 3000.0], [83385.0, 10000.0], [83382.5, 120.0], [83377.5, 760.0], [83375.0, 2530.0], [83355.0, 2960.0], [83352.5, 9850.0], [83347.5, 990.0], [83345.0, 6360.0], [83342.5, 10240.0], [83332.5, 40.0]], "asks": [[83415.0, 1010.0], [83417.5, 3650.0], [83425.0, 300.0], [83427.5, 1000.0], [83432.5, 1000.0], [83437.5, 1000.0], [83440.0, 1060.0], [83442.5, 1000.0], [83445.0, 5530.0], [83447.5, 10000.0], [83450.0, 3030.0], [83452.5, 10110.0], [83467.5, 10150.0], [83472.5, 7510.0], [83475.0, 25030.0], [83477.5, 9850.0], [83487.5, 10090.0], [83497.5, 10090.0], [83500.0, 12410.0], [83507.5, 9850.0]]}}}
{"jsonrpc": "2.0", "method": "subscription", "params": {"channel": "book.BTC-11APR25.none.20.100ms", "data": {"timestamp": 1743643858683, "change_id": 95350722845, "instrument_name": "BTC-11APR25", "bids": [[83425.0, 12620.0], [83422.5, 7500.0], [83420.0, 3090.0], [83417.5, 10300.0], [83415.0, 2270.0], [83412.5, 7550.0], [83410.0, 5660.0], [83407.5, 10000.0], [83402.5, 2240.0], [83400.0, 7450.0], [83392.5, 2270.0], [83390.0, 7560.0], [83382.5, 3050.0], [83380.0, 10150.0], [83377.5, 1580.0], [83375.0, 5260.0], [83365.0, 6220.0], [83362.5, 13160.0], [83360.0, 7560.0], [83352.5, 2240.0]], "asks": [[83435.0, 1650.0], [83437.5, 2800.0], [83440.0, 2660.0], [83442.5, 2250.0], [83445.0, 35990.0], [83447.5, 10370.0], [83450.0, 85160.0], [83455.0, 6830.0], [83457.5, 7570.0], [83460.0, 6500.0], [83462.5, 10000.0], [83470.0, 2240.0], [83472.5, 7470.0], [83480.0, 2250.0], [83482.5, 7490.0], [83490.0, 2240.0], [83492.5, 7470.0], [83515.0, 2210.0], [83517.5, 7350.0], [83525.0, 4100.0]]}}}
{"jsonrpc": "2.0", "method": "subscription", "params": {"channel": "book.BTC-4APR25.none.20.100ms", "data": {"timestamp": 1743643859031, "change_id": 95350723998, "instrument_name": "BTC-4APR25", "bids": [[83430.0, 10.0], [83425.0, 1000.0], [83420.0, 1000.0], [83417.5, 1000.0], [83415.0, 1000.0], [83412.5, 10000.0], [83407.5, 10000.0], [83390.0, 2530.0], [83385.0, 10000.0], [83382.5, 120.0], [83375.0, 2530.0], [83372.5, 10110.0], [83362.5, 10110.0], [83352.5, 9850.0], [83342.5, 10240.0], [83332.5, 40.0], [83330.0, 9960.0], [83320.0, 10110.0], [83315.0, 25530.0], [83307.5, 9920.0]], "asks": [[83432.5, 1000.0], [83437.5, 1120.0], [83442.5, 1000.0], [83445.0, 2530.0], [83467.5, 10150.0], [83470.0, 10000.0], [83475.0, 25030.0], [83477.5, 9850.0], [83487.5, 10090.0], [83497.5, 10090.0], [83500.0, 12410.0], [83507.5, 9850.0], [83525.0, 10130.0], [83532.5, 40.0], [83535.0, 9850.0], [83537.5, 26390.0], [83545.0, 10110.0], [83565.0, 9850.0], [83575.0, 9920.0], [83590.0, 3290.0]]}}}
{"jsonrpc": "2.0", "method": "subscription", "params": {"channel": "book.BTC-11APR25.none.20.100ms", "data": {"timestamp": 1743643859002, "change_id": 95350723986, "instrument_name": "BTC-11APR25", "bids": [[83445.0, 2810.0], [83437.5, 10300.0], [83435.0, 7570.0], [83432.5, 2800.0], [83430.0, 2800.0], [83425.0, 7570.0], [83417.5, 12800.0], [83412.5, 7550.0], [83410.0, 2660.0], [83400.0, 7450.0], [83397.5, 5260.0], [83390.0, 7560.0], [83380.0, 10150.0], [83360.0, 7560.0], [83350.0, 7470.0], [83337.5, 7640.0], [83335.0, 6110.0], [83332.5, 20.0], [83317.5, 7470.0], [83307.5, 7470.0]], "asks": [[83447.5, 2800.0], [83450.0, 2800.0], [83457.5, 7570.0], [83467.5, 120.0], [83472.5, 7470.0], [83482.5, 7490.0], [83485.0, 10000.0], [83492.5, 7470.0], [83517.5, 7350.0], [83527.5, 6320.0], [83530.0, 7330.0], [83532.5, 20.0], [83550.0, 7340.0], [83555.0, 18840.0], [83560.0, 7430.0], [83567.5, 26390.0], [83570.0, 7570.0], [83580.0, 7430.0], [83590.0, 7640.0], [83600.0, 7540.0]]}}}
{"jsonrpc": "2.0", "method": "subscription", "params": {"channel": "book.BTC-4APR25.none.20.100ms", "data": {"timestamp": 1743643859332, "change_id": 95350724527, "instrument_name": "BTC-4APR25", "bids": [[83430.0, 1010.0], [83420.0, 1000.0], [83417.5, 1000.0], [83415.0, 1000.0], [83412.5, 10000.0], [83407.5, 12530.0], [83392.5, 120.0], [83385.0, 10000.0], [83375.0, 2530.0], [83372.5, 10110.0], [83362.5, 10110.0], [83352.5, 9850.0], [83342.5, 10240.0], [83332.5, 40.0], [83330.0, 9960.0], [83320.0, 10110.0], [83315.0, 25530.0], [83307.5, 9920.0], [83297.5, 10110.0], [83287.5, 9920.0]], "asks": [[83432.5, 3530.0], [83437.5, 1120.0], [83442.5, 1000.0], [83445.0, 2530.0], [83467.5, 10150.0], [83470.0, 10000.0], [83475.0, 25030.0], [83477.5, 9850.0], [83487.5, 10090.0], [83497.5, 10090.0], [83500.0, 12410.0], [83507.5, 9850.0], [83525.0, 10130.0], [83532.5, 40.0], [83535.0, 9850.0], [83537.5, 26390.0], [83545.0, 10110.0], [83565.0, 9850.0], [83575.0, 9920.0], [83590.0, 3290.0]]}}}
{"jsonrpc": "2.0", "method": "subscription", "params": {"channel": "book.BTC-11APR25.none.20.100ms", "data": {"timestamp": 1743643859313, "change_id": 95350724516, "instrument_name": "BTC-11APR25", "bids": [[83445.0, 7580.0], [83437.5, 10300.0], [83435.0, 7570.0], [83432.5, 2800.0], [83430.0, 2800.0], [83427.5, 2660.0], [83425.0, 7570.0], [83422.5, 120.0], [83417.5, 12800.0], [83412.5, 7430.0], [83410.0, 2660.0], [83400.0, 90850.0], [83397.5, 5260.0], [83390.0, 7560.0], [83380.0, 7490.0], [83360.0, 7560.0], [83350.0, 7470.0], [83337.5, 7640.0], [83335.0, 6110.0], [83332.5, 20.0]], "asks": [[83447.5, 2800.0], [83450.0, 2800.0], [83457.5, 7570.0], [83462.5, 2660.0], [83467.5, 120.0], [83472.5, 7470.0], [83475.0, 10000.0], [83482.5, 7490.0], [83490.0, 2660.0], [83492.5, 7470.0], [83517.5, 7350.0], [83527.5, 6320.0], [83530.0, 7330.0], [83532.5, 20.0], [83550.0, 7340.0], [83555.0, 18840.0], [83560.0, 7430.0], [83567.5, 26390.0], [83570.0, 7570.0], [83580.0, 7430.0]]}}}
{"jsonrpc": "2.0", "method": "subscription", "params": {"channel": "book.BTC-11APR25.none.20.100ms", "data": {"timestamp": 1743643859459, "change_id": 95350725332, "instrument_name": "BTC-11APR25", "bids": [[83445.0, 7580.0], [83442.5, 840.0], [83440.0, 8160.0], [83437.5, 10300.0], [83435.0, 9250.0], [83432.5, 2800.0], [83430.0, 8870.0], [83427.5, 13880.0], [83425.0, 7570.0], [83422.5, 120.0], [83415.0, 2230.0], [83412.5, 7430.0], [83402.5, 2240.0], [83400.0, 9030.0], [83397.5, 5260.0], [83392.5, 2270.0], [83390.0, 7560.0], [83382.5, 2250.0], [83380.0, 7490.0], [83362.5, 2270.0]], "asks": [[83447.5, 2800.0], [83452.5, 840.0], [83455.0, 5950.0], [83457.5, 7570.0], [83460.0, 3880.0], [83465.0, 22060.0], [83467.5, 73520.0], [83470.0, 5240.0], [83472.5, 7470.0], [83475.0, 10000.0], [83480.0, 2250.0], [83482.5, 7490.0], [83490.0, 2240.0], [83492.5, 7470.0], [83515.0, 2210.0], [83517.5, 7350.0], [83525.0, 4100.0], [83527.5, 6320.0], [83530.0, 7330.0], [83532.5, 20.0]]}}}
{"jsonrpc": "2.0", "method": "subscription", "params": {"channel": "book.BTC-4APR25.none.20.100ms", "data": {"timestamp": 1743643859613, "change_id": 95350725365, "instrument_name": "BTC-4APR25", "bids": [[83430.0, 10.0], [83422.5, 300.0], [83420.0, 4530.0], [83417.5, 11000.0], [83415.0, 4000.0], [83412.5, 10000.0], [83410.0, 1160.0], [83407.5, 3880.0], [83392.5, 120.0], [83387.5, 3000.0], [83385.0, 10000.0], [83365.0, 3030.0], [83362.5, 10110.0], [83355.0, 2960.0], [83352.5, 9850.0], [83345.0, 3070.0], [83342.5, 10240.0], [83332.5, 3030.0], [83330.0, 9960.0], [83322.5, 3030.0]], "asks": [[83432.5, 1010.0], [83435.0, 2200.0], [83437.5, 4000.0], [83440.0, 22940.0], [83442.5, 74380.0], [83465.0, 6050.0], [83467.5, 10150.0], [83470.0, 10000.0], [83472.5, 7510.0], [83475.0, 28060.0], [83477.5, 10110.0], [83485.0, 3030.0], [83487.5, 10090.0], [83495.0, 6750.0], [83497.5, 10090.0], [83500.0, 12410.0], [83505.0, 2960.0], [83507.5, 9850.0], [83522.5, 3040.0], [83525.0, 10130.0]]}}}
{"jsonrpc": "2.0", "method": "subscription", "params": {"channel": "book.BTC-11APR25.none.20.100ms", "data": {"timestamp": 1743643859985, "change_id": 95350725821, "instrument_name": "BTC-11APR25", "bids": [[83445.0, 10.0], [83442.5, 840.0], [83440.0, 8160.0], [83437.5, 10300.0], [83435.0, 8410.0], [83432.5, 2800.0], [83430.0, 6070.0], [83427.5, 13880.0], [83425.0, 7570.0], [83422.5, 120.0], [83415.0, 2230.0], [83412.5, 7430.0], [83402.5, 2240.0], [83400.0, 9030.0], [83397.5, 5260.0], [83392.5, 2270.0], [83390.0, 7560.0], [83382.5, 2250.0], [83380.0, 7490.0], [83362.5, 2270.0]], "asks": [[83447.5, 2800.0], [83452.5, 840.0], [83455.0, 5950.0], [83457.5, 7570.0], [83460.0, 3880.0], [83465.0, 22060.0], [83467.5, 73520.0], [83470.0, 5240.0], [83472.5, 7470.0], [83475.0, 10000.0], [83480.0, 2250.0], [83482.5, 7490.0], [83490.0, 2240.0], [83492.5, 7470.0], [83515.0, 2210.0], [83517.5, 7350.0], [83525.0, 4100.0], [83527.5, 6320.0], [83530.0, 7330.0], [83532.5, 20.0]]}}}
{"jsonrpc": "2.0", "method": "subscription", "params": {"channel": "book.BTC-11APR25.none.20.100ms", "data": {"timestamp": 1743643860114, "change_id": 95350725958, "instrument_name": "BTC-11APR25", "bids": [[83445.0, 10.0], [83440.0, 5360.0], [83437.5, 7500.0], [83435.0, 7570.0], [83432.5, 120.0], [83430.0, 6070.0], [83427.5, 13880.0], [83425.0, 7570.0], [83415.0, 2230.0], [83412.5, 7430.0], [83402.5, 2240.0], [83400.0, 9030.0], [83397.5, 5260.0], [83392.5, 2270.0], [83390.0, 7560.0], [83382.5, 2250.0], [83380.0, 7490.0], [83362.5, 2270.0], [83360.0, 7560.0], [83352.5, 2240.0]], "asks": [[83447.5, 2800.0], [83452.5, 840.0], [83455.0, 5950.0], [83457.5, 7570.0], [83460.0, 3880.0], [83465.0, 22060.0], [83467.5, 73520.0], [83470.0, 5240.0], [83472.5, 7470.0], [83475.0, 10000.0], [83480.0, 2250.0], [83482.5, 7490.0], [83490.0, 2240.0], [83492.5, 7470.0], [83515.0, 2210.0], [83517.5, 7350.0], [83525.0, 4100.0], [83527.5, 6320.0], [83530.0, 7330.0], [83532.5, 20.0]]}}}
{"jsonrpc": "2.0", "method": "subscription", "params": {"channel": "book.BTC-4APR25.none.20.100ms", "data": {"timestamp": 1743643860081, "change_id": 95350725939, "instrument_name": "BTC-4APR25", "bids": [[83430.0, 10.0], [83422.5, 300.0], [83420.0, 4530.0], [83417.5, 11000.0], [83415.0, 4000.0], [83412.5, 10000.0], [83410.0, 1160.0], [83407.5, 3880.0], [83402.5, 120.0], [83387.5, 3000.0], [83385.0, 10000.0], [83365.0, 3030.0], [83362.5, 10110.0], [83355.0, 2960.0], [83352.5, 9850.0], [83345.0, 3070.0], [83342.5, 10240.0], [83332.5, 3030.0], [83330.0, 9960.0], [83322.5, 3030.0]], "asks": [[83432.5, 1010.0], [83435.0, 2200.0], [83437.5, 4000.0], [83440.0, 22940.0], [83442.5, 74380.0], [83465.0, 6050.0], [83467.5, 10150.0], [83470.0, 10000.0], [83472.5, 7510.0], [83475.0, 28060.0], [83477.5, 10110.0], [83485.0, 3030.0], [83487.5, 10090.0], [83495.0, 6750.0], [83497.5, 10090.0], [83500.0, 12410.0], [83505.0, 2960.0], [83507.5, 9850.0], [83522.5, 3040.0], [83525.0, 10130.0]]}}}
{"jsonrpc": "2.0", "method": "subscription", "params": {"channel": "book.BTC-11APR25.none.20.100ms", "data": {"timestamp": 1743643860567, "change_id": 95350727104, "instrument_name": "BTC-11APR25", "bids": [[83445.0, 10.0], [83440.0, 2270.0], [83435.0, 7570.0], [83432.5, 120.0], [83430.0, 6070.0], [83427.5, 13880.0], [83425.0, 7570.0], [83422.5, 18210.0], [83420.0, 60710.0], [83415.0, 2230.0], [83412.5, 7430.0], [83402.5, 2240.0], [83400.0, 9030.0], [83397.5, 5260.0], [83392.5, 2270.0], [83390.0, 7560.0], [83382.5, 2250.0], [83380.0, 7490.0], [83362.5, 2270.0], [83360.0, 7560.0]], "asks": [[83447.5, 2810.0], [83450.0, 4480.0], [83452.5, 2800.0], [83455.0, 5950.0], [83457.5, 7570.0], [83460.0, 3880.0], [83465.0, 22060.0], [83467.5, 73520.0], [83470.0, 5240.0], [83472.5, 7470.0], [83475.0, 10000.0], [83480.0, 2250.0], [83482.5, 7490.0], [83490.0, 2240.0], [83492.5, 7470.0], [83515.0, 2210.0], [83517.5, 7350.0], [83525.0, 4100.0], [83527.5, 6320.0], [83530.0, 7330.0]]}}}
{"jsonrpc": "2.0", "method": "subscription", "params": {"channel": "book.BTC-4APR25.none.20.100ms", "data": {"timestamp": 1743643860466, "change_id": 95350726842, "instrument_name": "BTC-4APR25", "bids": [[83422.5, 300.0], [83420.0, 4530.0], [83417.5, 11000.0], [83415.0, 4000.0], [83412.5, 10000.0], [83410.0, 1160.0], [83407.5, 3880.0], [83405.0, 1000.0], [83402.5, 120.0], [83387.5, 3000.0], [83385.0, 10000.0], [83375.0, 3030.0], [83372.5, 10110.0], [83365.0, 3030.0], [83362.5, 10110.0], [83355.0, 2960.0], [83352.5, 9850.0], [83345.0, 3070.0], [83342.5, 10240.0], [83332.5, 3030.0]], "asks": [[83432.5, 1010.0], [83435.0, 2200.0], [83437.5, 4000.0], [83465.0, 6050.0], [83467.5, 10150.0], [83470.0, 10000.0], [83472.5, 7510.0], [83475.0, 28060.0], [83477.5, 10110.0], [83485.0, 3030.0], [83487.5, 10090.0], [83495.0, 6750.0], [83497.5, 10090.0], [83500.0, 12410.0], [83505.0, 2960.0], [83507.5, 9850.0], [83522.5, 3040.0], [83525.0, 10130.0], [83532.5, 3000.0], [83535.0, 17770.0]]}}}
{"jsonrpc": "2.0", "method": "subscription", "params": {"channel": "book.BTC-11APR25.none.20.100ms", "data": {"timestamp": 1743643861006, "change_id": 95350728160, "instrument_name": "BTC-11APR25", "bids": [[83432.5, 2800.0], [83430.0, 2800.0], [83425.0, 7570.0], [83420.0, 120.0], [83417.5, 3000.0], [83415.0, 10000.0], [83412.5, 7430.0], [83400.0, 7450.0], [83392.5, 2270.0], [83390.0, 7560.0], [83385.0, 5260.0], [83380.0, 7490.0], [83362.5, 2270.0], [83360.0, 7560.0], [83350.0, 7470.0], [83337.5, 7640.0], [83332.5, 20.0], [83322.5, 6110.0], [83320.0, 2240.0], [83317.5, 7470.0]], "asks": [[83435.0, 10.0], [83442.5, 2800.0], [83445.0, 10370.0], [83447.5, 2800.0], [83450.0, 2800.0], [83452.5, 2800.0], [83455.0, 5070.0], [83457.5, 7690.0], [83467.5, 73400.0], [83470.0, 5240.0], [83472.5, 7470.0], [83475.0, 10000.0], [83480.0, 2250.0], [83482.5, 7490.0], [83490.0, 2240.0], [83492.5, 7470.0], [83517.5, 7350.0], [83525.0, 4100.0], [83527.5, 6320.0], [83530.0, 7330.0]]}}}
{"jsonrpc": "2.0", "method": "subscription", "params": {"channel": "book.BTC-4APR25.none.20.100ms", "data": {"timestamp": 1743643861000, "change_id": 95350728142, "instrument_name": "BTC-4APR25", "bids": [[83407.5, 1010.0], [83405.0, 4000.0], [83402.5, 10000.0], [83390.0, 120.0], [83387.5, 3000.0], [83385.0, 10000.0], [83355.0, 2960.0], [83352.5, 9850.0], [83345.0, 3070.0], [83342.5, 10240.0], [83332.5, 3030.0], [83330.0, 9960.0], [83320.0, 10110.0], [83307.5, 9920.0], [83300.0, 28560.0], [83297.5, 10110.0], [83287.5, 9920.0], [83277.5, 10090.0], [83267.5, 9880.0], [83265.0, 105000.0]], "asks": [[83410.0, 10.0], [83412.5, 1000.0], [83420.0, 640.0], [83422.5, 1000.0], [83425.0, 1420.0], [83427.5, 1000.0], [83430.0, 300.0], [83432.5, 1000.0], [83435.0, 2200.0], [83437.5, 83430.0], [83450.0, 3030.0], [83452.5, 10110.0], [83460.0, 10000.0], [83467.5, 10150.0], [83472.5, 7510.0], [83475.0, 25030.0], [83477.5, 10110.0], [83485.0, 3030.0], [83487.5, 10090.0], [83495.0, 6750.0]]}}}
{"jsonrpc": "2.0", "method": "subscription", "params": {"channel": "book.BTC-11APR25.none.20.100ms", "data": {"timestamp": 1743643861190, "change_id": 95350728573, "instrument_name": "BTC-11APR25", "bids": [[83430.0, 10.0], [83425.0, 15070.0], [83420.0, 120.0], [83415.0, 10000.0], [83412.5, 7430.0], [83407.5, 3880.0], [83400.0, 7450.0], [83390.0, 7560.0], [83382.5, 5260.0], [83380.0, 7490.0], [83350.0, 7470.0], [83337.5, 7640.0], [83332.5, 20.0], [83320.0, 6110.0], [83317.5, 7470.0], [83307.5, 7470.0], [83272.5, 7410.0], [83270.0, 105000.0], [83267.5, 20.0], [83262.5, 7570.0]], "asks": [[83440.0, 3890.0], [83442.5, 2800.0], [83445.0, 10370.0], [83447.5, 2800.0], [83450.0, 2800.0], [83452.5, 2800.0], [83455.0, 2800.0], [83457.5, 7690.0], [83462.5, 10000.0], [83472.5, 7470.0], [83482.5, 7490.0], [83517.5, 7350.0], [83527.5, 6320.0], [83530.0, 7330.0], [83532.5, 20.0], [83550.0, 7340.0], [83555.0, 18840.0], [83560.0, 7430.0], [83567.5, 26390.0], [83570.0, 7570.0]]}}}
{"jsonrpc": "2.0", "method": "subscription", "params": {"channel": "book.BTC-4APR25.none.20.100ms", "data": {"timestamp": 1743643861332, "change_id": 95350729036, "instrument_name": "BTC-4APR25", "bids": [[83415.0, 10.0], [83412.5, 1000.0], [83410.0, 600.0], [83407.5, 1000.0], [83405.0, 4000.0], [83402.5, 10000.0], [83390.0, 120.0], [83387.5, 6880.0], [83385.0, 10000.0], [83355.0, 2960.0], [83352.5, 9850.0], [83345.0, 3070.0], [83342.5, 10240.0], [83332.5, 3030.0], [83330.0, 9960.0], [83320.0, 10110.0], [83307.5, 9920.0], [83300.0, 3030.0], [83297.5, 35640.0], [83287.5, 9920.0]], "asks": [[83417.5, 3890.0], [83420.0, 640.0], [83422.5, 1000.0], [83425.0, 1420.0], [83427.5, 1000.0], [83430.0, 300.0], [83432.5, 1000.0], [83435.0, 1000.0], [83450.0, 13030.0], [83452.5, 10110.0], [83467.5, 10150.0], [83472.5, 7510.0], [83475.0, 25030.0], [83477.5, 10110.0], [83485.0, 3030.0], [83487.5, 10090.0], [83495.0, 6750.0], [83497.5, 10090.0], [83500.0, 12410.0], [83505.0, 2960.0]]}}}
{"jsonrpc": "2.0", "method": "subscription", "params": {"channel": "book.BTC-4APR25.none.20.100ms", "data": {"timestamp": 1743643861473, "change_id": 95350729613, "instrument_name": "BTC-4APR25", "bids": [[83410.0, 10.0], [83407.5, 1300.0], [83405.0, 4000.0], [83402.5, 10000.0], [83390.0, 120.0], [83387.5, 6880.0], [83385.0, 10000.0], [83355.0, 2960.0], [83352.5, 9850.0], [83345.0, 3070.0], [83342.5, 10240.0], [83332.5, 3030.0], [83330.0, 9960.0], [83322.5, 13160.0], [83320.0, 10110.0], [83307.5, 9920.0], [83300.0, 3030.0], [83297.5, 35640.0], [83287.5, 9920.0], [83277.5, 10090.0]], "asks": [[83412.5, 1010.0], [83415.0, 1160.0], [83417.5, 3880.0], [83420.0, 21450.0], [83422.5, 1000.0], [83425.0, 71080.0], [83427.5, 1000.0], [83450.0, 13030.0], [83452.5, 10110.0], [83467.5, 10150.0], [83472.5, 7510.0], [83475.0, 25030.0], [83477.5, 10110.0], [83485.0, 3030.0], [83487.5, 10090.0], [83495.0, 6750.0], [83497.5, 10090.0], [83500.0, 12410.0], [83505.0, 2960.0], [83507.5, 9850.0]]}}}
{"jsonrpc": "2.0", "method": "subscription", "params": {"channel": "book.BTC-11APR25.none.20.100ms", "data": {"timestamp": 1743643861634, "change_id": 95350729622, "instrument_name": "BTC-11APR25", "bids": [[83430.0, 10.0], [83425.0, 7570.0], [83420.0, 120.0], [83417.5, 3000.0], [83415.0, 12230.0], [83412.5, 7430.0], [83410.0, 1160.0], [83407.5, 3880.0], [83405.0, 17380.0], [83400.0, 7450.0], [83392.5, 2270.0], [83390.0, 7560.0], [83382.5, 5260.0], [83380.0, 7490.0], [83350.0, 7470.0], [83337.5, 7640.0], [83332.5, 20.0], [83320.0, 6110.0], [83317.5, 7470.0], [83307.5, 7470.0]], "asks": [[83432.5, 2800.0], [83437.5, 1170.0], [83440.0, 7830.0], [83442.5, 2800.0], [83445.0, 12050.0], [83447.5, 2800.0], [83450.0, 24540.0], [83452.5, 69680.0], [83455.0, 5110.0], [83457.5, 7690.0], [83462.5, 10000.0], [83472.5, 7470.0], [83482.5, 7490.0], [83517.5, 7350.0], [83527.5, 6320.0], [83530.0, 7330.0], [83532.5, 20.0], [83550.0, 7340.0], [83555.0, 18840.0], [83560.0, 7430.0]]}}}
{"jsonrpc": "2.0", "method": "subscription", "params": {"channel": "book.BTC-11APR25.none.20.100ms", "data": {"timestamp": 1743643861953, "change_id": 95350729923, "instrument_name": "BTC-11APR25", "bids": [[83430.0, 10.0], [83425.0, 7570.0], [83420.0, 120.0], [83417.5, 3000.0], [83415.0, 12230.0], [83412.5, 7430.0], [83410.0, 1160.0], [83407.5, 3880.0], [83405.0, 17380.0], [83400.0, 7450.0], [83392.5, 2270.0], [83390.0, 7560.0], [83382.5, 5260.0], [83380.0, 7490.0], [83350.0, 7470.0], [83340.0, 13160.0], [83337.5, 7640.0], [83332.5, 20.0], [83320.0, 6110.0], [83317.5, 7470.0]], "asks": [[83432.5, 2810.0], [83437.5, 1170.0], [83440.0, 7830.0], [83442.5, 2800.0], [83445.0, 12050.0], [83447.5, 2920.0], [83450.0, 24540.0], [83452.5, 69680.0], [83455.0, 5110.0], [83457.5, 7570.0], [83462.5, 10000.0], [83472.5, 7470.0], [83482.5, 7490.0], [83517.5, 7350.0], [83527.5, 6320.0], [83530.0, 7330.0], [83532.5, 20.0], [83550.0, 7340.0], [83555.0, 18840.0], [83560.0, 7430.0]]}}}
{"jsonrpc": "2.0", "method": "subscription", "params": {"channel": "book.BTC-4APR25.none.20.100ms", "data": {"timestamp": 1743643861960, "change_id": 95350729929, "instrument_name": "BTC-4APR25", "bids": [[83415.0, 10.0], [83412.5, 1000.0], [83410.0, 600.0], [83407.5, 1000.0], [83405.0, 4000.0], [83402.5, 10000.0], [83390.0, 120.0], [83387.5, 6880.0], [83385.0, 10000.0], [83355.0, 2960.0], [83352.5, 9850.0], [83345.0, 3070.0], [83342.5, 10240.0], [83332.5, 3030.0], [83330.0, 9960.0], [83325.0, 3950.0], [83322.5, 13160.0], [83307.5, 9920.0], [83300.0, 3030.0], [83297.5, 35640.0]], "asks": [[83417.5, 3890.0], [83420.0, 21450.0], [83422.5, 1000.0], [83425.0, 71080.0], [83427.5, 1000.0], [83447.5, 3000.0], [83450.0, 13030.0], [83452.5, 10110.0], [83467.5, 10150.0], [83472.5, 7510.0], [83475.0, 28060.0], [83477.5, 10110.0], [83485.0, 3030.0], [83487.5, 10090.0], [83495.0, 6750.0], [83497.5, 10090.0], [83500.0, 12410.0], [83505.0, 2960.0], [83507.5, 9850.0], [83522.5, 3040.0]]}}}
{"jsonrpc": "2.0", "method": "subscription", "params": {"channel": "book.BTC-4APR25.none.20.100ms", "data": {"timestamp": 1743643862109, "change_id": 95350730100, "instrument_name": "BTC-4APR25", "bids": [[83415.0, 10.0], [83410.0, 600.0], [83407.5, 1000.0], [83405.0, 4000.0], [83402.5, 10000.0], [83390.0, 120.0], [83387.5, 6880.0], [83385.0, 10000.0], [83355.0, 2960.0], [83352.5, 9850.0], [83345.0, 3070.0], [83342.5, 10240.0], [83332.5, 3030.0], [83330.0, 9960.0], [83325.0, 3950.0], [83322.5, 13160.0], [83307.5, 9920.0], [83300.0, 3030.0], [83297.5, 35640.0], [83287.5, 9920.0]], "asks": [[83417.5, 3890.0], [83420.0, 21450.0], [83422.5, 1000.0], [83425.0, 71080.0], [83427.5, 1000.0], [83447.5, 3000.0], [83450.0, 13030.0], [83452.5, 10110.0], [83467.5, 10150.0], [83472.5, 7510.0], [83475.0, 28060.0], [83477.5, 10110.0], [83485.0, 3030.0], [83487.5, 10090.0], [83495.0, 6750.0], [83497.5, 10090.0], [83500.0, 12410.0], [83505.0, 2960.0], [83507.5, 9850.0], [83522.5, 3040.0]]}}}
{"jsonrpc": "2.0", "method": "subscription", "params": {"channel": "book.BTC-11APR25.none.20.100ms", "data": {"timestamp": 1743643862324, "change_id": 95350730385, "instrument_name": "BTC-11APR25", "bids": [[83430.0, 10.0], [83425.0, 7570.0], [83420.0, 120.0], [83417.5, 3000.0], [83415.0, 12230.0], [83412.5, 7430.0], [83410.0, 1160.0], [83407.5, 3880.0], [83405.0, 17380.0], [83400.0, 7450.0], [83392.5, 2270.0], [83390.0, 7560.0], [83382.5, 5260.0], [83380.0, 7490.0], [83350.0, 7470.0], [83340.0, 13160.0], [83337.5, 7640.0], [83332.5, 20.0], [83320.0, 6110.0], [83317.5, 7470.0]], "asks": [[83432.5, 2810.0], [83437.5, 1170.0], [83440.0, 7830.0], [83442.5, 2800.0], [83445.0, 12050.0], [83447.5, 2920.0], [83450.0, 24540.0], [83452.5, 69680.0], [83455.0, 5110.0], [83457.5, 7570.0], [83462.5, 10000.0], [83472.5, 7470.0], [83482.5, 7490.0], [83517.5, 7350.0], [83527.5, 6320.0], [83530.0, 7330.0], [83532.5, 20.0], [83550.0, 7340.0], [83555.0, 18840.0], [83560.0, 7430.0]]}}}
{"jsonrpc": "2.0", "method": "subscription", "params": {"channel": "book.BTC-11APR25.none.20.100ms", "data": {"timestamp": 1743643862591, "change_id": 95350730810, "instrument_name": "BTC-11APR25", "bids": [[83425.0, 7570.0], [83422.5, 880.0], [83420.0, 2920.0], [83417.5, 3000.0], [83415.0, 12230.0], [83412.5, 7430.0], [83410.0, 6230.0], [83407.5, 3880.0], [83405.0, 17380.0], [83400.0, 7450.0], [83392.5, 2270.0], [83390.0, 7560.0], [83382.5, 5260.0], [83380.0, 7490.0], [83350.0, 7470.0], [83342.5, 3950.0], [83340.0, 13160.0], [83337.5, 7640.0], [83332.5, 20.0], [83320.0, 6110.0]], "asks": [[83427.5, 2810.0], [83430.0, 4480.0], [83432.5, 2800.0], [83435.0, 2800.0], [83437.5, 1170.0], [83440.0, 7830.0], [83442.5, 2800.0], [83445.0, 12050.0], [83447.5, 2920.0], [83450.0, 24540.0], [83452.5, 69680.0], [83455.0, 2310.0], [83457.5, 7570.0], [83460.0, 3000.0], [83462.5, 10000.0], [83472.5, 7470.0], [83482.5, 7490.0], [83517.5, 7350.0], [83525.0, 4100.0], [83527.5, 6320.0]]}}}
{"jsonrpc": "2.0", "method": "subscription", "params": {"channel": "book.BTC-4APR25.none.20.100ms", "data": {"timestamp": 1743643862504, "change_id": 95350730484, "instrument_name": "BTC-4APR25", "bids": [[83410.0, 1010.0], [83407.5, 1300.0], [83405.0, 4000.0], [83402.5, 10000.0], [83392.5, 340.0], [83390.0, 1120.0], [83387.5, 6880.0], [83385.0, 10000.0], [83355.0, 2960.0], [83352.5, 9850.0], [83345.0, 3070.0], [83342.5, 10240.0], [83332.5, 3030.0], [83330.0, 9960.0], [83325.0, 3950.0], [83322.5, 13160.0], [83307.5, 9920.0], [83300.0, 3030.0], [83297.5, 35640.0], [83287.5, 9920.0]], "asks": [[83412.5, 1010.0], [83415.0, 2170.0], [83417.5, 4880.0], [83420.0, 21450.0], [83422.5, 1000.0], [83425.0, 70080.0], [83447.5, 3000.0], [83450.0, 13030.0], [83452.5, 10110.0], [83467.5, 10150.0], [83472.5, 7510.0], [83475.0, 28060.0], [83477.5, 10110.0], [83485.0, 3030.0], [83487.5, 10090.0], [83495.0, 6750.0], [83497.5, 10090.0], [83500.0, 12410.0], [83505.0, 2960.0], [83507.5, 9850.0]]}}}
{"jsonrpc": "2.0", "method": "subscription", "params": {"channel": "book.BTC-4APR25.none.20.100ms", "data": {"timestamp": 1743643862962, "change_id": 95350731419, "instrument_name": "BTC-4APR25", "bids": [[83402.5, 10010.0], [83392.5, 340.0], [83390.0, 1120.0], [83387.5, 6880.0], [83385.0, 10000.0], [83355.0, 2960.0], [83352.5, 9850.0], [83345.0, 3070.0], [83342.5, 10240.0], [83332.5, 3030.0], [83330.0, 9960.0], [83325.0, 6490.0], [83322.5, 13160.0], [83320.0, 10110.0], [83310.0, 2980.0], [83307.5, 9920.0], [83300.0, 3030.0], [83297.5, 10110.0], [83295.0, 7660.0], [83292.5, 25530.0]], "asks": [[83405.0, 10.0], [83410.0, 600.0], [83412.5, 1000.0], [83415.0, 2170.0], [83417.5, 4880.0], [83420.0, 21450.0], [83422.5, 1000.0], [83425.0, 70080.0], [83447.5, 3000.0], [83450.0, 13030.0], [83452.5, 10110.0], [83465.0, 3050.0], [83467.5, 10150.0], [83472.5, 7510.0], [83475.0, 28060.0], [83477.5, 10110.0], [83485.0, 3030.0], [83487.5, 10090.0], [83495.0, 6750.0], [83497.5, 10090.0]]}}}
{"jsonrpc": "2.0", "method": "subscription", "params": {"channel": "book.BTC-11APR25.none.20.100ms", "data": {"timestamp": 1743643862956, "change_id": 95350731416, "instrument_name": "BTC-11APR25", "bids": [[83422.5, 10380.0], [83420.0, 120.0], [83417.5, 3000.0], [83415.0, 12230.0], [83412.5, 7430.0], [83410.0, 6230.0], [83407.5, 3880.0], [83405.0, 17380.0], [83402.5, 2240.0], [83400.0, 7450.0], [83392.5, 2270.0], [83390.0, 7560.0], [83385.0, 2250.0], [83380.0, 7490.0], [83355.0, 3820.0], [83352.5, 5260.0], [83350.0, 7470.0], [83342.5, 3950.0], [83340.0, 15450.0], [83337.5, 7640.0]], "asks": [[83425.0, 2810.0], [83427.5, 2800.0], [83430.0, 3740.0], [83432.5, 2800.0], [83435.0, 10370.0], [83437.5, 1170.0], [83440.0, 7830.0], [83442.5, 2800.0], [83445.0, 11250.0], [83447.5, 2920.0], [83450.0, 21740.0], [83452.5, 69680.0], [83455.0, 2310.0], [83457.5, 7570.0], [83460.0, 3000.0], [83462.5, 10000.0], [83470.0, 2240.0], [83472.5, 7470.0], [83480.0, 2250.0], [83482.5, 7490.0]]}}}
{"jsonrpc": "2.0", "method": "subscription", "params": {"channel": "book.BTC-4APR25.none.20.100ms", "data": {"timestamp": 1743643863241, "change_id": 95350731844, "instrument_name": "BTC-4APR25", "bids": [[83407.5, 1010.0], [83405.0, 3000.0], [83402.5, 10000.0], [83392.5, 340.0], [83390.0, 1120.0], [83387.5, 6880.0], [83385.0, 10000.0], [83355.0, 2960.0], [83352.5, 9850.0], [83345.0, 3070.0], [83342.5, 10240.0], [83332.5, 6320.0], [83330.0, 9960.0], [83325.0, 6490.0], [83322.5, 13160.0], [83320.0, 10110.0], [83310.0, 2980.0], [83307.5, 9920.0], [83300.0, 3030.0], [83297.5, 10110.0]], "asks": [[83410.0, 1010.0], [83412.5, 1000.0], [83415.0, 2170.0], [83417.5, 4880.0], [83420.0, 21450.0], [83422.5, 1000.0], [83425.0, 70080.0], [83447.5, 3000.0], [83450.0, 13030.0], [83452.5, 10110.0], [83465.0, 3050.0], [83467.5, 10150.0], [83472.5, 7510.0], [83475.0, 28060.0], [83477.5, 10110.0], [83485.0, 3030.0], [83487.5, 10090.0], [83495.0, 6750.0], [83497.5, 10090.0], [83500.0, 12410.0]]}}}
{"jsonrpc": "2.0", "method": "subscription", "params": {"channel": "book.BTC-11APR25.none.20.100ms", "data": {"timestamp": 1743643863260, "change_id": 95350731849, "instrument_name": "BTC-11APR25", "bids": [[83422.5, 10380.0], [83420.0, 120.0], [83417.5, 3000.0], [83415.0, 12230.0], [83412.5, 7430.0], [83410.0, 1160.0], [83407.5, 3880.0], [83402.5, 2240.0], [83400.0, 7450.0], [83392.5, 2270.0], [83390.0, 7560.0], [83385.0, 2250.0], [83380.0, 7490.0], [83355.0, 3820.0], [83352.5, 5260.0], [83350.0, 7470.0], [83342.5, 3950.0], [83340.0, 15450.0], [83337.5, 7640.0], [83332.5, 20.0]], "asks": [[83425.0, 2800.0], [83427.5, 2800.0], [83430.0, 3740.0], [83432.5, 2800.0], [83435.0, 10370.0], [83437.5, 1170.0], [83440.0, 7830.0], [83442.5, 2800.0], [83445.0, 11250.0], [83447.5, 2920.0], [83450.0, 21740.0], [83452.5, 69680.0], [83455.0, 2310.0], [83457.5, 7570.0], [83460.0, 3000.0], [83462.5, 10000.0], [83470.0, 2240.0], [83472.5, 7470.0], [83480.0, 2250.0], [83482.5, 7490.0]]}}}
{"jsonrpc": "2.0", "method": "subscription", "params": {"channel": "book.BTC-11APR25.none.20.100ms", "data": {"timestamp": 1743643863644, "change_id": 95350732486, "instrument_name": "BTC-11APR25", "bids": [[83432.5, 10.0], [83425.0, 14860.0], [83422.5, 15070.0], [83420.0, 120.0], [83417.5, 5800.0], [83415.0, 12230.0], [83412.5, 7430.0], [83410.0, 1160.0], [83407.5, 3880.0], [83402.5, 2240.0], [83400.0, 7450.0], [83392.5, 2270.0], [83390.0, 7560.0], [83385.0, 2250.0], [83380.0, 7490.0], [83355.0, 3820.0], [83352.5, 5260.0], [83350.0, 7470.0], [83342.5, 3950.0], [83340.0, 15450.0]], "asks": [[83435.0, 2810.0], [83437.5, 2800.0], [83440.0, 7830.0], [83442.5, 2800.0], [83445.0, 7570.0], [83447.5, 120.0], [83450.0, 21740.0], [83452.5, 69680.0], [83455.0, 2310.0], [83457.5, 7570.0], [83460.0, 3000.0], [83462.5, 10000.0], [83470.0, 2240.0], [83472.5, 7470.0], [83480.0, 2250.0], [83482.5, 7490.0], [83515.0, 2210.0], [83517.5, 7350.0], [83525.0, 4100.0], [83527.5, 6320.0]]}}}
{"jsonrpc": "2.0", "method": "subscription", "params": {"channel": "book.BTC-4APR25.none.20.100ms", "data": {"timestamp": 1743643863599, "change_id": 95350732454, "instrument_name": "BTC-4APR25", "bids": [[83415.0, 10.0], [83412.5, 300.0], [83410.0, 1000.0], [83407.5, 300.0], [83405.0, 4000.0], [83402.5, 10000.0], [83395.0, 640.0], [83392.5, 1000.0], [83390.0, 1120.0], [83387.5, 6880.0], [83385.0, 10000.0], [83355.0, 2960.0], [83352.5, 9850.0], [83345.0, 3070.0], [83342.5, 10240.0], [83332.5, 6320.0], [83330.0, 9960.0], [83325.0, 6490.0], [83322.5, 13160.0], [83320.0, 10110.0]], "asks": [[83417.5, 4890.0], [83420.0, 21450.0], [83422.5, 1000.0], [83425.0, 70080.0], [83447.5, 3000.0], [83450.0, 13030.0], [83452.5, 10110.0], [83465.0, 3050.0], [83467.5, 10150.0], [83472.5, 7510.0], [83475.0, 28060.0], [83477.5, 10110.0], [83485.0, 3030.0], [83487.5, 10090.0], [83495.0, 6750.0], [83497.5, 10090.0], [83500.0, 12410.0], [83505.0, 2960.0], [83507.5, 9850.0], [83522.5, 3040.0]]}}}
{"jsonrpc": "2.0", "method": "subscription", "params": {"channel": "book.BTC-11APR25.none.20.100ms", "data": {"timestamp": 1743643863692, "change_id": 95350732499, "instrument_name": "BTC-11APR25", "bids": [[83432.5, 10.0], [83425.0, 14860.0], [83422.5, 15070.0], [83420.0, 120.0], [83417.5, 5800.0], [83415.0, 12230.0], [83412.5, 7430.0], [83410.0, 1160.0], [83407.5, 3880.0], [83402.5, 2240.0], [83400.0, 7450.0], [83392.5, 2270.0], [83390.0, 7560.0], [83385.0, 2250.0], [83380.0, 7490.0], [83355.0, 3820.0], [83352.5, 5260.0], [83350.0, 7470.0], [83342.5, 3950.0], [83340.0, 15450.0]], "asks": [[83435.0, 2800.0], [83437.5, 2800.0], [83440.0, 7830.0], [83442.5, 2800.0], [83445.0, 7570.0], [83447.5, 120.0], [83450.0, 21740.0], [83452.5, 69680.0], [83455.0, 2310.0], [83457.5, 7570.0], [83460.0, 3000.0], [83462.5, 10000.0], [83470.0, 2240.0], [83472.5, 7470.0], [83480.0, 2250.0], [83482.5, 7490.0], [83515.0, 2210.0], [83517.5, 7350.0], [83525.0, 4100.0], [83527.5, 6320.0]]}}}
{"jsonrpc": "2.0", "method": "subscription", "params": {"channel": "book.BTC-4APR25.none.20.100ms", "data": {"timestamp": 1743643863988, "change_id": 95350732812, "instrument_name": "BTC-4APR25", "bids": [[83412.5, 300.0], [83410.0, 1000.0], [83407.5, 300.0], [83405.0, 4000.0], [83402.5, 10000.0], [83395.0, 640.0], [83392.5, 1000.0], [83390.0, 1120.0], [83387.5, 6880.0], [83385.0, 10000.0], [83367.5, 3030.0], [83365.0, 10110.0], [83355.0, 2960.0], [83352.5, 9850.0], [83345.0, 3070.0], [83342.5, 10240.0], [83332.5, 6320.0], [83330.0, 9960.0], [83325.0, 6490.0], [83322.5, 13160.0]], "asks": [[83415.0, 10.0], [83417.5, 4880.0], [83420.0, 21450.0], [83422.5, 1000.0], [83425.0, 70080.0], [83447.5, 3000.0], [83450.0, 13030.0], [83452.5, 10110.0], [83465.0, 3050.0], [83467.5, 10150.0], [83472.5, 7510.0], [83475.0, 28060.0], [83477.5, 10110.0], [83485.0, 3030.0], [83487.5, 10090.0], [83495.0, 6750.0], [83497.5, 10090.0], [83500.0, 12410.0], [83505.0, 2960.0], [83507.5, 9850.0]]}}}
{"jsonrpc": "2.0", "method": "subscription", "params": {"channel": "book.BTC-11APR25.none.20.100ms", "data": {"timestamp": 1743643864101, "change_id": 95350732913, "instrument_name": "BTC-11APR25", "bids": [[83432.5, 10.0], [83425.0, 14860.0], [83422.5, 15070.0], [83420.0, 120.0], [83417.5, 5800.0], [83415.0, 12230.0], [83412.5, 7430.0], [83410.0, 1160.0], [83407.5, 3880.0], [83402.5, 2240.0], [83400.0, 7450.0], [83392.5, 2270.0], [83390.0, 7560.0], [83385.0, 2250.0], [83380.0, 7490.0], [83355.0, 3820.0], [83352.5, 5260.0], [83350.0, 7470.0], [83342.5, 3950.0], [83340.0, 15450.0]], "asks": [[83435.0, 2810.0], [83437.5, 2800.0], [83440.0, 7830.0], [83442.5, 2800.0], [83445.0, 7570.0], [83447.5, 120.0], [83450.0, 21740.0], [83452.5, 69680.0], [83455.0, 2310.0], [83457.5, 7570.0], [83460.0, 3000.0], [83462.5, 10000.0], [83470.0, 2240.0], [83472.5, 7470.0], [83480.0, 2250.0], [83482.5, 7490.0], [83515.0, 2210.0], [83517.5, 7350.0], [83525.0, 4100.0], [83527.5, 6320.0]]}}}
{"jsonrpc": "2.0", "method": "subscription", "params": {"channel": "book.BTC-4APR25.none.20.100ms", "data": {"timestamp": 1743643864014, "change_id": 95350732907, "instrument_name": "BTC-4APR25", "bids": [[83410.0, 1010.0], [83407.5, 300.0], [83405.0, 4000.0], [83402.5, 10000.0], [83395.0, 640.0], [83392.5, 1000.0], [83390.0, 1120.0], [83387.5, 6880.0], [83385.0, 10000.0], [83367.5, 3030.0], [83365.0, 10110.0], [83355.0, 2960.0], [83352.5, 9850.0], [83345.0, 3070.0], [83342.5, 10240.0], [83332.5, 6320.0], [83330.0, 9960.0], [83325.0, 6490.0], [83322.5, 13160.0], [83320.0, 10110.0]], "asks": [[83412.5, 1010.0], [83415.0, 2460.0], [83417.5, 4880.0], [83420.0, 21450.0], [83422.5, 1000.0], [83425.0, 70080.0], [83447.5, 3000.0], [83450.0, 13030.0], [83452.5, 10110.0], [83465.0, 3050.0], [83467.5, 10150.0], [83472.5, 7510.0], [83475.0, 28060.0], [83477.5, 10110.0], [83485.0, 3030.0], [83487.5, 10090.0], [83495.0, 6750.0], [83497.5, 10090.0], [83500.0, 12410.0], [83505.0, 2960.0]]}}}
{"jsonrpc": "2.0", "method": "subscription", "params": {"channel": "book.BTC-11APR25.none.20.100ms", "data": {"timestamp": 1743643864511, "change_id": 95350733184, "instrument_name": "BTC-11APR25", "bids": [[83432.5, 10.0], [83422.5, 15070.0], [83420.0, 120.0], [83417.5, 5800.0], [83415.0, 12230.0], [83412.5, 7430.0], [83410.0, 3960.0], [83407.5, 3880.0], [83402.5, 2240.0], [83400.0, 7450.0], [83392.5, 2270.0], [83390.0, 7560.0], [83385.0, 2250.0], [83380.0, 7490.0], [83377.5, 1580.0], [83375.0, 5260.0], [83355.0, 2240.0], [83352.5, 3290.0], [83350.0, 7470.0], [83342.5, 3950.0]], "asks": [[83435.0, 2810.0], [83437.5, 2800.0], [83440.0, 7830.0], [83442.5, 2800.0], [83445.0, 8450.0], [83447.5, 2920.0], [83450.0, 21740.0], [83452.5, 69680.0], [83455.0, 2310.0], [83457.5, 7570.0], [83460.0, 3000.0], [83462.5, 10000.0], [83470.0, 2240.0], [83472.5, 7470.0], [83480.0, 2250.0], [83482.5, 7490.0], [83515.0, 2210.0], [83517.5, 7350.0], [83525.0, 4100.0], [83527.5, 6320.0]]}}}
{"jsonrpc": "2.0", "method": "subscription", "params": {"channel": "book.BTC-4APR25.none.20.100ms", "data": {"timestamp": 1743643864480, "change_id": 95350733142, "instrument_name": "BTC-4APR25", "bids": [[83410.0, 10.0], [83407.5, 300.0], [83405.0, 4000.0], [83402.5, 10000.0], [83395.0, 640.0], [83392.5, 1000.0], [83390.0, 1120.0], [83387.5, 7880.0], [83385.0, 10000.0], [83367.5, 3030.0], [83365.0, 10110.0], [83355.0, 2960.0], [83352.5, 9850.0], [83345.0, 3070.0], [83342.5, 10240.0], [83332.5, 6320.0], [83330.0, 9960.0], [83325.0, 6490.0], [83322.5, 13160.0], [83320.0, 10110.0]], "asks": [[83412.5, 1010.0], [83415.0, 2460.0], [83417.5, 4880.0], [83420.0, 21450.0], [83422.5, 1000.0], [83425.0, 70080.0], [83447.5, 3000.0], [83450.0, 13030.0], [83452.5, 10110.0], [83465.0, 3050.0], [83467.5, 10150.0], [83472.5, 7510.0], [83475.0, 28060.0], [83477.5, 10110.0], [83485.0, 3030.0], [83487.5, 10090.0], [83495.0, 6750.0], [83497.5, 10090.0], [83500.0, 12410.0], [83505.0, 2960.0]]}}}
{"jsonrpc": "2.0", "method": "subscription", "params": {"channel": "book.BTC-11APR25.none.20.100ms", "data": {"timestamp": 1743643864961, "change_id": 95350734033, "instrument_name": "BTC-11APR25", "bids": [[83440.0, 2810.0], [83437.5, 2800.0], [83435.0, 7330.0], [83425.0, 4560.0], [83422.5, 15070.0], [83420.0, 120.0], [83417.5, 5800.0], [83415.0, 12230.0], [83412.5, 7430.0], [83410.0, 3960.0], [83407.5, 3880.0], [83402.5, 2240.0], [83400.0, 7450.0], [83392.5, 2270.0], [83390.0, 7560.0], [83385.0, 2250.0], [83380.0, 7490.0], [83377.5, 1580.0], [83375.0, 5260.0], [83355.0, 2240.0]], "asks": [[83442.5, 2800.0], [83445.0, 880.0], [83447.5, 2920.0], [83450.0, 21740.0], [83452.5, 69680.0], [83455.0, 2310.0], [83457.5, 7570.0], [83460.0, 3000.0], [83462.5, 10000.0], [83470.0, 2240.0], [83472.5, 7470.0], [83480.0, 2250.0], [83482.5, 7490.0], [83515.0, 2210.0], [83517.5, 7350.0], [83525.0, 4100.0], [83527.5, 6320.0], [83530.0, 7330.0], [83532.5, 20.0], [83547.5, 2200.0]]}}}
{"jsonrpc": "2.0", "method": "subscription", "params": {"channel": "book.BTC-4APR25.none.20.100ms", "data": {"timestamp": 1743643864974, "change_id": 95350734096, "instrument_name": "BTC-4APR25", "bids": [[83420.0, 1010.0], [83417.5, 1300.0], [83415.0, 1000.0], [83412.5, 4000.0], [83410.0, 10000.0], [83407.5, 300.0], [83405.0, 4000.0], [83402.5, 10000.0], [83395.0, 340.0], [83392.5, 1000.0], [83390.0, 120.0], [83387.5, 6880.0], [83385.0, 10000.0], [83367.5, 3030.0], [83365.0, 10110.0], [83355.0, 2960.0], [83352.5, 9850.0], [83345.0, 3070.0], [83342.5, 10240.0], [83332.5, 6320.0]], "asks": [[83422.5, 1000.0], [83425.0, 69780.0], [83447.5, 3000.0], [83450.0, 10000.0], [83465.0, 3050.0], [83467.5, 10150.0], [83472.5, 7510.0], [83475.0, 28060.0], [83477.5, 10110.0], [83485.0, 3030.0], [83487.5, 10090.0], [83495.0, 6750.0], [83497.5, 10090.0], [83500.0, 12410.0], [83505.0, 2960.0], [83507.5, 9850.0], [83522.5, 3040.0], [83525.0, 10130.0], [83532.5, 3000.0], [83535.0, 17770.0]]}}}
{"jsonrpc": "2.0", "method": "subscription", "params": {"channel": "book.BTC-4APR25.none.20.100ms", "data": {"timestamp": 1743643865214, "change_id": 95350734917, "instrument_name": "BTC-4APR25", "bids": [[83422.5, 10.0], [83420.0, 1600.0], [83417.5, 1000.0], [83415.0, 7300.0], [83412.5, 11000.0], [83410.0, 11460.0], [83407.5, 3880.0], [83405.0, 1000.0], [83395.0, 340.0], [83392.5, 1000.0], [83390.0, 120.0], [83387.5, 3000.0], [83385.0, 10000.0], [83367.5, 3030.0], [83365.0, 10110.0], [83355.0, 2960.0], [83352.5, 9850.0], [83345.0, 3070.0], [83342.5, 10240.0], [83332.5, 6320.0]], "asks": [[83425.0, 69670.0], [83435.0, 1200.0], [83437.5, 4000.0], [83462.5, 3000.0], [83465.0, 13050.0], [83467.5, 10150.0], [83472.5, 7510.0], [83475.0, 28060.0], [83477.5, 10110.0], [83485.0, 3030.0], [83487.5, 10090.0], [83495.0, 6750.0], [83497.5, 10090.0], [83500.0, 12410.0], [83505.0, 2960.0], [83507.5, 9850.0], [83522.5, 3040.0], [83525.0, 10130.0], [83532.5, 3000.0], [83535.0, 17770.0]]}}}
{"jsonrpc": "2.0", "method": "subscription", "params": {"channel": "book.BTC-11APR25.none.20.100ms", "data": {"timestamp": 1743643865271, "change_id": 95350734987, "instrument_name": "BTC-11APR25", "bids": [[83445.0, 10.0], [83442.5, 840.0], [83440.0, 2800.0], [83437.5, 2200.0], [83435.0, 7330.0], [83427.5, 6880.0], [83425.0, 14560.0], [83422.5, 15070.0], [83420.0, 960.0], [83417.5, 2800.0], [83415.0, 2230.0], [83412.5, 7430.0], [83402.5, 2240.0], [83400.0, 7450.0], [83392.5, 2270.0], [83390.0, 7560.0], [83385.0, 2250.0], [83380.0, 7490.0], [83377.5, 1580.0], [83375.0, 5260.0]], "asks": [[83447.5, 10140.0], [83450.0, 21740.0], [83452.5, 69680.0], [83455.0, 3180.0], [83457.5, 7570.0], [83460.0, 4000.0], [83470.0, 2240.0], [83472.5, 7470.0], [83475.0, 3000.0], [83477.5, 10000.0], [83480.0, 2250.0], [83482.5, 7490.0], [83515.0, 2210.0], [83517.5, 7350.0], [83525.0, 4100.0], [83527.5, 6320.0], [83530.0, 7330.0], [83532.5, 20.0], [83547.5, 2200.0], [83550.0, 7340.0]]}}}
{"jsonrpc": "2.0", "method": "subscription", "params": {"channel": "book.BTC-11APR25.none.20.100ms", "data": {"timestamp": 1743643865588, "change_id": 95350735592, "instrument_name": "BTC-11APR25", "bids": [[83440.0, 2810.0], [83437.5, 2200.0], [83435.0, 7330.0], [83430.0, 120.0], [83427.5, 6880.0], [83425.0, 14560.0], [83422.5, 15070.0], [83420.0, 840.0], [83417.5, 2800.0], [83415.0, 2230.0], [83412.5, 7430.0], [83402.5, 2240.0], [83400.0, 7450.0], [83392.5, 2270.0], [83390.0, 7560.0], [83385.0, 2250.0], [83380.0, 7490.0], [83377.5, 1580.0], [83375.0, 5260.0], [83355.0, 2240.0]], "asks": [[83442.5, 2800.0], [83445.0, 4480.0], [83447.5, 2800.0], [83450.0, 2800.0], [83455.0, 3180.0], [83457.5, 7570.0], [83460.0, 4000.0], [83470.0, 2240.0], [83472.5, 7470.0], [83475.0, 3000.0], [83477.5, 10000.0], [83480.0, 2250.0], [83482.5, 7490.0], [83515.0, 2210.0], [83517.5, 7350.0], [83525.0, 4100.0], [83527.5, 6320.0], [83530.0, 7330.0], [83532.5, 20.0], [83547.5, 2200.0]]}}}
{"jsonrpc": "2.0", "method": "subscription", "params": {"channel": "book.BTC-4APR25.none.20.100ms", "data": {"timestamp": 1743643865501, "change_id": 95350735246, "instrument_name": "BTC-4APR25", "bids": [[83422.5, 10.0], [83420.0, 1600.0], [83417.5, 1000.0], [83415.0, 7300.0], [83412.5, 11000.0], [83410.0, 11460.0], [83407.5, 3880.0], [83400.0, 120.0], [83387.5, 3000.0], [83385.0, 10000.0], [83367.5, 3030.0], [83365.0, 10110.0], [83355.0, 2960.0], [83352.5, 9850.0], [83345.0, 3070.0], [83342.5, 10240.0], [83332.5, 6320.0], [83330.0, 9960.0], [83325.0, 6490.0], [83322.5, 13160.0]], "asks": [[83425.0, 1010.0], [83435.0, 1200.0], [83437.5, 4000.0], [83462.5, 3000.0], [83465.0, 13050.0], [83467.5, 10150.0], [83472.5, 7510.0], [83475.0, 28060.0], [83477.5, 10110.0], [83485.0, 3030.0], [83487.5, 10090.0], [83495.0, 6750.0], [83497.5, 10090.0], [83500.0, 12410.0], [83505.0, 2960.0], [83507.5, 9850.0], [83522.5, 3040.0], [83525.0, 10130.0], [83532.5, 3000.0], [83535.0, 17770.0]]}}}
{"jsonrpc": "2.0", "method": "subscription", "params": {"channel": "book.BTC-11APR25.none.20.100ms", "data": {"timestamp": 1743643865814, "change_id": 95350735733, "instrument_name": "BTC-11APR25", "bids": [[83440.0, 2810.0], [83437.5, 2200.0], [83435.0, 7330.0], [83430.0, 120.0], [83427.5, 6880.0], [83425.0, 14560.0], [83422.5, 15070.0], [83420.0, 19300.0], [83417.5, 2800.0], [83415.0, 64110.0], [83412.5, 7430.0], [83402.5, 2240.0], [83400.0, 7450.0], [83392.5, 2270.0], [83390.0, 7560.0], [83385.0, 2250.0], [83380.0, 7490.0], [83377.5, 1580.0], [83375.0, 5260.0], [83355.0, 2240.0]], "asks": [[83442.5, 2800.0], [83445.0, 4480.0], [83447.5, 2800.0], [83450.0, 2800.0], [83455.0, 3180.0], [83457.5, 7570.0], [83460.0, 29040.0], [83462.5, 83460.0], [83470.0, 2240.0], [83472.5, 7470.0], [83475.0, 3000.0], [83477.5, 10000.0], [83480.0, 2250.0], [83482.5, 7490.0], [83515.0, 2210.0], [83517.5, 7350.0], [83525.0, 4100.0], [83527.5, 6320.0], [83530.0, 7330.0], [83532.5, 20.0]]}}}
