{"jsonrpc": "2.0", "method": "subscription", "params": {"channel": "book.BTC-23MAY25.none.20.100ms", "data": {"timestamp": 1747340375471, "change_id": 101036965818, "instrument_name": "BTC-23MAY25", "bids": [[103355.0, 6000.0], [103352.5, 70000.0], [103350.0, 51800.0], [103347.5, 6000.0], [103340.0, 5970.0], [103322.5, 3230.0], [103320.0, 10760.0], [103317.5, 3000.0], [103315.0, 10000.0], [103312.5, 930.0], [103310.0, 4890.0], [103307.5, 5970.0], [103260.0, 2000.0], [103255.0, 20.0], [103222.5, 5970.0], [103182.5, 5970.0], [103170.0, 20.0], [103167.5, 5970.0], [103145.0, 56000.0], [103130.0, 5850.0]], "asks": [[103357.5, 5970.0], [103360.0, 10790.0], [103365.0, 3590.0], [103367.5, 6000.0], [103370.0, 5970.0], [103372.5, 3850.0], [103375.0, 12500.0], [103382.5, 5970.0], [103392.5, 6500.0], [103395.0, 5970.0], [103407.5, 5970.0], [103415.0, 10000.0], [103420.0, 1790.0], [103422.5, 5970.0], [103445.0, 1790.0], [103447.5, 5970.0], [103477.5, 1770.0], [103480.0, 5900.0], [103500.0, 5920.0], [103512.5, 5910.0]]}}}
{"jsonrpc": "2.0", "method": "subscription", "params": {"channel": "book.BTC-16MAY25.none.20.100ms", "data": {"timestamp": 1747340375807, "change_id": 101036966269, "instrument_name": "BTC-16MAY25", "bids": [[103355.0, 4420.0], [103350.0, 4430.0], [103347.5, 1330.0], [103345.0, 4430.0], [103340.0, 7520.0], [103332.5, 1460.0], [103330.0, 9000.0], [103327.5, 9000.0], [103325.0, 4720.0], [103320.0, 4790.0], [103315.0, 13310.0], [103312.5, 14370.0], [103302.5, 9000.0], [103300.0, 4370.0], [103297.5, 1880.0], [103287.5, 4370.0], [103277.5, 1880.0], [103262.5, 4370.0], [103252.5, 20.0], [103235.0, 4370.0]], "asks": [[103357.5, 9000.0], [103360.0, 4790.0], [103362.5, 1330.0], [103365.0, 4420.0], [103377.5, 54370.0], [103390.0, 4670.0], [103402.5, 14370.0], [103417.5, 20.0], [103422.5, 4370.0], [103435.0, 1290.0], [103442.5, 4460.0], [103470.0, 1880.0], [103480.0, 4370.0], [103487.5, 30000.0], [103492.5, 1930.0], [103495.0, 4410.0], [103500.0, 20.0], [103507.5, 4370.0], [103532.5, 4370.0], [103535.0, 9600.0]]}}}
{"jsonrpc": "2.0", "method": "subscription", "params": {"channel": "book.BTC-23MAY25.none.20.100ms", "data": {"timestamp": 1747340375751, "change_id": 101036966225, "instrument_name": "BTC-23MAY25", "bids": [[103355.0, 6000.0], [103352.5, 70000.0], [103350.0, 51800.0], [103347.5, 6000.0], [103340.0, 5970.0], [103322.5, 4790.0], [103320.0, 5970.0], [103317.5, 3000.0], [103315.0, 10000.0], [103312.5, 930.0], [103310.0, 4890.0], [103307.5, 5970.0], [103262.5, 600.0], [103260.0, 2000.0], [103255.0, 20.0], [103185.0, 1790.0], [103182.5, 5970.0], [103170.0, 1810.0], [103167.5, 5970.0], [103145.0, 56000.0]], "asks": [[103357.5, 6000.0], [103360.0, 6000.0], [103362.5, 4790.0], [103365.0, 3590.0], [103367.5, 6000.0], [103370.0, 5970.0], [103372.5, 1900.0], [103375.0, 6000.0], [103380.0, 1790.0], [103382.5, 5970.0], [103390.0, 3500.0], [103392.5, 6500.0], [103395.0, 5970.0], [103397.5, 3000.0], [103400.0, 10000.0], [103405.0, 1790.0], [103407.5, 5970.0], [103420.0, 1790.0], [103422.5, 5970.0], [103445.0, 1790.0]]}}}
{"jsonrpc": "2.0", "method": "subscription", "params": {"channel": "book.BTC-16MAY25.none.20.100ms", "data": {"timestamp": 1747340376106, "change_id": 101036967232, "instrument_name": "BTC-16MAY25", "bids": [[103347.5, 4430.0], [103345.0, 4430.0], [103340.0, 4420.0], [103327.5, 9000.0], [103325.0, 4720.0], [103322.5, 26050.0], [103312.5, 14370.0], [103300.0, 4930.0], [103297.5, 1880.0], [103287.5, 4370.0], [103277.5, 1880.0], [103262.5, 4370.0], [103252.5, 20.0], [103222.5, 4370.0], [103212.5, 30000.0], [103210.0, 4370.0], [103197.5, 4370.0], [103192.5, 1600.0], [103185.0, 4370.0], [103182.5, 2000.0]], "asks": [[103355.0, 13430.0], [103357.5, 9220.0], [103372.5, 9000.0], [103375.0, 16310.0], [103377.5, 54370.0], [103390.0, 4670.0], [103402.5, 14370.0], [103417.5, 1620.0], [103422.5, 4370.0], [103435.0, 1290.0], [103442.5, 4460.0], [103470.0, 1880.0], [103480.0, 4370.0], [103487.5, 30000.0], [103492.5, 1930.0], [103495.0, 4410.0], [103500.0, 20.0], [103532.5, 4370.0], [103535.0, 9600.0], [103565.0, 4490.0]]}}}
{"jsonrpc": "2.0", "method": "subscription", "params": {"channel": "book.BTC-23MAY25.none.20.100ms", "data": {"timestamp": 1747340376112, "change_id": 101036967260, "instrument_name": "BTC-23MAY25", "bids": [[103355.0, 6500.0], [103352.5, 70000.0], [103350.0, 50000.0], [103335.0, 26050.0], [103320.0, 5970.0], [103315.0, 10000.0], [103310.0, 3000.0], [103307.5, 5970.0], [103295.0, 100.0], [103260.0, 2000.0], [103255.0, 20.0], [103182.5, 5970.0], [103170.0, 1810.0], [103167.5, 5970.0], [103145.0, 56000.0], [103130.0, 5850.0], [103117.5, 6090.0], [103105.0, 5850.0], [103087.5, 40.0], [103080.0, 5960.0]], "asks": [[103357.5, 11970.0], [103360.0, 10790.0], [103365.0, 1790.0], [103370.0, 5970.0], [103372.5, 100.0], [103380.0, 6500.0], [103382.5, 5970.0], [103392.5, 6500.0], [103395.0, 5970.0], [103397.5, 3000.0], [103400.0, 10000.0], [103405.0, 1790.0], [103407.5, 5970.0], [103422.5, 5970.0], [103447.5, 5970.0], [103480.0, 5900.0], [103500.0, 5920.0], [103512.5, 5910.0], [103525.0, 50000.0], [103537.5, 5970.0]]}}}
{"jsonrpc": "2.0", "method": "subscription", "params": {"channel": "book.BTC-16MAY25.none.20.100ms", "data": {"timestamp": 1747340376410, "change_id": 101036967984, "instrument_name": "BTC-16MAY25", "bids": [[103355.0, 4430.0], [103352.5, 8850.0], [103342.5, 1330.0], [103340.0, 4420.0], [103327.5, 9000.0], [103325.0, 12240.0], [103322.5, 26050.0], [103317.5, 4790.0], [103312.5, 14370.0], [103310.0, 300.0], [103300.0, 4930.0], [103297.5, 1880.0], [103287.5, 4370.0], [103277.5, 1880.0], [103262.5, 4370.0], [103252.5, 20.0], [103222.5, 4370.0], [103212.5, 30000.0], [103210.0, 4370.0], [103197.5, 4370.0]], "asks": [[103362.5, 13790.0], [103365.0, 17850.0], [103370.0, 2700.0], [103372.5, 9000.0], [103375.0, 16310.0], [103377.5, 54370.0], [103390.0, 4670.0], [103400.0, 4310.0], [103402.5, 14370.0], [103417.5, 1620.0], [103422.5, 4370.0], [103435.0, 1290.0], [103442.5, 4460.0], [103470.0, 1880.0], [103480.0, 4370.0], [103487.5, 30000.0], [103492.5, 1930.0], [103495.0, 4410.0], [103500.0, 20.0], [103532.5, 4370.0]]}}}
{"jsonrpc": "2.0", "method": "subscription", "params": {"channel": "book.BTC-23MAY25.none.20.100ms", "data": {"timestamp": 1747340376442, "change_id": 101036968097, "instrument_name": "BTC-23MAY25", "bids": [[103360.0, 6500.0], [103355.0, 32500.0], [103352.5, 59340.0], [103350.0, 50300.0], [103347.5, 1010.0], [103345.0, 1790.0], [103342.5, 5970.0], [103337.5, 7820.0], [103335.0, 26050.0], [103322.5, 1790.0], [103320.0, 10410.0], [103317.5, 4790.0], [103315.0, 10000.0], [103312.5, 900.0], [103310.0, 4790.0], [103307.5, 5970.0], [103295.0, 100.0], [103262.5, 600.0], [103260.0, 2000.0], [103255.0, 20.0]], "asks": [[103362.5, 10790.0], [103365.0, 7790.0], [103370.0, 5970.0], [103372.5, 100.0], [103377.5, 1950.0], [103380.0, 8290.0], [103382.5, 5970.0], [103390.0, 3740.0], [103392.5, 6500.0], [103395.0, 5970.0], [103397.5, 3000.0], [103400.0, 10000.0], [103405.0, 1790.0], [103407.5, 5970.0], [103420.0, 1790.0], [103422.5, 5970.0], [103445.0, 1790.0], [103447.5, 5970.0], [103477.5, 1770.0], [103480.0, 5900.0]]}}}
{"jsonrpc": "2.0", "method": "subscription", "params": {"channel": "book.BTC-16MAY25.none.20.100ms", "data": {"timestamp": 1747340376755, "change_id": 101036968570, "instrument_name": "BTC-16MAY25", "bids": [[103347.5, 4430.0], [103340.0, 4420.0], [103330.0, 4030.0], [103327.5, 9000.0], [103325.0, 12240.0], [103322.5, 26350.0], [103320.0, 1440.0], [103317.5, 4790.0], [103315.0, 4400.0], [103312.5, 14370.0], [103310.0, 580.0], [103307.5, 1940.0], [103302.5, 1310.0], [103300.0, 4370.0], [103290.0, 1890.0], [103287.5, 6310.0], [103265.0, 1310.0], [103262.5, 4370.0], [103252.5, 20.0], [103225.0, 1310.0]], "asks": [[103355.0, 5020.0], [103357.5, 13430.0], [103360.0, 9890.0], [103362.5, 13790.0], [103370.0, 2700.0], [103372.5, 9000.0], [103375.0, 16310.0], [103377.5, 54370.0], [103385.0, 4400.0], [103387.5, 10000.0], [103390.0, 4670.0], [103400.0, 1310.0], [103402.5, 4370.0], [103415.0, 490.0], [103417.5, 1620.0], [103420.0, 1310.0], [103422.5, 4370.0], [103432.5, 390.0], [103435.0, 1290.0], [103440.0, 1340.0]]}}}
{"jsonrpc": "2.0", "method": "subscription", "params": {"channel": "book.BTC-23MAY25.none.20.100ms", "data": {"timestamp": 1747340376771, "change_id": 101036968602, "instrument_name": "BTC-23MAY25", "bids": [[103355.0, 20000.0], [103352.5, 50000.0], [103350.0, 50000.0], [103347.5, 1010.0], [103342.5, 5970.0], [103335.0, 26050.0], [103327.5, 4790.0], [103320.0, 5970.0], [103315.0, 10000.0], [103310.0, 3000.0], [103307.5, 6070.0], [103260.0, 2000.0], [103255.0, 20.0], [103185.0, 1790.0], [103182.5, 5970.0], [103170.0, 20.0], [103167.5, 5970.0], [103145.0, 56000.0], [103130.0, 5850.0], [103117.5, 6090.0]], "asks": [[103357.5, 11970.0], [103360.0, 2270.0], [103362.5, 6000.0], [103365.0, 4790.0], [103370.0, 5970.0], [103372.5, 100.0], [103377.5, 1950.0], [103380.0, 8290.0], [103382.5, 5970.0], [103385.0, 3000.0], [103387.5, 10000.0], [103395.0, 5970.0], [103407.5, 5970.0], [103422.5, 5970.0], [103447.5, 5970.0], [103480.0, 5900.0], [103500.0, 5920.0], [103512.5, 5910.0], [103525.0, 50000.0], [103537.5, 5970.0]]}}}
{"jsonrpc": "2.0", "method": "subscription", "params": {"channel": "book.BTC-16MAY25.none.20.100ms", "data": {"timestamp": 1747340377114, "change_id": 101036969375, "instrument_name": "BTC-16MAY25", "bids": [[103360.0, 4430.0], [103355.0, 2260.0], [103352.5, 8850.0], [103342.5, 1330.0], [103340.0, 4420.0], [103330.0, 4030.0], [103327.5, 13790.0], [103325.0, 12240.0], [103322.5, 26350.0], [103315.0, 4400.0], [103312.5, 14370.0], [103310.0, 580.0], [103307.5, 1940.0], [103302.5, 1310.0], [103300.0, 4370.0], [103290.0, 1890.0], [103287.5, 6310.0], [103265.0, 1310.0], [103262.5, 4370.0], [103252.5, 20.0]], "asks": [[103370.0, 2700.0], [103372.5, 9000.0], [103375.0, 16310.0], [103377.5, 54370.0], [103385.0, 4400.0], [103387.5, 10000.0], [103390.0, 4670.0], [103400.0, 1310.0], [103402.5, 4370.0], [103415.0, 490.0], [103417.5, 1620.0], [103420.0, 1310.0], [103422.5, 4370.0], [103432.5, 390.0], [103435.0, 1290.0], [103440.0, 1340.0], [103442.5, 4460.0], [103467.5, 560.0], [103470.0, 1880.0], [103477.5, 1310.0]]}}}
{"jsonrpc": "2.0", "method": "subscription", "params": {"channel": "book.BTC-23MAY25.none.20.100ms", "data": {"timestamp": 1747340377114, "change_id": 101036969374, "instrument_name": "BTC-23MAY25", "bids": [[103357.5, 12500.0], [103355.0, 36700.0], [103352.5, 50000.0], [103350.0, 50300.0], [103347.5, 1010.0], [103345.0, 1790.0], [103342.5, 5970.0], [103337.5, 7820.0], [103335.0, 26050.0], [103330.0, 1440.0], [103327.5, 4790.0], [103322.5, 1790.0], [103320.0, 5970.0], [103317.5, 3000.0], [103315.0, 10000.0], [103312.5, 900.0], [103310.0, 4820.0], [103307.5, 6070.0], [103260.0, 2000.0], [103255.0, 20.0]], "asks": [[103360.0, 6000.0], [103362.5, 7790.0], [103370.0, 5970.0], [103372.5, 100.0], [103375.0, 1950.0], [103377.5, 6500.0], [103380.0, 1790.0], [103382.5, 5970.0], [103385.0, 3000.0], [103387.5, 10000.0], [103392.5, 1790.0], [103395.0, 5970.0], [103407.5, 5970.0], [103422.5, 5970.0], [103447.5, 5970.0], [103480.0, 5900.0], [103500.0, 5920.0], [103512.5, 5910.0], [103525.0, 50000.0], [103537.5, 5970.0]]}}}
{"jsonrpc": "2.0", "method": "subscription", "params": {"channel": "book.BTC-23MAY25.none.20.100ms", "data": {"timestamp": 1747340377419, "change_id": 101036970271, "instrument_name": "BTC-23MAY25", "bids": [[103357.5, 40270.0], [103355.0, 24610.0], [103352.5, 50000.0], [103350.0, 50300.0], [103347.5, 1010.0], [103345.0, 1790.0], [103342.5, 5970.0], [103337.5, 12610.0], [103335.0, 26050.0], [103322.5, 1790.0], [103320.0, 5970.0], [103317.5, 3000.0], [103315.0, 10000.0], [103312.5, 900.0], [103310.0, 4820.0], [103307.5, 6070.0], [103262.5, 600.0], [103260.0, 2000.0], [103255.0, 20.0], [103185.0, 1790.0]], "asks": [[103362.5, 1790.0], [103367.5, 4790.0], [103380.0, 1790.0], [103382.5, 5970.0], [103385.0, 3000.0], [103387.5, 10100.0], [103392.5, 1790.0], [103395.0, 5970.0], [103405.0, 1790.0], [103407.5, 5970.0], [103420.0, 1790.0], [103422.5, 5970.0], [103445.0, 1790.0], [103447.5, 5970.0], [103477.5, 1770.0], [103480.0, 5900.0], [103497.5, 1780.0], [103500.0, 5920.0], [103510.0, 1770.0], [103512.5, 5910.0]]}}}
{"jsonrpc": "2.0", "method": "subscription", "params": {"channel": "book.BTC-16MAY25.none.20.100ms", "data": {"timestamp": 1747340377458, "change_id": 101036970388, "instrument_name": "BTC-16MAY25", "bids": [[103357.5, 16130.0], [103355.0, 11660.0], [103352.5, 8850.0], [103342.5, 1330.0], [103340.0, 5860.0], [103337.5, 4790.0], [103330.0, 4030.0], [103327.5, 9000.0], [103325.0, 22240.0], [103322.5, 26350.0], [103315.0, 4400.0], [103312.5, 4370.0], [103310.0, 580.0], [103307.5, 1940.0], [103302.5, 1310.0], [103300.0, 4370.0], [103290.0, 1890.0], [103287.5, 6310.0], [103265.0, 1310.0], [103262.5, 4370.0]], "asks": [[103362.5, 1440.0], [103365.0, 4790.0], [103370.0, 2700.0], [103372.5, 9000.0], [103375.0, 16310.0], [103377.5, 54420.0], [103385.0, 4400.0], [103387.5, 10000.0], [103390.0, 4370.0], [103400.0, 1310.0], [103402.5, 4370.0], [103405.0, 300.0], [103415.0, 490.0], [103417.5, 1620.0], [103420.0, 1310.0], [103422.5, 4370.0], [103432.5, 390.0], [103435.0, 1290.0], [103440.0, 1340.0], [103442.5, 4460.0]]}}}
{"jsonrpc": "2.0", "method": "subscription", "params": {"channel": "book.BTC-23MAY25.none.20.100ms", "data": {"timestamp": 1747340377773, "change_id": 101036971023, "instrument_name": "BTC-23MAY25", "bids": [[103362.5, 70000.0], [103360.0, 50000.0], [103347.5, 3030.0], [103345.0, 1790.0], [103342.5, 5970.0], [103337.5, 12610.0], [103335.0, 26050.0], [103330.0, 3000.0], [103327.5, 10000.0], [103322.5, 1790.0], [103320.0, 5970.0], [103312.5, 900.0], [103310.0, 4820.0], [103307.5, 6070.0], [103262.5, 600.0], [103260.0, 2000.0], [103255.0, 20.0], [103185.0, 1790.0], [103182.5, 5970.0], [103170.0, 20.0]], "asks": [[103365.0, 6000.0], [103367.5, 5090.0], [103370.0, 6000.0], [103372.5, 4900.0], [103375.0, 7510.0], [103377.5, 4790.0], [103385.0, 3030.0], [103387.5, 10000.0], [103392.5, 1790.0], [103395.0, 5970.0], [103405.0, 1790.0], [103407.5, 5970.0], [103420.0, 1790.0], [103422.5, 5970.0], [103445.0, 1790.0], [103447.5, 5970.0], [103477.5, 1770.0], [103480.0, 5900.0], [103497.5, 1780.0], [103500.0, 5920.0]]}}}
{"jsonrpc": "2.0", "method": "subscription", "params": {"channel": "book.BTC-16MAY25.none.20.100ms", "data": {"timestamp": 1747340377730, "change_id": 101036970964, "instrument_name": "BTC-16MAY25", "bids": [[103367.5, 4430.0], [103365.0, 4430.0], [103352.5, 4420.0], [103342.5, 890.0], [103340.0, 5860.0], [103337.5, 4790.0], [103330.0, 6520.0], [103327.5, 9000.0], [103325.0, 22240.0], [103322.5, 26350.0], [103315.0, 1310.0], [103312.5, 4370.0], [103310.0, 580.0], [103307.5, 1940.0], [103302.5, 1310.0], [103300.0, 4370.0], [103290.0, 1890.0], [103287.5, 6310.0], [103265.0, 1310.0], [103262.5, 4370.0]], "asks": [[103372.5, 18230.0], [103375.0, 21100.0], [103377.5, 50000.0], [103385.0, 4310.0], [103387.5, 10000.0], [103390.0, 4370.0], [103392.5, 300.0], [103400.0, 1310.0], [103402.5, 4370.0], [103415.0, 490.0], [103417.5, 1620.0], [103420.0, 1310.0], [103422.5, 4370.0], [103432.5, 390.0], [103435.0, 1290.0], [103440.0, 1340.0], [103442.5, 4460.0], [103477.5, 1310.0], [103480.0, 6310.0], [103485.0, 9000.0]]}}}
{"jsonrpc": "2.0", "method": "subscription", "params": {"channel": "book.BTC-23MAY25.none.20.100ms", "data": {"timestamp": 1747340378082, "change_id": 101036971939, "instrument_name": "BTC-23MAY25", "bids": [[103365.0, 12500.0], [103362.5, 78680.0], [103360.0, 50000.0], [103350.0, 910.0], [103347.5, 3030.0], [103345.0, 1790.0], [103342.5, 5970.0], [103337.5, 12610.0], [103335.0, 26050.0], [103330.0, 3000.0], [103327.5, 10000.0], [103322.5, 1790.0], [103320.0, 5970.0], [103312.5, 900.0], [103310.0, 4820.0], [103307.5, 6070.0], [103262.5, 600.0], [103260.0, 2000.0], [103255.0, 20.0], [103185.0, 1790.0]], "asks": [[103367.5, 4790.0], [103372.5, 1820.0], [103375.0, 6070.0], [103392.5, 1790.0], [103395.0, 5970.0], [103400.0, 3000.0], [103402.5, 10000.0], [103405.0, 1790.0], [103407.5, 5970.0], [103420.0, 1790.0], [103422.5, 5970.0], [103445.0, 1790.0], [103447.5, 5970.0], [103477.5, 1770.0], [103480.0, 5900.0], [103497.5, 1780.0], [103500.0, 5920.0], [103510.0, 1770.0], [103512.5, 5910.0], [103535.0, 1790.0]]}}}
{"jsonrpc": "2.0", "method": "subscription", "params": {"channel": "book.BTC-16MAY25.none.20.100ms", "data": {"timestamp": 1747340378089, "change_id": 101036971954, "instrument_name": "BTC-16MAY25", "bids": [[103355.0, 4420.0], [103352.5, 1330.0], [103350.0, 4430.0], [103347.5, 1330.0], [103345.0, 4430.0], [103340.0, 13420.0], [103337.5, 4790.0], [103327.5, 9000.0], [103325.0, 14420.0], [103322.5, 26350.0], [103320.0, 1930.0], [103302.5, 1940.0], [103300.0, 4370.0], [103287.5, 4370.0], [103262.5, 4370.0], [103252.5, 20.0], [103242.5, 9600.0], [103237.5, 2000.0], [103222.5, 4370.0], [103212.5, 30000.0]], "asks": [[103360.0, 2770.0], [103362.5, 4430.0], [103365.0, 4790.0], [103367.5, 4030.0], [103370.0, 13430.0], [103372.5, 4420.0], [103377.5, 50000.0], [103390.0, 4370.0], [103392.5, 300.0], [103402.5, 14370.0], [103417.5, 1620.0], [103422.5, 4370.0], [103435.0, 1290.0], [103442.5, 4460.0], [103480.0, 6310.0], [103487.5, 30000.0], [103495.0, 4410.0], [103497.5, 1940.0], [103500.0, 20.0], [103532.5, 4370.0]]}}}
{"jsonrpc": "2.0", "method": "subscription", "params": {"channel": "book.BTC-16MAY25.none.20.100ms", "data": {"timestamp": 1747340378426, "change_id": 101036972739, "instrument_name": "BTC-16MAY25", "bids": [[103355.0, 8850.0], [103352.5, 1330.0], [103350.0, 4430.0], [103342.5, 4030.0], [103340.0, 14860.0], [103337.5, 4790.0], [103330.0, 7030.0], [103327.5, 9000.0], [103325.0, 14420.0], [103322.5, 26350.0], [103320.0, 1930.0], [103302.5, 1940.0], [103300.0, 4370.0], [103287.5, 4370.0], [103262.5, 4370.0], [103252.5, 20.0], [103242.5, 9600.0], [103237.5, 2000.0], [103222.5, 4370.0], [103212.5, 30000.0]], "asks": [[103360.0, 5760.0], [103362.5, 4430.0], [103365.0, 2700.0], [103370.0, 26420.0], [103372.5, 54420.0], [103375.0, 19790.0], [103377.5, 50000.0], [103390.0, 4370.0], [103392.5, 300.0], [103402.5, 14370.0], [103417.5, 20.0], [103422.5, 4370.0], [103435.0, 1290.0], [103442.5, 4460.0], [103480.0, 4370.0], [103487.5, 30000.0], [103495.0, 4410.0], [103500.0, 20.0], [103532.5, 4370.0], [103535.0, 9600.0]]}}}
{"jsonrpc": "2.0", "method": "subscription", "params": {"channel": "book.BTC-23MAY25.none.20.100ms", "data": {"timestamp": 1747340378395, "change_id": 101036972685, "instrument_name": "BTC-23MAY25", "bids": [[103370.0, 6500.0], [103365.0, 56500.0], [103362.5, 50000.0], [103350.0, 910.0], [103347.5, 3030.0], [103345.0, 1790.0], [103342.5, 5970.0], [103337.5, 12610.0], [103335.0, 26050.0], [103330.0, 3000.0], [103327.5, 10000.0], [103322.5, 1790.0], [103320.0, 5970.0], [103312.5, 860.0], [103310.0, 4820.0], [103307.5, 6070.0], [103262.5, 600.0], [103260.0, 2000.0], [103255.0, 20.0], [103185.0, 1790.0]], "asks": [[103375.0, 13510.0], [103377.5, 4790.0], [103392.5, 1790.0], [103395.0, 5970.0], [103400.0, 3000.0], [103402.5, 10000.0], [103405.0, 1790.0], [103407.5, 5970.0], [103420.0, 1790.0], [103422.5, 5970.0], [103445.0, 1790.0], [103447.5, 5970.0], [103477.5, 1770.0], [103480.0, 5900.0], [103497.5, 1780.0], [103500.0, 5920.0], [103510.0, 1770.0], [103512.5, 5910.0], [103535.0, 1790.0], [103537.5, 5970.0]]}}}
{"jsonrpc": "2.0", "method": "subscription", "params": {"channel": "book.BTC-23MAY25.none.20.100ms", "data": {"timestamp": 1747340378711, "change_id": 101036973045, "instrument_name": "BTC-23MAY25", "bids": [[103370.0, 26500.0], [103365.0, 50000.0], [103362.5, 50000.0], [103360.0, 1790.0], [103357.5, 5970.0], [103350.0, 910.0], [103347.5, 3030.0], [103345.0, 1790.0], [103342.5, 5970.0], [103337.5, 12610.0], [103335.0, 26050.0], [103330.0, 3000.0], [103327.5, 10000.0], [103322.5, 1790.0], [103320.0, 5970.0], [103312.5, 860.0], [103310.0, 4820.0], [103307.5, 6070.0], [103262.5, 600.0], [103260.0, 2000.0]], "asks": [[103375.0, 13510.0], [103377.5, 4790.0], [103392.5, 1790.0], [103395.0, 5970.0], [103400.0, 3000.0], [103402.5, 10000.0], [103405.0, 1790.0], [103407.5, 5970.0], [103420.0, 1790.0], [103422.5, 5970.0], [103445.0, 1790.0], [103447.5, 5970.0], [103477.5, 1770.0], [103480.0, 5900.0], [103497.5, 1780.0], [103500.0, 5920.0], [103510.0, 1770.0], [103512.5, 5910.0], [103535.0, 1790.0], [103537.5, 5970.0]]}}}
{"jsonrpc": "2.0", "method": "subscription", "params": {"channel": "book.BTC-16MAY25.none.20.100ms", "data": {"timestamp": 1747340378726, "change_id": 101036973052, "instrument_name": "BTC-16MAY25", "bids": [[103360.0, 5360.0], [103357.5, 9000.0], [103355.0, 8850.0], [103342.5, 4030.0], [103340.0, 14860.0], [103337.5, 4790.0], [103330.0, 7030.0], [103327.5, 9000.0], [103325.0, 14420.0], [103322.5, 26350.0], [103320.0, 1930.0], [103302.5, 1940.0], [103300.0, 4370.0], [103287.5, 4370.0], [103262.5, 4370.0], [103252.5, 20.0], [103242.5, 9600.0], [103237.5, 2000.0], [103222.5, 4370.0], [103212.5, 30000.0]], "asks": [[103365.0, 18830.0], [103367.5, 9000.0], [103370.0, 11760.0], [103372.5, 4420.0], [103375.0, 4790.0], [103387.5, 1310.0], [103390.0, 4370.0], [103392.5, 300.0], [103402.5, 14370.0], [103417.5, 20.0], [103422.5, 4370.0], [103435.0, 1290.0], [103442.5, 4460.0], [103480.0, 4370.0], [103482.5, 1940.0], [103487.5, 30000.0], [103495.0, 4410.0], [103500.0, 1950.0], [103532.5, 4370.0], [103535.0, 9600.0]]}}}
{"jsonrpc": "2.0", "method": "subscription", "params": {"channel": "book.BTC-16MAY25.none.20.100ms", "data": {"timestamp": 1747340379103, "change_id": 101036973792, "instrument_name": "BTC-16MAY25", "bids": [[103367.5, 11950.0], [103365.0, 13430.0], [103362.5, 9000.0], [103360.0, 1330.0], [103355.0, 4420.0], [103342.5, 1330.0], [103340.0, 4420.0], [103337.5, 1440.0], [103335.0, 4790.0], [103325.0, 22900.0], [103322.5, 26350.0], [103320.0, 1930.0], [103302.5, 1940.0], [103300.0, 4370.0], [103290.0, 1310.0], [103287.5, 4370.0], [103262.5, 4370.0], [103252.5, 20.0], [103245.0, 2880.0], [103242.5, 39600.0]], "asks": [[103372.5, 1440.0], [103375.0, 4790.0], [103387.5, 4150.0], [103390.0, 14370.0], [103392.5, 300.0], [103402.5, 4370.0], [103417.5, 20.0], [103422.5, 4370.0], [103432.5, 390.0], [103435.0, 1290.0], [103442.5, 4460.0], [103480.0, 4370.0], [103482.5, 1940.0], [103485.0, 9000.0], [103487.5, 30000.0], [103495.0, 4410.0], [103500.0, 1950.0], [103532.5, 4370.0], [103535.0, 9600.0], [103565.0, 4490.0]]}}}
{"jsonrpc": "2.0", "method": "subscription", "params": {"channel": "book.BTC-23MAY25.none.20.100ms", "data": {"timestamp": 1747340379108, "change_id": 101036973809, "instrument_name": "BTC-23MAY25", "bids": [[103372.5, 12500.0], [103370.0, 26500.0], [103365.0, 50000.0], [103362.5, 50000.0], [103360.0, 1790.0], [103357.5, 5970.0], [103350.0, 910.0], [103347.5, 3030.0], [103345.0, 1790.0], [103342.5, 5970.0], [103337.5, 7820.0], [103335.0, 30840.0], [103330.0, 3000.0], [103327.5, 10000.0], [103322.5, 1790.0], [103320.0, 5970.0], [103312.5, 860.0], [103310.0, 4820.0], [103307.5, 6070.0], [103262.5, 600.0]], "asks": [[103375.0, 100.0], [103377.5, 4790.0], [103387.5, 2760.0], [103390.0, 10000.0], [103392.5, 1790.0], [103395.0, 5970.0], [103405.0, 1790.0], [103407.5, 5970.0], [103420.0, 1790.0], [103422.5, 5970.0], [103445.0, 1790.0], [103447.5, 5970.0], [103477.5, 1770.0], [103480.0, 5900.0], [103497.5, 1780.0], [103500.0, 5920.0], [103510.0, 1770.0], [103512.5, 5910.0], [103535.0, 1790.0], [103537.5, 5970.0]]}}}
{"jsonrpc": "2.0", "method": "subscription", "params": {"channel": "book.BTC-16MAY25.none.20.100ms", "data": {"timestamp": 1747340379436, "change_id": 101036974557, "instrument_name": "BTC-16MAY25", "bids": [[103372.5, 4430.0], [103370.0, 18780.0], [103367.5, 3100.0], [103357.5, 1330.0], [103355.0, 4420.0], [103347.5, 1440.0], [103345.0, 4790.0], [103342.5, 1330.0], [103340.0, 4420.0], [103327.5, 4330.0], [103325.0, 22900.0], [103322.5, 26350.0], [103320.0, 1930.0], [103302.5, 1940.0], [103300.0, 4370.0], [103290.0, 1310.0], [103287.5, 4370.0], [103262.5, 4370.0], [103252.5, 20.0], [103245.0, 2880.0]], "asks": [[103382.5, 15000.0], [103385.0, 50000.0], [103387.5, 2840.0], [103390.0, 10000.0], [103395.0, 300.0], [103400.0, 1310.0], [103402.5, 4370.0], [103417.5, 20.0], [103422.5, 4370.0], [103427.5, 1600.0], [103432.5, 390.0], [103435.0, 1290.0], [103442.5, 4460.0], [103480.0, 4370.0], [103485.0, 9000.0], [103487.5, 30000.0], [103495.0, 4410.0], [103500.0, 20.0], [103532.5, 4370.0], [103562.5, 1350.0]]}}}
{"jsonrpc": "2.0", "method": "subscription", "params": {"channel": "book.BTC-23MAY25.none.20.100ms", "data": {"timestamp": 1747340379439, "change_id": 101036974562, "instrument_name": "BTC-23MAY25", "bids": [[103372.5, 18470.0], [103370.0, 26500.0], [103367.5, 13120.0], [103365.0, 62090.0], [103362.5, 50000.0], [103360.0, 1790.0], [103357.5, 5970.0], [103350.0, 2230.0], [103347.5, 3030.0], [103345.0, 6580.0], [103342.5, 5970.0], [103337.5, 7820.0], [103335.0, 26050.0], [103330.0, 3000.0], [103327.5, 10000.0], [103322.5, 1790.0], [103320.0, 5970.0], [103312.5, 860.0], [103310.0, 4820.0], [103307.5, 6070.0]], "asks": [[103375.0, 100.0], [103387.5, 2760.0], [103390.0, 10000.0], [103392.5, 1790.0], [103395.0, 5970.0], [103405.0, 1790.0], [103407.5, 5970.0], [103420.0, 1790.0], [103422.5, 5970.0], [103445.0, 1790.0], [103447.5, 5970.0], [103477.5, 1770.0], [103480.0, 5900.0], [103497.5, 1780.0], [103500.0, 5920.0], [103510.0, 1770.0], [103512.5, 5910.0], [103535.0, 1790.0], [103537.5, 5970.0], [103547.5, 32690.0]]}}}
{"jsonrpc": "2.0", "method": "subscription", "params": {"channel": "book.BTC-16MAY25.none.20.100ms", "data": {"timestamp": 1747340379773, "change_id": 101036975638, "instrument_name": "BTC-16MAY25", "bids": [[103382.5, 8850.0], [103372.5, 9790.0], [103370.0, 17850.0], [103367.5, 3100.0], [103355.0, 9210.0], [103340.0, 4420.0], [103337.5, 10000.0], [103335.0, 300.0], [103325.0, 4420.0], [103322.5, 26050.0], [103320.0, 1930.0], [103302.5, 1940.0], [103300.0, 4370.0], [103287.5, 4370.0], [103262.5, 4370.0], [103252.5, 20.0], [103242.5, 39600.0], [103237.5, 2000.0], [103222.5, 4370.0], [103210.0, 4370.0]], "asks": [[103395.0, 6730.0], [103397.5, 9000.0], [103400.0, 9000.0], [103402.5, 54370.0], [103405.0, 10000.0], [103417.5, 20.0], [103422.5, 4370.0], [103427.5, 1600.0], [103435.0, 1290.0], [103442.5, 4760.0], [103480.0, 4370.0], [103487.5, 30000.0], [103495.0, 4410.0], [103500.0, 20.0], [103532.5, 4370.0], [103545.0, 4420.0], [103562.5, 9600.0], [103565.0, 4490.0], [103582.5, 20.0], [103640.0, 4380.0]]}}}
{"jsonrpc": "2.0", "method": "subscription", "params": {"channel": "book.BTC-23MAY25.none.20.100ms", "data": {"timestamp": 1747340379766, "change_id": 101036975622, "instrument_name": "BTC-23MAY25", "bids": [[103390.0, 6390.0], [103385.0, 6000.0], [103375.0, 11690.0], [103372.5, 12470.0], [103370.0, 26500.0], [103367.5, 15000.0], [103365.0, 65000.0], [103362.5, 50000.0], [103360.0, 3230.0], [103357.5, 5970.0], [103355.0, 4790.0], [103345.0, 4790.0], [103342.5, 5970.0], [103340.0, 10000.0], [103337.5, 7820.0], [103335.0, 26050.0], [103322.5, 1790.0], [103320.0, 6070.0], [103312.5, 840.0], [103310.0, 4820.0]], "asks": [[103395.0, 15210.0], [103397.5, 4790.0], [103400.0, 6000.0], [103402.5, 3000.0], [103405.0, 11790.0], [103407.5, 5970.0], [103420.0, 1790.0], [103422.5, 5970.0], [103445.0, 1790.0], [103447.5, 5970.0], [103477.5, 1770.0], [103480.0, 5900.0], [103497.5, 1880.0], [103500.0, 5920.0], [103510.0, 1770.0], [103512.5, 5910.0], [103537.5, 5970.0], [103550.0, 108970.0], [103565.0, 50000.0], [103570.0, 5890.0]]}}}
{"jsonrpc": "2.0", "method": "subscription", "params": {"channel": "book.BTC-16MAY25.none.20.100ms", "data": {"timestamp": 1747340380099, "change_id": 101036976760, "instrument_name": "BTC-16MAY25", "bids": [[103382.5, 17850.0], [103375.0, 4030.0], [103372.5, 9000.0], [103370.0, 4420.0], [103365.0, 1440.0], [103362.5, 4790.0], [103357.5, 1330.0], [103355.0, 4420.0], [103342.5, 1330.0], [103340.0, 7510.0], [103337.5, 10000.0], [103335.0, 300.0], [103327.5, 1330.0], [103325.0, 12810.0], [103322.5, 26050.0], [103320.0, 1930.0], [103305.0, 1890.0], [103302.5, 1940.0], [103300.0, 4370.0], [103290.0, 1310.0]], "asks": [[103387.5, 16580.0], [103390.0, 4430.0], [103395.0, 4790.0], [103397.5, 26700.0], [103400.0, 78310.0], [103402.5, 54370.0], [103405.0, 10000.0], [103417.5, 20.0], [103420.0, 1310.0], [103422.5, 4370.0], [103425.0, 570.0], [103427.5, 1600.0], [103430.0, 300.0], [103432.5, 390.0], [103435.0, 1290.0], [103440.0, 1340.0], [103442.5, 4460.0], [103477.5, 1310.0], [103480.0, 4370.0], [103485.0, 9000.0]]}}}
{"jsonrpc": "2.0", "method": "subscription", "params": {"channel": "book.BTC-23MAY25.none.20.100ms", "data": {"timestamp": 1747340380100, "change_id": 101036976763, "instrument_name": "BTC-23MAY25", "bids": [[103390.0, 6280.0], [103375.0, 1790.0], [103372.5, 5970.0], [103367.5, 16440.0], [103365.0, 4790.0], [103360.0, 5970.0], [103345.0, 54790.0], [103342.5, 5970.0], [103340.0, 10000.0], [103337.5, 7820.0], [103335.0, 26050.0], [103322.5, 1820.0], [103320.0, 6070.0], [103312.5, 900.0], [103310.0, 4790.0], [103307.5, 5970.0], [103262.5, 600.0], [103260.0, 3800.0], [103257.5, 5970.0], [103255.0, 20.0]], "asks": [[103395.0, 15210.0], [103397.5, 4790.0], [103400.0, 6000.0], [103402.5, 3000.0], [103405.0, 10000.0], [103420.0, 1790.0], [103422.5, 5970.0], [103445.0, 1790.0], [103447.5, 5970.0], [103477.5, 1770.0], [103480.0, 5900.0], [103485.0, 100.0], [103497.5, 1780.0], [103500.0, 5920.0], [103510.0, 1770.0], [103512.5, 5910.0], [103535.0, 1790.0], [103537.5, 5970.0], [103547.5, 32690.0], [103550.0, 108970.0]]}}}
{"jsonrpc": "2.0", "method": "subscription", "params": {"channel": "book.BTC-16MAY25.none.20.100ms", "data": {"timestamp": 1747340380371, "change_id": 101036977478, "instrument_name": "BTC-16MAY25", "bids": [[103382.5, 4430.0], [103375.0, 4030.0], [103372.5, 9000.0], [103370.0, 4420.0], [103365.0, 1440.0], [103362.5, 4790.0], [103357.5, 1330.0], [103355.0, 4420.0], [103342.5, 1330.0], [103340.0, 7510.0], [103337.5, 10000.0], [103335.0, 300.0], [103327.5, 1330.0], [103325.0, 12810.0], [103322.5, 26050.0], [103320.0, 1930.0], [103305.0, 1890.0], [103302.5, 1940.0], [103300.0, 4370.0], [103290.0, 1310.0]], "asks": [[103387.5, 8850.0], [103392.5, 6000.0], [103395.0, 24790.0], [103397.5, 26700.0], [103400.0, 78310.0], [103402.5, 54370.0], [103405.0, 10000.0], [103417.5, 20.0], [103420.0, 1310.0], [103422.5, 4370.0], [103430.0, 300.0], [103432.5, 390.0], [103435.0, 1290.0], [103440.0, 1340.0], [103442.5, 4460.0], [103477.5, 1310.0], [103480.0, 4370.0], [103485.0, 9000.0], [103487.5, 30000.0], [103492.5, 1320.0]]}}}
{"jsonrpc": "2.0", "method": "subscription", "params": {"channel": "book.BTC-23MAY25.none.20.100ms", "data": {"timestamp": 1747340380430, "change_id": 101036977602, "instrument_name": "BTC-23MAY25", "bids": [[103377.5, 8450.0], [103375.0, 21500.0], [103372.5, 50000.0], [103365.0, 4790.0], [103360.0, 5970.0], [103342.5, 5970.0], [103340.0, 10000.0], [103335.0, 26050.0], [103320.0, 6070.0], [103310.0, 3000.0], [103307.5, 5970.0], [103260.0, 2000.0], [103257.5, 5970.0], [103255.0, 20.0], [103182.5, 55970.0], [103170.0, 20.0], [103167.5, 5970.0], [103145.0, 6000.0], [103117.5, 6090.0], [103105.0, 5850.0]], "asks": [[103382.5, 6000.0], [103385.0, 4400.0], [103387.5, 6000.0], [103395.0, 5970.0], [103397.5, 4790.0], [103405.0, 10000.0], [103422.5, 5970.0], [103445.0, 1790.0], [103447.5, 5970.0], [103470.0, 100.0], [103480.0, 5900.0], [103500.0, 5920.0], [103512.5, 5910.0], [103537.5, 5970.0], [103550.0, 108970.0], [103565.0, 50000.0], [103570.0, 5890.0], [103582.5, 6160.0], [103657.5, 6130.0], [103665.0, 20.0]]}}}
{"jsonrpc": "2.0", "method": "subscription", "params": {"channel": "book.BTC-23MAY25.none.20.100ms", "data": {"timestamp": 1747340380759, "change_id": 101036978146, "instrument_name": "BTC-23MAY25", "bids": [[103377.5, 6500.0], [103375.0, 6500.0], [103372.5, 50000.0], [103360.0, 5970.0], [103355.0, 4790.0], [103345.0, 4790.0], [103342.5, 5970.0], [103340.0, 10000.0], [103335.0, 26050.0], [103320.0, 6070.0], [103310.0, 3000.0], [103307.5, 5970.0], [103260.0, 2000.0], [103257.5, 5970.0], [103255.0, 20.0], [103182.5, 55970.0], [103170.0, 20.0], [103167.5, 5970.0], [103145.0, 6000.0], [103117.5, 6090.0]], "asks": [[103387.5, 6000.0], [103392.5, 9390.0], [103395.0, 11970.0], [103397.5, 4790.0], [103405.0, 10000.0], [103422.5, 5970.0], [103447.5, 5970.0], [103457.5, 100.0], [103480.0, 5900.0], [103500.0, 5920.0], [103512.5, 5910.0], [103537.5, 5970.0], [103550.0, 108970.0], [103565.0, 50000.0], [103570.0, 5890.0], [103582.5, 6160.0], [103657.5, 6130.0], [103665.0, 20.0], [103672.5, 13650.0], [103710.0, 20.0]]}}}
{"jsonrpc": "2.0", "method": "subscription", "params": {"channel": "book.BTC-16MAY25.none.20.100ms", "data": {"timestamp": 1747340380763, "change_id": 101036978157, "instrument_name": "BTC-16MAY25", "bids": [[103377.5, 13430.0], [103375.0, 4430.0], [103372.5, 9000.0], [103370.0, 4420.0], [103357.5, 1330.0], [103355.0, 5860.0], [103352.5, 4790.0], [103342.5, 1330.0], [103340.0, 7510.0], [103337.5, 10000.0], [103335.0, 300.0], [103327.5, 1330.0], [103325.0, 12810.0], [103322.5, 26050.0], [103320.0, 1930.0], [103305.0, 1890.0], [103302.5, 1940.0], [103300.0, 4370.0], [103290.0, 1310.0], [103287.5, 4370.0]], "asks": [[103385.0, 38220.0], [103387.5, 4420.0], [103397.5, 26700.0], [103400.0, 78310.0], [103402.5, 54370.0], [103405.0, 10000.0], [103417.5, 20.0], [103420.0, 1310.0], [103422.5, 4370.0], [103430.0, 300.0], [103432.5, 390.0], [103435.0, 1290.0], [103440.0, 1340.0], [103442.5, 4460.0], [103477.5, 1310.0], [103480.0, 4370.0], [103485.0, 9000.0], [103487.5, 30000.0], [103492.5, 1320.0], [103495.0, 4410.0]]}}}
{"jsonrpc": "2.0", "method": "subscription", "params": {"channel": "book.BTC-16MAY25.none.20.100ms", "data": {"timestamp": 1747340381044, "change_id": 101036979287, "instrument_name": "BTC-16MAY25", "bids": [[103370.0, 8850.0], [103362.5, 2700.0], [103360.0, 9000.0], [103357.5, 1330.0], [103355.0, 4420.0], [103345.0, 4790.0], [103342.5, 1330.0], [103340.0, 7510.0], [103337.5, 10000.0], [103327.5, 1330.0], [103325.0, 12810.0], [103322.5, 26050.0], [103320.0, 2230.0], [103305.0, 1890.0], [103302.5, 1940.0], [103300.0, 4370.0], [103290.0, 1310.0], [103287.5, 4370.0], [103262.5, 4370.0], [103252.5, 20.0]], "asks": [[103380.0, 8530.0], [103382.5, 8000.0], [103385.0, 38220.0], [103387.5, 4420.0], [103397.5, 9000.0], [103400.0, 78310.0], [103402.5, 54370.0], [103405.0, 10000.0], [103417.5, 320.0], [103422.5, 4370.0], [103435.0, 1290.0], [103442.5, 4460.0], [103477.5, 1310.0], [103480.0, 4370.0], [103487.5, 30000.0], [103495.0, 4410.0], [103500.0, 20.0], [103507.5, 4420.0], [103545.0, 4420.0], [103565.0, 14090.0]]}}}
{"jsonrpc": "2.0", "method": "subscription", "params": {"channel": "book.BTC-23MAY25.none.20.100ms", "data": {"timestamp": 1747340381037, "change_id": 101036979248, "instrument_name": "BTC-23MAY25", "bids": [[103377.5, 6500.0], [103375.0, 6500.0], [103372.5, 50000.0], [103362.5, 1760.0], [103360.0, 5970.0], [103347.5, 4790.0], [103345.0, 4790.0], [103342.5, 5970.0], [103340.0, 10000.0], [103337.5, 7820.0], [103335.0, 26050.0], [103322.5, 1820.0], [103320.0, 6070.0], [103310.0, 3000.0], [103307.5, 5970.0], [103260.0, 2000.0], [103257.5, 5970.0], [103255.0, 20.0], [103182.5, 55970.0], [103170.0, 20.0]], "asks": [[103380.0, 6000.0], [103382.5, 11970.0], [103385.0, 1440.0], [103387.5, 4790.0], [103390.0, 3530.0], [103392.5, 5800.0], [103395.0, 5970.0], [103402.5, 3000.0], [103405.0, 10000.0], [103420.0, 1790.0], [103422.5, 5970.0], [103445.0, 1790.0], [103447.5, 5970.0], [103457.5, 100.0], [103477.5, 1770.0], [103480.0, 5900.0], [103500.0, 5920.0], [103512.5, 5910.0], [103537.5, 5970.0], [103550.0, 108970.0]]}}}
{"jsonrpc": "2.0", "method": "subscription", "params": {"channel": "book.BTC-23MAY25.none.20.100ms", "data": {"timestamp": 1747340381389, "change_id": 101036980447, "instrument_name": "BTC-23MAY25", "bids": [[103382.5, 12500.0], [103377.5, 18470.0], [103375.0, 6500.0], [103372.5, 50000.0], [103362.5, 1790.0], [103360.0, 7410.0], [103357.5, 4790.0], [103342.5, 5970.0], [103340.0, 10000.0], [103337.5, 7820.0], [103335.0, 26050.0], [103320.0, 6070.0], [103310.0, 3000.0], [103307.5, 5970.0], [103302.5, 2000.0], [103257.5, 5970.0], [103255.0, 20.0], [103182.5, 55970.0], [103170.0, 20.0], [103167.5, 5970.0]], "asks": [[103397.5, 11970.0], [103402.5, 100.0], [103420.0, 10000.0], [103447.5, 5970.0], [103480.0, 5900.0], [103500.0, 5920.0], [103512.5, 5910.0], [103537.5, 5970.0], [103550.0, 108970.0], [103565.0, 50000.0], [103570.0, 5890.0], [103582.5, 6160.0], [103617.5, 1600.0], [103657.5, 6130.0], [103665.0, 20.0], [103672.5, 13650.0], [103710.0, 20.0], [103720.0, 6550.0], [103732.5, 55850.0], [103747.5, 20.0]]}}}
{"jsonrpc": "2.0", "method": "subscription", "params": {"channel": "book.BTC-16MAY25.none.20.100ms", "data": {"timestamp": 1747340381425, "change_id": 101036980545, "instrument_name": "BTC-16MAY25", "bids": [[103382.5, 8850.0], [103377.5, 13430.0], [103370.0, 4420.0], [103360.0, 9000.0], [103355.0, 9210.0], [103350.0, 10000.0], [103340.0, 4420.0], [103332.5, 300.0], [103325.0, 4420.0], [103322.5, 26050.0], [103300.0, 4370.0], [103287.5, 4370.0], [103262.5, 4370.0], [103252.5, 20.0], [103242.5, 39600.0], [103237.5, 2000.0], [103210.0, 4370.0], [103197.5, 4370.0], [103185.0, 4370.0], [103170.0, 20.0]], "asks": [[103387.5, 13430.0], [103392.5, 4790.0], [103395.0, 20000.0], [103397.5, 9000.0], [103400.0, 59000.0], [103402.5, 54370.0], [103410.0, 300.0], [103417.5, 20.0], [103420.0, 10000.0], [103422.5, 4370.0], [103435.0, 1290.0], [103442.5, 4460.0], [103480.0, 4370.0], [103487.5, 30000.0], [103495.0, 4410.0], [103500.0, 20.0], [103507.5, 4420.0], [103510.0, 1940.0], [103520.0, 1910.0], [103545.0, 4420.0]]}}}
{"jsonrpc": "2.0", "method": "subscription", "params": {"channel": "book.BTC-16MAY25.none.20.100ms", "data": {"timestamp": 1747340381737, "change_id": 101036981001, "instrument_name": "BTC-16MAY25", "bids": [[103377.5, 4430.0], [103370.0, 4420.0], [103355.0, 4420.0], [103352.5, 4790.0], [103350.0, 10000.0], [103345.0, 1910.0], [103340.0, 4420.0], [103332.5, 2240.0], [103325.0, 4420.0], [103322.5, 26050.0], [103300.0, 4370.0], [103287.5, 4370.0], [103262.5, 4370.0], [103252.5, 20.0], [103242.5, 39600.0], [103237.5, 2000.0], [103210.0, 4370.0], [103197.5, 4370.0], [103185.0, 4370.0], [103170.0, 20.0]], "asks": [[103387.5, 22660.0], [103390.0, 20000.0], [103392.5, 4790.0], [103397.5, 9300.0], [103400.0, 59000.0], [103402.5, 54370.0], [103417.5, 20.0], [103420.0, 10000.0], [103422.5, 4370.0], [103435.0, 1290.0], [103442.5, 4460.0], [103480.0, 4370.0], [103487.5, 30000.0], [103495.0, 4410.0], [103500.0, 20.0], [103507.5, 6360.0], [103520.0, 1910.0], [103545.0, 4420.0], [103565.0, 4490.0], [103570.0, 9600.0]]}}}
{"jsonrpc": "2.0", "method": "subscription", "params": {"channel": "book.BTC-23MAY25.none.20.100ms", "data": {"timestamp": 1747340381758, "change_id": 101036981059, "instrument_name": "BTC-23MAY25", "bids": [[103382.5, 6500.0], [103377.5, 12500.0], [103375.0, 2520.0], [103372.5, 50000.0], [103362.5, 1360.0], [103360.0, 5970.0], [103357.5, 1440.0], [103355.0, 4790.0], [103342.5, 5970.0], [103340.0, 10000.0], [103337.5, 7820.0], [103335.0, 26050.0], [103320.0, 6070.0], [103310.0, 3000.0], [103307.5, 5970.0], [103302.5, 2000.0], [103257.5, 5970.0], [103255.0, 20.0], [103182.5, 55970.0], [103170.0, 20.0]], "asks": [[103385.0, 6000.0], [103387.5, 1830.0], [103390.0, 6100.0], [103397.5, 10760.0], [103420.0, 10000.0], [103447.5, 5970.0], [103480.0, 5900.0], [103500.0, 5920.0], [103512.5, 5910.0], [103537.5, 5970.0], [103550.0, 108970.0], [103565.0, 50000.0], [103570.0, 5890.0], [103582.5, 6160.0], [103617.5, 1600.0], [103657.5, 6130.0], [103665.0, 20.0], [103672.5, 13650.0], [103710.0, 20.0], [103720.0, 6550.0]]}}}
{"jsonrpc": "2.0", "method": "subscription", "params": {"channel": "book.BTC-16MAY25.none.20.100ms", "data": {"timestamp": 1747340382079, "change_id": 101036982435, "instrument_name": "BTC-16MAY25", "bids": [[103355.0, 8850.0], [103342.5, 1330.0], [103340.0, 4420.0], [103337.5, 570.0], [103335.0, 2490.0], [103332.5, 1940.0], [103327.5, 14790.0], [103325.0, 12240.0], [103322.5, 26050.0], [103317.5, 300.0], [103300.0, 4370.0], [103287.5, 4370.0], [103262.5, 4370.0], [103252.5, 20.0], [103242.5, 39600.0], [103237.5, 2000.0], [103210.0, 4370.0], [103197.5, 4370.0], [103185.0, 4370.0], [103170.0, 20.0]], "asks": [[103365.0, 16450.0], [103367.5, 4430.0], [103370.0, 4420.0], [103377.5, 50000.0], [103380.0, 24430.0], [103382.5, 50000.0], [103385.0, 9000.0], [103387.5, 4420.0], [103397.5, 300.0], [103400.0, 9000.0], [103402.5, 4370.0], [103407.5, 10000.0], [103417.5, 20.0], [103422.5, 4370.0], [103435.0, 1290.0], [103442.5, 4460.0], [103480.0, 4370.0], [103487.5, 30000.0], [103495.0, 4410.0], [103500.0, 20.0]]}}}
{"jsonrpc": "2.0", "method": "subscription", "params": {"channel": "book.BTC-23MAY25.none.20.100ms", "data": {"timestamp": 1747340382069, "change_id": 101036982413, "instrument_name": "BTC-23MAY25", "bids": [[103360.0, 6000.0], [103357.5, 50000.0], [103355.0, 18470.0], [103350.0, 6500.0], [103345.0, 6500.0], [103342.5, 5970.0], [103335.0, 30840.0], [103325.0, 10000.0], [103320.0, 5970.0], [103310.0, 3000.0], [103307.5, 5970.0], [103302.5, 2100.0], [103257.5, 5970.0], [103255.0, 20.0], [103182.5, 55970.0], [103170.0, 20.0], [103145.0, 6000.0], [103117.5, 6090.0], [103105.0, 5850.0], [103087.5, 40.0]], "asks": [[103370.0, 11970.0], [103377.5, 6100.0], [103385.0, 5970.0], [103397.5, 5970.0], [103407.5, 10000.0], [103480.0, 5900.0], [103500.0, 5920.0], [103512.5, 5910.0], [103537.5, 5970.0], [103550.0, 108970.0], [103565.0, 50000.0], [103570.0, 5890.0], [103582.5, 6160.0], [103617.5, 1600.0], [103657.5, 6130.0], [103665.0, 20.0], [103672.5, 13650.0], [103710.0, 20.0], [103720.0, 6550.0], [103732.5, 55850.0]]}}}
{"jsonrpc": "2.0", "method": "subscription", "params": {"channel": "book.BTC-16MAY25.none.20.100ms", "data": {"timestamp": 1747340382399, "change_id": 101036983234, "instrument_name": "BTC-16MAY25", "bids": [[103367.5, 13430.0], [103362.5, 9000.0], [103360.0, 8850.0], [103357.5, 9000.0], [103355.0, 4430.0], [103347.5, 4790.0], [103340.0, 4420.0], [103332.5, 1910.0], [103327.5, 10000.0], [103325.0, 4420.0], [103322.5, 26050.0], [103320.0, 1940.0], [103317.5, 300.0], [103287.5, 4370.0], [103262.5, 4370.0], [103252.5, 20.0], [103242.5, 39600.0], [103237.5, 2000.0], [103210.0, 4370.0], [103197.5, 4370.0]], "asks": [[103372.5, 9000.0], [103375.0, 9210.0], [103377.5, 50000.0], [103380.0, 24430.0], [103382.5, 50000.0], [103385.0, 9000.0], [103387.5, 4420.0], [103397.5, 300.0], [103400.0, 9000.0], [103402.5, 4370.0], [103407.5, 10000.0], [103417.5, 20.0], [103422.5, 4370.0], [103435.0, 1290.0], [103480.0, 4370.0], [103487.5, 30000.0], [103495.0, 4410.0], [103500.0, 20.0], [103507.5, 6360.0], [103520.0, 1910.0]]}}}
{"jsonrpc": "2.0", "method": "subscription", "params": {"channel": "book.BTC-23MAY25.none.20.100ms", "data": {"timestamp": 1747340382381, "change_id": 101036983202, "instrument_name": "BTC-23MAY25", "bids": [[103372.5, 6000.0], [103370.0, 3380.0], [103367.5, 11970.0], [103362.5, 6500.0], [103360.0, 18740.0], [103357.5, 50000.0], [103355.0, 5970.0], [103352.5, 1350.0], [103350.0, 6500.0], [103347.5, 7820.0], [103345.0, 1790.0], [103342.5, 5970.0], [103335.0, 26050.0], [103325.0, 10000.0], [103320.0, 5970.0], [103315.0, 100.0], [103310.0, 3000.0], [103307.5, 5970.0], [103302.5, 2000.0], [103272.5, 20.0]], "asks": [[103377.5, 9330.0], [103380.0, 4790.0], [103385.0, 5970.0], [103397.5, 5970.0], [103407.5, 10000.0], [103480.0, 5900.0], [103500.0, 5920.0], [103512.5, 5910.0], [103537.5, 5970.0], [103550.0, 108970.0], [103565.0, 50000.0], [103570.0, 5890.0], [103582.5, 6160.0], [103657.5, 6130.0], [103665.0, 20.0], [103672.5, 13650.0], [103720.0, 6570.0], [103732.5, 55850.0], [103747.5, 20.0], [103757.5, 5970.0]]}}}
{"jsonrpc": "2.0", "method": "subscription", "params": {"channel": "book.BTC-16MAY25.none.20.100ms", "data": {"timestamp": 1747340382752, "change_id": 101036983672, "instrument_name": "BTC-16MAY25", "bids": [[103367.5, 13430.0], [103365.0, 5360.0], [103362.5, 9000.0], [103360.0, 8850.0], [103350.0, 1440.0], [103347.5, 4790.0], [103342.5, 1330.0], [103340.0, 4420.0], [103335.0, 570.0], [103332.5, 1910.0], [103330.0, 4330.0], [103327.5, 10000.0], [103325.0, 12820.0], [103322.5, 26050.0], [103320.0, 1940.0], [103317.5, 300.0], [103287.5, 4370.0], [103262.5, 4370.0], [103252.5, 20.0], [103242.5, 39600.0]], "asks": [[103372.5, 9000.0], [103375.0, 34540.0], [103377.5, 50000.0], [103380.0, 74430.0], [103382.5, 4790.0], [103385.0, 10330.0], [103387.5, 4420.0], [103397.5, 3000.0], [103400.0, 9000.0], [103402.5, 4370.0], [103407.5, 10000.0], [103417.5, 20.0], [103422.5, 4370.0], [103435.0, 1290.0], [103480.0, 4370.0], [103487.5, 30000.0], [103495.0, 4410.0], [103500.0, 20.0], [103507.5, 6360.0], [103520.0, 1910.0]]}}}
{"jsonrpc": "2.0", "method": "subscription", "params": {"channel": "book.BTC-23MAY25.none.20.100ms", "data": {"timestamp": 1747340382754, "change_id": 101036983674, "instrument_name": "BTC-23MAY25", "bids": [[103372.5, 6000.0], [103370.0, 1650.0], [103367.5, 6000.0], [103365.0, 1950.0], [103362.5, 6500.0], [103360.0, 18740.0], [103357.5, 50000.0], [103355.0, 5970.0], [103352.5, 1350.0], [103350.0, 8850.0], [103347.5, 7820.0], [103345.0, 1790.0], [103342.5, 5970.0], [103337.5, 7820.0], [103335.0, 26050.0], [103327.5, 3000.0], [103325.0, 10000.0], [103322.5, 1790.0], [103320.0, 5970.0], [103315.0, 100.0]], "asks": [[103375.0, 6000.0], [103377.5, 9100.0], [103385.0, 10760.0], [103395.0, 1790.0], [103397.5, 5970.0], [103405.0, 3000.0], [103407.5, 10000.0], [103480.0, 5900.0], [103500.0, 5920.0], [103512.5, 5910.0], [103537.5, 5970.0], [103550.0, 108970.0], [103565.0, 50000.0], [103570.0, 5890.0], [103582.5, 6160.0], [103657.5, 6130.0], [103665.0, 20.0], [103672.5, 13650.0], [103720.0, 6570.0], [103732.5, 55850.0]]}}}
{"jsonrpc": "2.0", "method": "subscription", "params": {"channel": "book.BTC-16MAY25.none.20.100ms", "data": {"timestamp": 1747340383079, "change_id": 101036984878, "instrument_name": "BTC-16MAY25", "bids": [[103372.5, 8850.0], [103370.0, 9000.0], [103367.5, 13430.0], [103362.5, 9000.0], [103360.0, 4420.0], [103347.5, 4790.0], [103340.0, 4420.0], [103335.0, 1900.0], [103327.5, 10000.0], [103325.0, 4420.0], [103322.5, 27990.0], [103317.5, 300.0], [103287.5, 4370.0], [103277.5, 2000.0], [103262.5, 4370.0], [103252.5, 20.0], [103242.5, 39600.0], [103220.0, 12800.0], [103210.0, 4370.0], [103197.5, 4370.0]], "asks": [[103377.5, 50000.0], [103380.0, 50000.0], [103382.5, 20000.0], [103385.0, 9000.0], [103390.0, 4420.0], [103400.0, 9000.0], [103402.5, 4370.0], [103407.5, 10000.0], [103417.5, 20.0], [103422.5, 4370.0], [103435.0, 1290.0], [103447.5, 4420.0], [103477.5, 24400.0], [103480.0, 4370.0], [103487.5, 30000.0], [103495.0, 4410.0], [103500.0, 20.0], [103507.5, 6360.0], [103520.0, 1910.0], [103530.0, 300.0]]}}}
{"jsonrpc": "2.0", "method": "subscription", "params": {"channel": "book.BTC-23MAY25.none.20.100ms", "data": {"timestamp": 1747340383068, "change_id": 101036984851, "instrument_name": "BTC-23MAY25", "bids": [[103380.0, 12500.0], [103375.0, 6500.0], [103372.5, 18470.0], [103365.0, 1950.0], [103362.5, 6500.0], [103357.5, 50000.0], [103355.0, 5970.0], [103347.5, 4790.0], [103342.5, 5970.0], [103335.0, 26050.0], [103325.0, 10000.0], [103322.5, 1790.0], [103320.0, 5970.0], [103315.0, 100.0], [103310.0, 4790.0], [103307.5, 5970.0], [103302.5, 2000.0], [103272.5, 20.0], [103257.5, 5970.0], [103227.5, 6230.0]], "asks": [[103390.0, 6000.0], [103397.5, 5970.0], [103407.5, 10000.0], [103480.0, 5900.0], [103500.0, 5920.0], [103512.5, 5910.0], [103535.0, 6370.0], [103537.5, 5970.0], [103547.5, 18800.0], [103550.0, 108970.0], [103565.0, 50000.0], [103570.0, 5890.0], [103582.5, 6160.0], [103632.5, 37100.0], [103657.5, 6130.0], [103665.0, 20.0], [103672.5, 13650.0], [103720.0, 6570.0], [103732.5, 55850.0], [103747.5, 20.0]]}}}
{"jsonrpc": "2.0", "method": "subscription", "params": {"channel": "book.BTC-16MAY25.none.20.100ms", "data": {"timestamp": 1747340383388, "change_id": 101036985736, "instrument_name": "BTC-16MAY25", "bids": [[103372.5, 8850.0], [103370.0, 9000.0], [103367.5, 13430.0], [103362.5, 9000.0], [103360.0, 4420.0], [103357.5, 4790.0], [103340.0, 14420.0], [103335.0, 1900.0], [103330.0, 300.0], [103325.0, 4420.0], [103322.5, 27990.0], [103287.5, 4370.0], [103277.5, 2000.0], [103262.5, 4370.0], [103252.5, 20.0], [103242.5, 39600.0], [103225.0, 14400.0], [103210.0, 4370.0], [103197.5, 4370.0], [103185.0, 4370.0]], "asks": [[103387.5, 4790.0], [103397.5, 20000.0], [103400.0, 9000.0], [103402.5, 4370.0], [103407.5, 10000.0], [103417.5, 20.0], [103420.0, 50000.0], [103422.5, 4370.0], [103435.0, 1290.0], [103447.5, 4420.0], [103477.5, 24400.0], [103480.0, 4370.0], [103487.5, 30000.0], [103495.0, 4410.0], [103500.0, 20.0], [103507.5, 6360.0], [103515.0, 2200.0], [103545.0, 4420.0], [103555.0, 24690.0], [103565.0, 4490.0]]}}}
{"jsonrpc": "2.0", "method": "subscription", "params": {"channel": "book.BTC-23MAY25.none.20.100ms", "data": {"timestamp": 1747340383407, "change_id": 101036985784, "instrument_name": "BTC-23MAY25", "bids": [[103387.5, 6000.0], [103385.0, 12500.0], [103375.0, 56500.0], [103372.5, 5970.0], [103357.5, 4790.0], [103355.0, 5970.0], [103342.5, 5970.0], [103337.5, 10000.0], [103335.0, 26050.0], [103320.0, 5970.0], [103315.0, 100.0], [103310.0, 3000.0], [103307.5, 5970.0], [103302.5, 2000.0], [103272.5, 20.0], [103257.5, 5970.0], [103232.5, 6230.0], [103220.0, 5970.0], [103190.0, 6430.0], [103185.0, 18860.0]], "asks": [[103392.5, 10790.0], [103402.5, 5970.0], [103407.5, 10000.0], [103480.0, 5900.0], [103500.0, 5920.0], [103512.5, 5910.0], [103535.0, 6370.0], [103537.5, 5970.0], [103547.5, 18800.0], [103550.0, 108970.0], [103565.0, 50000.0], [103570.0, 5890.0], [103582.5, 6160.0], [103632.5, 37100.0], [103657.5, 6130.0], [103665.0, 20.0], [103672.5, 13650.0], [103720.0, 6570.0], [103730.0, 100.0], [103732.5, 55850.0]]}}}
{"jsonrpc": "2.0", "method": "subscription", "params": {"channel": "book.BTC-16MAY25.none.20.100ms", "data": {"timestamp": 1747340383742, "change_id": 101036986456, "instrument_name": "BTC-16MAY25", "bids": [[103377.5, 14760.0], [103375.0, 5760.0], [103372.5, 4420.0], [103362.5, 890.0], [103360.0, 5860.0], [103357.5, 4790.0], [103342.5, 4330.0], [103340.0, 14420.0], [103337.5, 570.0], [103335.0, 1900.0], [103330.0, 300.0], [103327.5, 1330.0], [103325.0, 12820.0], [103322.5, 27990.0], [103290.0, 1310.0], [103287.5, 4370.0], [103280.0, 600.0], [103277.5, 2000.0], [103265.0, 1310.0], [103262.5, 4370.0]], "asks": [[103382.5, 29000.0], [103385.0, 1440.0], [103387.5, 4790.0], [103395.0, 17360.0], [103400.0, 60310.0], [103402.5, 4370.0], [103405.0, 3000.0], [103407.5, 10000.0], [103417.5, 20.0], [103420.0, 1310.0], [103422.5, 4370.0], [103432.5, 390.0], [103435.0, 1290.0], [103445.0, 1330.0], [103447.5, 4420.0], [103475.0, 8630.0], [103477.5, 24400.0], [103480.0, 4370.0], [103485.0, 9000.0], [103487.5, 30000.0]]}}}
{"jsonrpc": "2.0", "method": "subscription", "params": {"channel": "book.BTC-23MAY25.none.20.100ms", "data": {"timestamp": 1747340383743, "change_id": 101036986460, "instrument_name": "BTC-23MAY25", "bids": [[103377.5, 12500.0], [103375.0, 58290.0], [103372.5, 5970.0], [103362.5, 1440.0], [103360.0, 4790.0], [103357.5, 1790.0], [103355.0, 5970.0], [103345.0, 1790.0], [103342.5, 5970.0], [103340.0, 10820.0], [103337.5, 10000.0], [103335.0, 26050.0], [103322.5, 1790.0], [103320.0, 5970.0], [103315.0, 100.0], [103312.5, 900.0], [103310.0, 4790.0], [103307.5, 5970.0], [103305.0, 600.0], [103302.5, 2000.0]], "asks": [[103382.5, 3600.0], [103385.0, 6000.0], [103390.0, 7440.0], [103392.5, 4790.0], [103400.0, 1790.0], [103402.5, 5970.0], [103405.0, 3000.0], [103407.5, 10000.0], [103477.5, 1770.0], [103480.0, 5900.0], [103497.5, 1780.0], [103500.0, 5920.0], [103510.0, 1770.0], [103512.5, 5910.0], [103532.5, 1910.0], [103535.0, 8160.0], [103537.5, 5970.0], [103545.0, 38330.0], [103547.5, 18800.0], [103550.0, 108970.0]]}}}
{"jsonrpc": "2.0", "method": "subscription", "params": {"channel": "book.BTC-16MAY25.none.20.100ms", "data": {"timestamp": 1747340383943, "change_id": 101036987487, "instrument_name": "BTC-16MAY25", "bids": [[103375.0, 8840.0], [103365.0, 4030.0], [103362.5, 9000.0], [103360.0, 4420.0], [103350.0, 1440.0], [103347.5, 4790.0], [103342.5, 4330.0], [103340.0, 14420.0], [103337.5, 570.0], [103335.0, 1900.0], [103327.5, 1330.0], [103325.0, 12820.0], [103322.5, 27990.0], [103315.0, 300.0], [103290.0, 1310.0], [103287.5, 4370.0], [103280.0, 600.0], [103277.5, 2000.0], [103265.0, 1310.0], [103262.5, 4370.0]], "asks": [[103380.0, 22130.0], [103382.5, 29000.0], [103385.0, 1440.0], [103387.5, 4790.0], [103395.0, 17360.0], [103400.0, 60310.0], [103402.5, 4370.0], [103405.0, 3000.0], [103407.5, 10000.0], [103417.5, 20.0], [103420.0, 1310.0], [103422.5, 4370.0], [103432.5, 390.0], [103435.0, 1290.0], [103445.0, 1330.0], [103447.5, 4420.0], [103475.0, 8630.0], [103477.5, 24400.0], [103480.0, 4370.0], [103485.0, 9000.0]]}}}
{"jsonrpc": "2.0", "method": "subscription", "params": {"channel": "book.BTC-23MAY25.none.20.100ms", "data": {"timestamp": 1747340384064, "change_id": 101036987575, "instrument_name": "BTC-23MAY25", "bids": [[103380.0, 12500.0], [103377.5, 12500.0], [103375.0, 50000.0], [103357.5, 1790.0], [103355.0, 5970.0], [103352.5, 1440.0], [103350.0, 4790.0], [103345.0, 1790.0], [103342.5, 5970.0], [103340.0, 10820.0], [103337.5, 10000.0], [103335.0, 26050.0], [103322.5, 1790.0], [103320.0, 5970.0], [103315.0, 100.0], [103312.5, 900.0], [103310.0, 4790.0], [103307.5, 5970.0], [103305.0, 600.0], [103302.5, 2000.0]], "asks": [[103385.0, 6000.0], [103387.5, 1790.0], [103390.0, 7410.0], [103392.5, 4790.0], [103400.0, 1790.0], [103402.5, 5970.0], [103405.0, 3000.0], [103407.5, 10000.0], [103477.5, 1770.0], [103480.0, 5900.0], [103497.5, 1780.0], [103500.0, 5920.0], [103510.0, 1770.0], [103512.5, 5910.0], [103532.5, 1910.0], [103535.0, 8160.0], [103537.5, 5970.0], [103545.0, 38330.0], [103547.5, 18800.0], [103550.0, 108970.0]]}}}
{"jsonrpc": "2.0", "method": "subscription", "params": {"channel": "book.BTC-16MAY25.none.20.100ms", "data": {"timestamp": 1747340384388, "change_id": 101036988377, "instrument_name": "BTC-16MAY25", "bids": [[103372.5, 17840.0], [103370.0, 1330.0], [103367.5, 4430.0], [103365.0, 4030.0], [103362.5, 9000.0], [103360.0, 4420.0], [103350.0, 1440.0], [103347.5, 4790.0], [103342.5, 4330.0], [103340.0, 14420.0], [103337.5, 570.0], [103335.0, 1900.0], [103330.0, 300.0], [103327.5, 1330.0], [103325.0, 12820.0], [103322.5, 27990.0], [103290.0, 1310.0], [103287.5, 4370.0], [103280.0, 600.0], [103277.5, 2000.0]], "asks": [[103375.0, 3100.0], [103377.5, 13430.0], [103380.0, 27030.0], [103382.5, 9000.0], [103385.0, 72760.0], [103387.5, 4790.0], [103390.0, 4410.0], [103395.0, 2700.0], [103400.0, 10310.0], [103402.5, 4370.0], [103405.0, 3000.0], [103407.5, 10000.0], [103417.5, 20.0], [103420.0, 1310.0], [103422.5, 4370.0], [103432.5, 1520.0], [103435.0, 5700.0], [103445.0, 1330.0], [103447.5, 4420.0], [103472.5, 300.0]]}}}
{"jsonrpc": "2.0", "method": "subscription", "params": {"channel": "book.BTC-23MAY25.none.20.100ms", "data": {"timestamp": 1747340384341, "change_id": 101036988159, "instrument_name": "BTC-23MAY25", "bids": [[103377.5, 15900.0], [103375.0, 56000.0], [103357.5, 1790.0], [103355.0, 5970.0], [103352.5, 1440.0], [103350.0, 4790.0], [103345.0, 1790.0], [103342.5, 5970.0], [103340.0, 10820.0], [103337.5, 10000.0], [103335.0, 26050.0], [103322.5, 1790.0], [103320.0, 5970.0], [103315.0, 100.0], [103312.5, 900.0], [103310.0, 4790.0], [103307.5, 5970.0], [103305.0, 600.0], [103302.5, 2000.0], [103272.5, 20.0]], "asks": [[103382.5, 7790.0], [103390.0, 7410.0], [103392.5, 4790.0], [103400.0, 1790.0], [103402.5, 5970.0], [103405.0, 3000.0], [103407.5, 10000.0], [103477.5, 1770.0], [103480.0, 5900.0], [103497.5, 1780.0], [103500.0, 5920.0], [103510.0, 1770.0], [103512.5, 5910.0], [103532.5, 1910.0], [103535.0, 8160.0], [103537.5, 5970.0], [103545.0, 38330.0], [103547.5, 18800.0], [103550.0, 108970.0], [103562.5, 15000.0]]}}}
{"jsonrpc": "2.0", "method": "subscription", "params": {"channel": "book.BTC-16MAY25.none.20.100ms", "data": {"timestamp": 1747340384624, "change_id": 101036988829, "instrument_name": "BTC-16MAY25", "bids": [[103375.0, 9780.0], [103372.5, 17840.0], [103365.0, 4030.0], [103362.5, 9000.0], [103360.0, 5860.0], [103357.5, 4790.0], [103342.5, 4330.0], [103340.0, 14420.0], [103337.5, 570.0], [103335.0, 1900.0], [103330.0, 300.0], [103327.5, 1330.0], [103325.0, 12820.0], [103322.5, 27990.0], [103290.0, 1310.0], [103287.5, 4370.0], [103280.0, 600.0], [103277.5, 2000.0], [103265.0, 1310.0], [103262.5, 4370.0]], "asks": [[103380.0, 13430.0], [103382.5, 37190.0], [103385.0, 72760.0], [103387.5, 4790.0], [103390.0, 4410.0], [103395.0, 2700.0], [103400.0, 10310.0], [103402.5, 4370.0], [103405.0, 3000.0], [103407.5, 10000.0], [103417.5, 20.0], [103420.0, 1310.0], [103422.5, 4370.0], [103432.5, 1520.0], [103435.0, 5700.0], [103445.0, 1330.0], [103447.5, 4420.0], [103475.0, 8930.0], [103477.5, 24400.0], [103480.0, 4370.0]]}}}
{"jsonrpc": "2.0", "method": "subscription", "params": {"channel": "book.BTC-23MAY25.none.20.100ms", "data": {"timestamp": 1747340384610, "change_id": 101036988804, "instrument_name": "BTC-23MAY25", "bids": [[103382.5, 6500.0], [103380.0, 12500.0], [103377.5, 15000.0], [103375.0, 50000.0], [103372.5, 1790.0], [103370.0, 5970.0], [103362.5, 1440.0], [103360.0, 4790.0], [103357.5, 1790.0], [103355.0, 5970.0], [103345.0, 1790.0], [103342.5, 5970.0], [103340.0, 10820.0], [103337.5, 10000.0], [103335.0, 26050.0], [103322.5, 1790.0], [103320.0, 5970.0], [103315.0, 100.0], [103312.5, 900.0], [103310.0, 4790.0]], "asks": [[103385.0, 6000.0], [103387.5, 3370.0], [103390.0, 11970.0], [103395.0, 1440.0], [103397.5, 4790.0], [103400.0, 1790.0], [103402.5, 5970.0], [103405.0, 3000.0], [103407.5, 10000.0], [103477.5, 1770.0], [103480.0, 5900.0], [103497.5, 1780.0], [103500.0, 5920.0], [103510.0, 1770.0], [103512.5, 5910.0], [103532.5, 1910.0], [103535.0, 8160.0], [103537.5, 5970.0], [103545.0, 38330.0], [103547.5, 18800.0]]}}}
{"jsonrpc": "2.0", "method": "subscription", "params": {"channel": "book.BTC-16MAY25.none.20.100ms", "data": {"timestamp": 1747340385062, "change_id": 101036989621, "instrument_name": "BTC-16MAY25", "bids": [[103377.5, 4430.0], [103375.0, 4430.0], [103372.5, 4410.0], [103365.0, 4030.0], [103362.5, 9000.0], [103360.0, 5860.0], [103357.5, 4790.0], [103342.5, 4330.0], [103340.0, 14420.0], [103337.5, 570.0], [103335.0, 1900.0], [103330.0, 300.0], [103327.5, 1330.0], [103325.0, 12820.0], [103322.5, 27990.0], [103290.0, 1310.0], [103287.5, 4370.0], [103280.0, 600.0], [103277.5, 2000.0], [103265.0, 1310.0]], "asks": [[103382.5, 32760.0], [103385.0, 70000.0], [103387.5, 4790.0], [103390.0, 4410.0], [103395.0, 2700.0], [103400.0, 10310.0], [103402.5, 4370.0], [103405.0, 3000.0], [103407.5, 10000.0], [103417.5, 20.0], [103420.0, 1310.0], [103422.5, 4370.0], [103432.5, 1520.0], [103435.0, 5700.0], [103445.0, 1330.0], [103447.5, 4420.0], [103462.5, 300.0], [103475.0, 8630.0], [103477.5, 24400.0], [103480.0, 4370.0]]}}}
{"jsonrpc": "2.0", "method": "subscription", "params": {"channel": "book.BTC-23MAY25.none.20.100ms", "data": {"timestamp": 1747340385062, "change_id": 101036989622, "instrument_name": "BTC-23MAY25", "bids": [[103385.0, 6000.0], [103382.5, 6000.0], [103375.0, 50000.0], [103370.0, 5970.0], [103362.5, 1440.0], [103360.0, 4790.0], [103357.5, 1790.0], [103355.0, 5970.0], [103345.0, 1790.0], [103342.5, 5970.0], [103340.0, 10820.0], [103337.5, 10000.0], [103335.0, 26050.0], [103322.5, 1790.0], [103320.0, 5970.0], [103315.0, 100.0], [103312.5, 900.0], [103310.0, 4790.0], [103307.5, 5970.0], [103305.0, 600.0]], "asks": [[103387.5, 6000.0], [103390.0, 7800.0], [103392.5, 6000.0], [103395.0, 3210.0], [103397.5, 4790.0], [103400.0, 8290.0], [103402.5, 5970.0], [103405.0, 3000.0], [103407.5, 10000.0], [103477.5, 1770.0], [103480.0, 5900.0], [103497.5, 1780.0], [103500.0, 5920.0], [103510.0, 1770.0], [103512.5, 5910.0], [103532.5, 1910.0], [103535.0, 8160.0], [103537.5, 5970.0], [103545.0, 38330.0], [103547.5, 18800.0]]}}}
{"jsonrpc": "2.0", "method": "subscription", "params": {"channel": "book.BTC-16MAY25.none.20.100ms", "data": {"timestamp": 1747340385382, "change_id": 101036990571, "instrument_name": "BTC-16MAY25", "bids": [[103367.5, 1330.0], [103365.0, 5760.0], [103360.0, 4420.0], [103342.5, 4330.0], [103340.0, 16430.0], [103337.5, 4790.0], [103335.0, 1900.0], [103330.0, 300.0], [103327.5, 1330.0], [103325.0, 12820.0], [103322.5, 27990.0], [103290.0, 1310.0], [103287.5, 4370.0], [103280.0, 600.0], [103277.5, 2000.0], [103265.0, 1310.0], [103262.5, 4370.0], [103252.5, 40.0], [103245.0, 11880.0], [103242.5, 39600.0]], "asks": [[103372.5, 7530.0], [103375.0, 7540.0], [103377.5, 18200.0], [103380.0, 16130.0], [103382.5, 9000.0], [103385.0, 23760.0], [103387.5, 70000.0], [103390.0, 4410.0], [103395.0, 2700.0], [103400.0, 10310.0], [103402.5, 4370.0], [103405.0, 3000.0], [103407.5, 10000.0], [103417.5, 20.0], [103420.0, 1310.0], [103422.5, 4370.0], [103432.5, 1520.0], [103435.0, 5700.0], [103442.5, 1600.0], [103445.0, 1330.0]]}}}
{"jsonrpc": "2.0", "method": "subscription", "params": {"channel": "book.BTC-23MAY25.none.20.100ms", "data": {"timestamp": 1747340385387, "change_id": 101036990584, "instrument_name": "BTC-23MAY25", "bids": [[103375.0, 50000.0], [103357.5, 1730.0], [103355.0, 5970.0], [103345.0, 3000.0], [103342.5, 5970.0], [103340.0, 15610.0], [103337.5, 10000.0], [103335.0, 26050.0], [103322.5, 1790.0], [103320.0, 5970.0], [103315.0, 100.0], [103312.5, 900.0], [103310.0, 4790.0], [103307.5, 5970.0], [103305.0, 600.0], [103302.5, 2000.0], [103272.5, 20.0], [103260.0, 1790.0], [103257.5, 5970.0], [103222.5, 1790.0]], "asks": [[103377.5, 10790.0], [103382.5, 1650.0], [103385.0, 7290.0], [103387.5, 5970.0], [103395.0, 1440.0], [103400.0, 8290.0], [103402.5, 5970.0], [103405.0, 3000.0], [103407.5, 10000.0], [103477.5, 1770.0], [103480.0, 5900.0], [103497.5, 1780.0], [103500.0, 5920.0], [103510.0, 1770.0], [103512.5, 5910.0], [103532.5, 1910.0], [103535.0, 8160.0], [103537.5, 5970.0], [103545.0, 38330.0], [103547.5, 18800.0]]}}}
{"jsonrpc": "2.0", "method": "subscription", "params": {"channel": "book.BTC-16MAY25.none.20.100ms", "data": {"timestamp": 1747340385612, "change_id": 101036990833, "instrument_name": "BTC-16MAY25", "bids": [[103367.5, 1330.0], [103365.0, 5760.0], [103360.0, 4420.0], [103347.5, 570.0], [103345.0, 1890.0], [103342.5, 4330.0], [103340.0, 15860.0], [103337.5, 4790.0], [103332.5, 1880.0], [103330.0, 300.0], [103327.5, 1330.0], [103325.0, 12820.0], [103322.5, 26050.0], [103290.0, 1310.0], [103287.5, 4370.0], [103280.0, 600.0], [103277.5, 2000.0], [103265.0, 1310.0], [103262.5, 4370.0], [103252.5, 40.0]], "asks": [[103372.5, 7530.0], [103375.0, 7540.0], [103377.5, 18200.0], [103380.0, 16130.0], [103382.5, 9000.0], [103385.0, 23760.0], [103387.5, 70000.0], [103390.0, 4410.0], [103395.0, 2700.0], [103400.0, 10310.0], [103402.5, 4370.0], [103405.0, 3000.0], [103407.5, 10000.0], [103417.5, 20.0], [103420.0, 1310.0], [103422.5, 4370.0], [103432.5, 1520.0], [103435.0, 5700.0], [103442.5, 1600.0], [103445.0, 1630.0]]}}}
{"jsonrpc": "2.0", "method": "subscription", "params": {"channel": "book.BTC-23MAY25.none.20.100ms", "data": {"timestamp": 1747340385499, "change_id": 101036990756, "instrument_name": "BTC-23MAY25", "bids": [[103375.0, 50000.0], [103357.5, 1730.0], [103355.0, 5970.0], [103345.0, 3000.0], [103342.5, 5970.0], [103340.0, 15610.0], [103337.5, 10000.0], [103335.0, 26050.0], [103322.5, 1790.0], [103320.0, 5970.0], [103315.0, 100.0], [103312.5, 900.0], [103310.0, 4790.0], [103307.5, 5970.0], [103305.0, 600.0], [103302.5, 2000.0], [103272.5, 20.0], [103260.0, 1790.0], [103257.5, 5970.0], [103222.5, 1790.0]], "asks": [[103377.5, 10790.0], [103382.5, 1650.0], [103385.0, 7290.0], [103387.5, 5970.0], [103395.0, 1440.0], [103400.0, 8290.0], [103402.5, 5970.0], [103405.0, 3000.0], [103407.5, 10000.0], [103477.5, 1770.0], [103480.0, 5900.0], [103497.5, 1780.0], [103500.0, 5920.0], [103510.0, 1770.0], [103512.5, 5910.0], [103532.5, 1910.0], [103535.0, 8160.0], [103537.5, 6070.0], [103545.0, 38330.0], [103547.5, 18800.0]]}}}
{"jsonrpc": "2.0", "method": "subscription", "params": {"channel": "book.BTC-16MAY25.none.20.100ms", "data": {"timestamp": 1747340385895, "change_id": 101036991306, "instrument_name": "BTC-16MAY25", "bids": [[103370.0, 4430.0], [103367.5, 11060.0], [103365.0, 1330.0], [103360.0, 4420.0], [103347.5, 570.0], [103345.0, 1890.0], [103342.5, 4330.0], [103340.0, 15860.0], [103337.5, 4790.0], [103332.5, 1880.0], [103330.0, 300.0], [103327.5, 1330.0], [103325.0, 12820.0], [103322.5, 26050.0], [103290.0, 1310.0], [103287.5, 4370.0], [103280.0, 600.0], [103277.5, 2000.0], [103265.0, 1310.0], [103262.5, 4370.0]], "asks": [[103372.5, 3100.0], [103377.5, 13790.0], [103380.0, 12790.0], [103382.5, 9000.0], [103385.0, 36320.0], [103387.5, 50000.0], [103390.0, 4410.0], [103395.0, 2700.0], [103400.0, 10310.0], [103402.5, 4370.0], [103405.0, 3000.0], [103407.5, 10000.0], [103417.5, 20.0], [103420.0, 1310.0], [103422.5, 4370.0], [103432.5, 1520.0], [103435.0, 5700.0], [103445.0, 1630.0], [103447.5, 4420.0], [103475.0, 8630.0]]}}}
{"jsonrpc": "2.0", "method": "subscription", "params": {"channel": "book.BTC-23MAY25.none.20.100ms", "data": {"timestamp": 1747340385891, "change_id": 101036991305, "instrument_name": "BTC-23MAY25", "bids": [[103375.0, 50000.0], [103360.0, 3740.0], [103357.5, 6500.0], [103355.0, 5970.0], [103345.0, 3000.0], [103342.5, 5970.0], [103340.0, 15610.0], [103337.5, 10000.0], [103335.0, 26050.0], [103322.5, 1790.0], [103320.0, 5970.0], [103315.0, 100.0], [103312.5, 900.0], [103310.0, 4790.0], [103307.5, 5970.0], [103305.0, 600.0], [103302.5, 2000.0], [103272.5, 20.0], [103260.0, 1790.0], [103257.5, 5970.0]], "asks": [[103377.5, 10790.0], [103382.5, 1650.0], [103385.0, 7290.0], [103387.5, 5970.0], [103395.0, 3720.0], [103397.5, 6500.0], [103400.0, 8290.0], [103402.5, 5970.0], [103405.0, 3000.0], [103407.5, 10000.0], [103477.5, 1770.0], [103480.0, 5900.0], [103497.5, 1780.0], [103500.0, 5920.0], [103510.0, 1770.0], [103512.5, 5910.0], [103520.0, 100.0], [103532.5, 1910.0], [103535.0, 8160.0], [103537.5, 5970.0]]}}}
{"jsonrpc": "2.0", "method": "subscription", "params": {"channel": "book.BTC-16MAY25.none.20.100ms", "data": {"timestamp": 1747340386347, "change_id": 101036992238, "instrument_name": "BTC-16MAY25", "bids": [[103375.0, 4430.0], [103372.5, 5740.0], [103370.0, 4430.0], [103365.0, 1330.0], [103360.0, 5860.0], [103357.5, 4790.0], [103347.5, 570.0], [103345.0, 1890.0], [103342.5, 4330.0], [103340.0, 14420.0], [103332.5, 1880.0], [103330.0, 300.0], [103327.5, 1330.0], [103325.0, 12820.0], [103322.5, 26050.0], [103290.0, 1310.0], [103287.5, 4370.0], [103280.0, 600.0], [103277.5, 2000.0], [103265.0, 1310.0]], "asks": [[103377.5, 9000.0], [103380.0, 8360.0], [103382.5, 29000.0], [103385.0, 16320.0], [103387.5, 50000.0], [103390.0, 9200.0], [103395.0, 2700.0], [103400.0, 10310.0], [103402.5, 4370.0], [103417.5, 20.0], [103420.0, 1310.0], [103422.5, 4370.0], [103425.0, 570.0], [103427.5, 1600.0], [103430.0, 300.0], [103432.5, 1520.0], [103435.0, 5700.0], [103445.0, 1330.0], [103447.5, 4420.0], [103475.0, 8630.0]]}}}
{"jsonrpc": "2.0", "method": "subscription", "params": {"channel": "book.BTC-23MAY25.none.20.100ms", "data": {"timestamp": 1747340386390, "change_id": 101036992444, "instrument_name": "BTC-23MAY25", "bids": [[103380.0, 6000.0], [103377.5, 15000.0], [103375.0, 50000.0], [103370.0, 1790.0], [103367.5, 5970.0], [103360.0, 3740.0], [103357.5, 6500.0], [103355.0, 5970.0], [103350.0, 4790.0], [103345.0, 1790.0], [103342.5, 5970.0], [103340.0, 10820.0], [103337.5, 10000.0], [103335.0, 26050.0], [103322.5, 1790.0], [103320.0, 5970.0], [103315.0, 100.0], [103312.5, 900.0], [103310.0, 4790.0], [103307.5, 5970.0]], "asks": [[103385.0, 12500.0], [103392.5, 1440.0], [103395.0, 6740.0], [103397.5, 6500.0], [103400.0, 1790.0], [103402.5, 5970.0], [103477.5, 1770.0], [103480.0, 8900.0], [103482.5, 10000.0], [103497.5, 1780.0], [103500.0, 6020.0], [103510.0, 1770.0], [103512.5, 5910.0], [103532.5, 1910.0], [103535.0, 8160.0], [103537.5, 5970.0], [103545.0, 38330.0], [103547.5, 18800.0], [103550.0, 108970.0], [103562.5, 15000.0]]}}}
{"jsonrpc": "2.0", "method": "subscription", "params": {"channel": "book.BTC-16MAY25.none.20.100ms", "data": {"timestamp": 1747340386710, "change_id": 101036992918, "instrument_name": "BTC-16MAY25", "bids": [[103360.0, 8850.0], [103347.5, 570.0], [103345.0, 1890.0], [103342.5, 4330.0], [103340.0, 14420.0], [103332.5, 1880.0], [103330.0, 300.0], [103327.5, 1330.0], [103325.0, 12820.0], [103322.5, 26050.0], [103290.0, 1310.0], [103287.5, 4370.0], [103280.0, 600.0], [103277.5, 2000.0], [103265.0, 1310.0], [103262.5, 4370.0], [103252.5, 40.0], [103245.0, 11880.0], [103242.5, 39600.0], [103212.5, 1310.0]], "asks": [[103370.0, 6290.0], [103372.5, 7530.0], [103375.0, 17230.0], [103377.5, 9000.0], [103380.0, 13150.0], [103382.5, 29000.0], [103385.0, 16320.0], [103387.5, 50000.0], [103390.0, 4410.0], [103395.0, 2700.0], [103400.0, 10310.0], [103402.5, 4370.0], [103417.5, 20.0], [103420.0, 1310.0], [103422.5, 4370.0], [103425.0, 570.0], [103427.5, 1600.0], [103430.0, 300.0], [103432.5, 1520.0], [103435.0, 5700.0]]}}}
{"jsonrpc": "2.0", "method": "subscription", "params": {"channel": "book.BTC-23MAY25.none.20.100ms", "data": {"timestamp": 1747340386717, "change_id": 101036992940, "instrument_name": "BTC-23MAY25", "bids": [[103375.0, 50000.0], [103360.0, 3740.0], [103357.5, 6500.0], [103355.0, 5970.0], [103345.0, 1790.0], [103342.5, 5970.0], [103340.0, 10820.0], [103337.5, 10000.0], [103335.0, 26050.0], [103322.5, 1790.0], [103320.0, 5970.0], [103315.0, 100.0], [103312.5, 900.0], [103310.0, 4790.0], [103307.5, 5970.0], [103305.0, 600.0], [103302.5, 2000.0], [103272.5, 20.0], [103260.0, 1790.0], [103257.5, 5970.0]], "asks": [[103385.0, 23360.0], [103395.0, 1950.0], [103397.5, 6500.0], [103400.0, 1790.0], [103402.5, 5970.0], [103467.5, 10000.0], [103477.5, 1770.0], [103480.0, 5900.0], [103487.5, 100.0], [103497.5, 1780.0], [103500.0, 5920.0], [103510.0, 1770.0], [103512.5, 5910.0], [103532.5, 1910.0], [103535.0, 8160.0], [103537.5, 5970.0], [103545.0, 38330.0], [103547.5, 18800.0], [103550.0, 108970.0], [103562.5, 15000.0]]}}}
{"jsonrpc": "2.0", "method": "subscription", "params": {"channel": "book.BTC-16MAY25.none.20.100ms", "data": {"timestamp": 1747340387037, "change_id": 101036993537, "instrument_name": "BTC-16MAY25", "bids": [[103365.0, 4430.0], [103362.5, 2660.0], [103360.0, 8850.0], [103347.5, 570.0], [103345.0, 1890.0], [103342.5, 9120.0], [103340.0, 14420.0], [103332.5, 1880.0], [103330.0, 300.0], [103327.5, 1330.0], [103325.0, 12820.0], [103322.5, 26050.0], [103290.0, 1310.0], [103287.5, 4370.0], [103280.0, 600.0], [103277.5, 2000.0], [103265.0, 1310.0], [103262.5, 4370.0], [103252.5, 40.0], [103245.0, 11880.0]], "asks": [[103370.0, 3820.0], [103372.5, 7530.0], [103375.0, 13020.0], [103377.5, 13410.0], [103380.0, 27450.0], [103382.5, 29000.0], [103385.0, 50000.0], [103387.5, 1320.0], [103390.0, 4410.0], [103400.0, 1310.0], [103402.5, 4370.0], [103417.5, 320.0], [103420.0, 1310.0], [103422.5, 4370.0], [103427.5, 1600.0], [103432.5, 1520.0], [103435.0, 5700.0], [103445.0, 1330.0], [103447.5, 4420.0], [103455.0, 10000.0]]}}}
{"jsonrpc": "2.0", "method": "subscription", "params": {"channel": "book.BTC-23MAY25.none.20.100ms", "data": {"timestamp": 1747340387010, "change_id": 101036993521, "instrument_name": "BTC-23MAY25", "bids": [[103377.5, 6000.0], [103375.0, 56000.0], [103360.0, 3460.0], [103357.5, 6500.0], [103355.0, 5970.0], [103347.5, 1440.0], [103345.0, 6580.0], [103342.5, 5970.0], [103340.0, 10820.0], [103337.5, 10000.0], [103335.0, 26050.0], [103322.5, 1790.0], [103320.0, 5970.0], [103315.0, 100.0], [103312.5, 900.0], [103310.0, 4790.0], [103307.5, 5970.0], [103305.0, 600.0], [103302.5, 2000.0], [103272.5, 20.0]], "asks": [[103380.0, 12500.0], [103382.5, 9900.0], [103385.0, 10860.0], [103395.0, 1950.0], [103397.5, 6500.0], [103400.0, 1790.0], [103402.5, 5970.0], [103452.5, 9070.0], [103455.0, 10000.0], [103475.0, 100.0], [103477.5, 1770.0], [103480.0, 5900.0], [103497.5, 1780.0], [103500.0, 5920.0], [103510.0, 1770.0], [103512.5, 5910.0], [103532.5, 1910.0], [103535.0, 8160.0], [103537.5, 5970.0], [103545.0, 38330.0]]}}}
{"jsonrpc": "2.0", "method": "subscription", "params": {"channel": "book.BTC-16MAY25.none.20.100ms", "data": {"timestamp": 1747340387379, "change_id": 101036994453, "instrument_name": "BTC-16MAY25", "bids": [[103362.5, 14360.0], [103360.0, 5750.0], [103355.0, 4410.0], [103347.5, 560.0], [103345.0, 1880.0], [103342.5, 9120.0], [103340.0, 14420.0], [103332.5, 1880.0], [103330.0, 300.0], [103327.5, 1330.0], [103325.0, 12820.0], [103322.5, 26050.0], [103290.0, 1310.0], [103287.5, 4370.0], [103280.0, 600.0], [103277.5, 2000.0], [103265.0, 1310.0], [103262.5, 4370.0], [103252.5, 40.0], [103245.0, 11880.0]], "asks": [[103367.5, 9000.0], [103370.0, 3820.0], [103372.5, 3100.0], [103375.0, 34090.0], [103377.5, 13410.0], [103380.0, 77490.0], [103382.5, 9000.0], [103387.5, 1320.0], [103390.0, 4410.0], [103400.0, 1310.0], [103402.5, 4370.0], [103417.5, 20.0], [103420.0, 1310.0], [103422.5, 4370.0], [103432.5, 1520.0], [103435.0, 5700.0], [103440.0, 10000.0], [103445.0, 1330.0], [103447.5, 4420.0], [103457.5, 300.0]]}}}
{"jsonrpc": "2.0", "method": "subscription", "params": {"channel": "book.BTC-23MAY25.none.20.100ms", "data": {"timestamp": 1747340387381, "change_id": 101036994455, "instrument_name": "BTC-23MAY25", "bids": [[103377.5, 6000.0], [103375.0, 56000.0], [103357.5, 1790.0], [103355.0, 5970.0], [103347.5, 1440.0], [103345.0, 6580.0], [103342.5, 5970.0], [103340.0, 10820.0], [103337.5, 10000.0], [103335.0, 26050.0], [103322.5, 1790.0], [103320.0, 5970.0], [103315.0, 100.0], [103312.5, 900.0], [103310.0, 4790.0], [103307.5, 5970.0], [103305.0, 600.0], [103302.5, 2000.0], [103272.5, 20.0], [103260.0, 1790.0]], "asks": [[103380.0, 10790.0], [103382.5, 7370.0], [103385.0, 6000.0], [103387.5, 6500.0], [103390.0, 6070.0], [103395.0, 1950.0], [103397.5, 6500.0], [103400.0, 1790.0], [103402.5, 5970.0], [103440.0, 16070.0], [103452.5, 6070.0], [103477.5, 1770.0], [103480.0, 5900.0], [103497.5, 1780.0], [103500.0, 5920.0], [103510.0, 1770.0], [103512.5, 5910.0], [103532.5, 1910.0], [103535.0, 8160.0], [103537.5, 5970.0]]}}}
{"jsonrpc": "2.0", "method": "subscription", "params": {"channel": "book.BTC-16MAY25.none.20.100ms", "data": {"timestamp": 1747340387605, "change_id": 101036994781, "instrument_name": "BTC-16MAY25", "bids": [[103355.0, 8840.0], [103347.5, 560.0], [103345.0, 1880.0], [103342.5, 9120.0], [103340.0, 14420.0], [103335.0, 650.0], [103332.5, 1880.0], [103330.0, 300.0], [103327.5, 1330.0], [103325.0, 12820.0], [103322.5, 26050.0], [103290.0, 1310.0], [103287.5, 4370.0], [103280.0, 600.0], [103277.5, 2000.0], [103265.0, 1310.0], [103262.5, 4370.0], [103252.5, 40.0], [103245.0, 11880.0], [103242.5, 39600.0]], "asks": [[103360.0, 7080.0], [103362.5, 4430.0], [103365.0, 7110.0], [103367.5, 9000.0], [103370.0, 3820.0], [103372.5, 3100.0], [103375.0, 34090.0], [103377.5, 13410.0], [103380.0, 77490.0], [103382.5, 9000.0], [103387.5, 1320.0], [103390.0, 4410.0], [103400.0, 1310.0], [103402.5, 4370.0], [103417.5, 20.0], [103420.0, 1310.0], [103422.5, 4370.0], [103427.5, 1600.0], [103432.5, 1520.0], [103435.0, 5700.0]]}}}
{"jsonrpc": "2.0", "method": "subscription", "params": {"channel": "book.BTC-23MAY25.none.20.100ms", "data": {"timestamp": 1747340387604, "change_id": 101036994777, "instrument_name": "BTC-23MAY25", "bids": [[103375.0, 50000.0], [103357.5, 1790.0], [103355.0, 5970.0], [103347.5, 1440.0], [103345.0, 6580.0], [103342.5, 5970.0], [103340.0, 10820.0], [103337.5, 10000.0], [103335.0, 26050.0], [103322.5, 1790.0], [103320.0, 5970.0], [103315.0, 100.0], [103312.5, 900.0], [103310.0, 4790.0], [103307.5, 5970.0], [103305.0, 600.0], [103302.5, 2000.0], [103272.5, 20.0], [103260.0, 1790.0], [103257.5, 5970.0]], "asks": [[103377.5, 12070.0], [103380.0, 10790.0], [103385.0, 3770.0], [103387.5, 6500.0], [103390.0, 6070.0], [103395.0, 1950.0], [103397.5, 6500.0], [103400.0, 1790.0], [103402.5, 5970.0], [103440.0, 16070.0], [103452.5, 6070.0], [103477.5, 1770.0], [103480.0, 5900.0], [103497.5, 1780.0], [103500.0, 5920.0], [103510.0, 1770.0], [103512.5, 5910.0], [103532.5, 1910.0], [103535.0, 8160.0], [103537.5, 5970.0]]}}}
{"jsonrpc": "2.0", "method": "subscription", "params": {"channel": "book.BTC-16MAY25.none.20.100ms", "data": {"timestamp": 1747340388026, "change_id": 101036995356, "instrument_name": "BTC-16MAY25", "bids": [[103355.0, 8840.0], [103347.5, 560.0], [103345.0, 1880.0], [103342.5, 4330.0], [103340.0, 19210.0], [103335.0, 650.0], [103332.5, 1880.0], [103330.0, 300.0], [103327.5, 1330.0], [103325.0, 12820.0], [103322.5, 26050.0], [103290.0, 1310.0], [103287.5, 4370.0], [103280.0, 600.0], [103277.5, 2000.0], [103265.0, 1310.0], [103262.5, 4370.0], [103252.5, 40.0], [103245.0, 11880.0], [103242.5, 39600.0]], "asks": [[103360.0, 9000.0], [103365.0, 2700.0], [103367.5, 9000.0], [103370.0, 3820.0], [103372.5, 3100.0], [103375.0, 34090.0], [103377.5, 33410.0], [103380.0, 54790.0], [103387.5, 1320.0], [103390.0, 4410.0], [103400.0, 1310.0], [103402.5, 4370.0], [103417.5, 40.0], [103420.0, 1310.0], [103422.5, 4370.0], [103427.5, 10000.0], [103432.5, 1520.0], [103435.0, 5700.0], [103445.0, 1630.0], [103447.5, 4420.0]]}}}
{"jsonrpc": "2.0", "method": "subscription", "params": {"channel": "book.BTC-23MAY25.none.20.100ms", "data": {"timestamp": 1747340387966, "change_id": 101036995337, "instrument_name": "BTC-23MAY25", "bids": [[103375.0, 50000.0], [103357.5, 6500.0], [103355.0, 5970.0], [103347.5, 1440.0], [103345.0, 6580.0], [103342.5, 5970.0], [103340.0, 10820.0], [103337.5, 10000.0], [103335.0, 26050.0], [103322.5, 1790.0], [103320.0, 5970.0], [103315.0, 100.0], [103312.5, 900.0], [103310.0, 4790.0], [103307.5, 5970.0], [103305.0, 600.0], [103302.5, 2000.0], [103272.5, 20.0], [103260.0, 1790.0], [103257.5, 5970.0]], "asks": [[103377.5, 12070.0], [103380.0, 10790.0], [103385.0, 3770.0], [103387.5, 6500.0], [103390.0, 6070.0], [103395.0, 1950.0], [103397.5, 6500.0], [103400.0, 1790.0], [103402.5, 5970.0], [103427.5, 10000.0], [103440.0, 6070.0], [103452.5, 6070.0], [103477.5, 1770.0], [103480.0, 5900.0], [103497.5, 1780.0], [103500.0, 5920.0], [103510.0, 1770.0], [103512.5, 5910.0], [103532.5, 1910.0], [103535.0, 8160.0]]}}}
{"jsonrpc": "2.0", "method": "subscription", "params": {"channel": "book.BTC-16MAY25.none.20.100ms", "data": {"timestamp": 1747340388370, "change_id": 101036996040, "instrument_name": "BTC-16MAY25", "bids": [[103357.5, 4430.0], [103355.0, 8840.0], [103347.5, 560.0], [103342.5, 4330.0], [103340.0, 14420.0], [103335.0, 650.0], [103332.5, 1880.0], [103330.0, 300.0], [103327.5, 1330.0], [103325.0, 12820.0], [103322.5, 26050.0], [103290.0, 1310.0], [103287.5, 4370.0], [103280.0, 600.0], [103277.5, 2000.0], [103265.0, 1310.0], [103262.5, 4370.0], [103252.5, 40.0], [103245.0, 11880.0], [103242.5, 39600.0]], "asks": [[103362.5, 4030.0], [103365.0, 9000.0], [103367.5, 9000.0], [103370.0, 23490.0], [103372.5, 3100.0], [103375.0, 84460.0], [103377.5, 13410.0], [103380.0, 4790.0], [103387.5, 1320.0], [103390.0, 4410.0], [103400.0, 1310.0], [103402.5, 4370.0], [103417.5, 40.0], [103420.0, 1610.0], [103422.5, 4370.0], [103425.0, 4600.0], [103427.5, 10000.0], [103432.5, 1520.0], [103435.0, 5700.0], [103445.0, 1330.0]]}}}
{"jsonrpc": "2.0", "method": "subscription", "params": {"channel": "book.BTC-23MAY25.none.20.100ms", "data": {"timestamp": 1747340388368, "change_id": 101036996034, "instrument_name": "BTC-23MAY25", "bids": [[103375.0, 56000.0], [103357.5, 6500.0], [103355.0, 5970.0], [103345.0, 1790.0], [103342.5, 5970.0], [103340.0, 10820.0], [103337.5, 10000.0], [103335.0, 26050.0], [103322.5, 1790.0], [103320.0, 5970.0], [103315.0, 100.0], [103312.5, 900.0], [103310.0, 4790.0], [103307.5, 5970.0], [103305.0, 600.0], [103302.5, 2000.0], [103277.5, 20.0], [103260.0, 1790.0], [103257.5, 5970.0], [103222.5, 1790.0]], "asks": [[103377.5, 6200.0], [103380.0, 4790.0], [103385.0, 3770.0], [103387.5, 6500.0], [103390.0, 6070.0], [103395.0, 1950.0], [103397.5, 6500.0], [103400.0, 1790.0], [103402.5, 5970.0], [103425.0, 3000.0], [103427.5, 10000.0], [103440.0, 6070.0], [103452.5, 6070.0], [103467.5, 100.0], [103477.5, 1770.0], [103480.0, 5900.0], [103497.5, 1780.0], [103500.0, 5920.0], [103510.0, 1770.0], [103512.5, 5910.0]]}}}
{"jsonrpc": "2.0", "method": "subscription", "params": {"channel": "book.BTC-16MAY25.none.20.100ms", "data": {"timestamp": 1747340388549, "change_id": 101036996383, "instrument_name": "BTC-16MAY25", "bids": [[103357.5, 7080.0], [103355.0, 8840.0], [103342.5, 6200.0], [103340.0, 19210.0], [103335.0, 650.0], [103332.5, 1880.0], [103330.0, 300.0], [103327.5, 1330.0], [103325.0, 12820.0], [103322.5, 26050.0], [103290.0, 1310.0], [103287.5, 4370.0], [103280.0, 600.0], [103277.5, 2000.0], [103265.0, 1310.0], [103262.5, 4370.0], [103252.5, 40.0], [103245.0, 11880.0], [103242.5, 39600.0], [103212.5, 1310.0]], "asks": [[103362.5, 4030.0], [103365.0, 9000.0], [103367.5, 9000.0], [103370.0, 23490.0], [103372.5, 3100.0], [103375.0, 84460.0], [103377.5, 13410.0], [103380.0, 4790.0], [103387.5, 1320.0], [103390.0, 4410.0], [103400.0, 1310.0], [103402.5, 4370.0], [103417.5, 40.0], [103420.0, 1610.0], [103422.5, 4370.0], [103425.0, 4600.0], [103427.5, 10000.0], [103432.5, 1520.0], [103435.0, 5700.0], [103445.0, 1330.0]]}}}
{"jsonrpc": "2.0", "method": "subscription", "params": {"channel": "book.BTC-23MAY25.none.20.100ms", "data": {"timestamp": 1747340388676, "change_id": 101036996455, "instrument_name": "BTC-23MAY25", "bids": [[103375.0, 56000.0], [103360.0, 3740.0], [103357.5, 6500.0], [103355.0, 5970.0], [103345.0, 3000.0], [103342.5, 10760.0], [103340.0, 10820.0], [103337.5, 10000.0], [103335.0, 26050.0], [103322.5, 1790.0], [103320.0, 5970.0], [103315.0, 100.0], [103312.5, 900.0], [103310.0, 4790.0], [103307.5, 5970.0], [103305.0, 600.0], [103302.5, 2000.0], [103277.5, 20.0], [103260.0, 1790.0], [103257.5, 5970.0]], "asks": [[103377.5, 6200.0], [103385.0, 3770.0], [103387.5, 6500.0], [103390.0, 6070.0], [103395.0, 1950.0], [103397.5, 6500.0], [103400.0, 1790.0], [103402.5, 5970.0], [103425.0, 3000.0], [103427.5, 10000.0], [103450.0, 100.0], [103452.5, 6070.0], [103477.5, 1770.0], [103480.0, 5900.0], [103497.5, 1780.0], [103500.0, 5920.0], [103510.0, 1770.0], [103512.5, 5910.0], [103532.5, 1910.0], [103535.0, 8160.0]]}}}
{"jsonrpc": "2.0", "method": "subscription", "params": {"channel": "book.BTC-16MAY25.none.20.100ms", "data": {"timestamp": 1747340389007, "change_id": 101036996982, "instrument_name": "BTC-16MAY25", "bids": [[103357.5, 5750.0], [103355.0, 4410.0], [103342.5, 10990.0], [103340.0, 14420.0], [103335.0, 650.0], [103332.5, 1880.0], [103330.0, 300.0], [103327.5, 1330.0], [103325.0, 12820.0], [103322.5, 26050.0], [103290.0, 1310.0], [103287.5, 4370.0], [103280.0, 600.0], [103277.5, 2000.0], [103265.0, 1310.0], [103262.5, 4370.0], [103252.5, 40.0], [103245.0, 11880.0], [103242.5, 39600.0], [103212.5, 1310.0]], "asks": [[103362.5, 9000.0], [103365.0, 2700.0], [103367.5, 9000.0], [103370.0, 23490.0], [103372.5, 3100.0], [103375.0, 84460.0], [103377.5, 13410.0], [103380.0, 4790.0], [103387.5, 1320.0], [103390.0, 4410.0], [103400.0, 1310.0], [103402.5, 4370.0], [103407.5, 300.0], [103415.0, 10000.0], [103417.5, 40.0], [103420.0, 1310.0], [103422.5, 4370.0], [103432.5, 1520.0], [103435.0, 5700.0], [103445.0, 1330.0]]}}}
{"jsonrpc": "2.0", "method": "subscription", "params": {"channel": "book.BTC-23MAY25.none.20.100ms", "data": {"timestamp": 1747340389031, "change_id": 101036996996, "instrument_name": "BTC-23MAY25", "bids": [[103377.5, 12500.0], [103375.0, 56000.0], [103360.0, 3740.0], [103357.5, 6500.0], [103355.0, 5970.0], [103345.0, 3000.0], [103342.5, 10760.0], [103340.0, 10820.0], [103337.5, 10000.0], [103335.0, 26050.0], [103322.5, 1790.0], [103320.0, 5970.0], [103315.0, 100.0], [103312.5, 900.0], [103310.0, 4790.0], [103307.5, 5970.0], [103305.0, 600.0], [103302.5, 2000.0], [103277.5, 20.0], [103260.0, 1790.0]], "asks": [[103382.5, 10790.0], [103385.0, 3770.0], [103387.5, 6500.0], [103390.0, 6070.0], [103395.0, 1950.0], [103397.5, 6500.0], [103400.0, 1790.0], [103402.5, 5970.0], [103415.0, 16070.0], [103450.0, 100.0], [103452.5, 6070.0], [103477.5, 1770.0], [103480.0, 5900.0], [103497.5, 1780.0], [103500.0, 5920.0], [103510.0, 1770.0], [103512.5, 5910.0], [103532.5, 1910.0], [103535.0, 8160.0], [103537.5, 5970.0]]}}}
{"jsonrpc": "2.0", "method": "subscription", "params": {"channel": "book.BTC-16MAY25.none.20.100ms", "data": {"timestamp": 1747340389323, "change_id": 101036997305, "instrument_name": "BTC-16MAY25", "bids": [[103357.5, 5750.0], [103355.0, 4410.0], [103342.5, 10990.0], [103340.0, 14420.0], [103335.0, 650.0], [103332.5, 1880.0], [103330.0, 300.0], [103327.5, 1330.0], [103325.0, 12820.0], [103322.5, 26050.0], [103290.0, 1310.0], [103287.5, 4370.0], [103280.0, 600.0], [103277.5, 2000.0], [103265.0, 1310.0], [103262.5, 4370.0], [103252.5, 40.0], [103245.0, 11880.0], [103242.5, 39600.0], [103212.5, 1310.0]], "asks": [[103362.5, 9000.0], [103365.0, 2700.0], [103367.5, 9000.0], [103370.0, 23490.0], [103372.5, 3100.0], [103375.0, 84460.0], [103377.5, 13410.0], [103380.0, 4790.0], [103385.0, 300.0], [103387.5, 1320.0], [103390.0, 4410.0], [103400.0, 1310.0], [103402.5, 4370.0], [103412.5, 3000.0], [103415.0, 10000.0], [103417.5, 40.0], [103420.0, 1310.0], [103422.5, 4370.0], [103432.5, 1520.0], [103435.0, 5700.0]]}}}
{"jsonrpc": "2.0", "method": "subscription", "params": {"channel": "book.BTC-23MAY25.none.20.100ms", "data": {"timestamp": 1747340389341, "change_id": 101036997319, "instrument_name": "BTC-23MAY25", "bids": [[103377.5, 6000.0], [103375.0, 56000.0], [103360.0, 3740.0], [103357.5, 6500.0], [103355.0, 5970.0], [103347.5, 1440.0], [103345.0, 6580.0], [103342.5, 5970.0], [103340.0, 10820.0], [103337.5, 10000.0], [103335.0, 26050.0], [103322.5, 1790.0], [103320.0, 5970.0], [103315.0, 100.0], [103312.5, 900.0], [103310.0, 4790.0], [103307.5, 5970.0], [103305.0, 600.0], [103302.5, 2000.0], [103277.5, 20.0]], "asks": [[103380.0, 12600.0], [103382.5, 10790.0], [103385.0, 1820.0], [103390.0, 6070.0], [103395.0, 1950.0], [103397.5, 6500.0], [103400.0, 1790.0], [103402.5, 5970.0], [103415.0, 16070.0], [103452.5, 6070.0], [103477.5, 1770.0], [103480.0, 5900.0], [103497.5, 1780.0], [103500.0, 5920.0], [103510.0, 1770.0], [103512.5, 5910.0], [103532.5, 1910.0], [103535.0, 8160.0], [103537.5, 5970.0], [103545.0, 38330.0]]}}}
{"jsonrpc": "2.0", "method": "subscription", "params": {"channel": "book.BTC-16MAY25.none.20.100ms", "data": {"timestamp": 1747340389645, "change_id": 101036997815, "instrument_name": "BTC-16MAY25", "bids": [[103355.0, 8840.0], [103342.5, 10990.0], [103340.0, 14420.0], [103335.0, 650.0], [103332.5, 1880.0], [103330.0, 300.0], [103327.5, 1330.0], [103325.0, 12820.0], [103322.5, 26050.0], [103290.0, 1310.0], [103287.5, 4370.0], [103280.0, 600.0], [103277.5, 2000.0], [103265.0, 1310.0], [103262.5, 4370.0], [103252.5, 40.0], [103245.0, 11880.0], [103242.5, 39600.0], [103212.5, 1310.0], [103210.0, 4370.0]], "asks": [[103360.0, 4030.0], [103362.5, 13430.0], [103365.0, 2700.0], [103367.5, 9000.0], [103370.0, 23490.0], [103372.5, 3100.0], [103375.0, 84460.0], [103377.5, 13410.0], [103380.0, 4790.0], [103385.0, 300.0], [103387.5, 1320.0], [103390.0, 4410.0], [103400.0, 1310.0], [103402.5, 4370.0], [103412.5, 3000.0], [103415.0, 10000.0], [103417.5, 40.0], [103420.0, 1310.0], [103422.5, 4370.0], [103432.5, 1520.0]]}}}
{"jsonrpc": "2.0", "method": "subscription", "params": {"channel": "book.BTC-23MAY25.none.20.100ms", "data": {"timestamp": 1747340389682, "change_id": 101036997855, "instrument_name": "BTC-23MAY25", "bids": [[103377.5, 5890.0], [103375.0, 56000.0], [103360.0, 3740.0], [103357.5, 6500.0], [103355.0, 5970.0], [103347.5, 1440.0], [103345.0, 6580.0], [103342.5, 5970.0], [103340.0, 10820.0], [103337.5, 10000.0], [103335.0, 26050.0], [103322.5, 1790.0], [103320.0, 5970.0], [103315.0, 100.0], [103312.5, 900.0], [103310.0, 4790.0], [103307.5, 5970.0], [103305.0, 600.0], [103302.5, 2000.0], [103277.5, 20.0]], "asks": [[103380.0, 12600.0], [103382.5, 4790.0], [103385.0, 1820.0], [103390.0, 6070.0], [103395.0, 1950.0], [103397.5, 6500.0], [103400.0, 1790.0], [103402.5, 5970.0], [103412.5, 4820.0], [103415.0, 16070.0], [103450.0, 1820.0], [103452.5, 6070.0], [103477.5, 1770.0], [103480.0, 5900.0], [103497.5, 1780.0], [103500.0, 5920.0], [103510.0, 1770.0], [103512.5, 5910.0], [103532.5, 1910.0], [103535.0, 8160.0]]}}}
{"jsonrpc": "2.0", "method": "subscription", "params": {"channel": "book.BTC-16MAY25.none.20.100ms", "data": {"timestamp": 1747340390012, "change_id": 101036998637, "instrument_name": "BTC-16MAY25", "bids": [[103362.5, 13430.0], [103360.0, 10860.0], [103357.5, 4430.0], [103355.0, 4410.0], [103342.5, 10990.0], [103340.0, 14420.0], [103335.0, 650.0], [103332.5, 1880.0], [103330.0, 300.0], [103327.5, 1330.0], [103325.0, 12820.0], [103322.5, 26050.0], [103290.0, 1310.0], [103287.5, 4370.0], [103280.0, 600.0], [103277.5, 2000.0], [103265.0, 1310.0], [103262.5, 4370.0], [103252.5, 40.0], [103245.0, 11880.0]], "asks": [[103367.5, 9000.0], [103370.0, 23490.0], [103372.5, 3100.0], [103375.0, 84460.0], [103377.5, 13410.0], [103380.0, 4790.0], [103385.0, 300.0], [103387.5, 1320.0], [103390.0, 4410.0], [103400.0, 1310.0], [103402.5, 14370.0], [103417.5, 40.0], [103420.0, 1310.0], [103422.5, 4370.0], [103432.5, 1520.0], [103435.0, 5700.0], [103445.0, 1330.0], [103447.5, 4420.0], [103457.5, 1320.0], [103460.0, 4410.0]]}}}
{"jsonrpc": "2.0", "method": "subscription", "params": {"channel": "book.BTC-23MAY25.none.20.100ms", "data": {"timestamp": 1747340390003, "change_id": 101036998600, "instrument_name": "BTC-23MAY25", "bids": [[103377.5, 12500.0], [103375.0, 56000.0], [103360.0, 1790.0], [103355.0, 5970.0], [103347.5, 1440.0], [103345.0, 6580.0], [103342.5, 5970.0], [103340.0, 10820.0], [103337.5, 10000.0], [103335.0, 26050.0], [103322.5, 1790.0], [103320.0, 5970.0], [103315.0, 100.0], [103312.5, 900.0], [103310.0, 4790.0], [103307.5, 5970.0], [103305.0, 600.0], [103302.5, 2000.0], [103277.5, 20.0], [103260.0, 1790.0]], "asks": [[103380.0, 100.0], [103382.5, 4790.0], [103385.0, 1820.0], [103390.0, 6070.0], [103395.0, 3660.0], [103397.5, 6500.0], [103400.0, 11070.0], [103402.5, 15970.0], [103415.0, 6070.0], [103450.0, 1820.0], [103452.5, 6070.0], [103477.5, 1770.0], [103480.0, 5900.0], [103497.5, 1780.0], [103500.0, 5920.0], [103510.0, 1770.0], [103512.5, 5910.0], [103532.5, 1910.0], [103535.0, 8160.0], [103537.5, 5970.0]]}}}
{"jsonrpc": "2.0", "method": "subscription", "params": {"channel": "book.BTC-16MAY25.none.20.100ms", "data": {"timestamp": 1747340390346, "change_id": 101036999022, "instrument_name": "BTC-16MAY25", "bids": [[103357.5, 5750.0], [103355.0, 4410.0], [103347.5, 1440.0], [103345.0, 4790.0], [103342.5, 6200.0], [103340.0, 14420.0], [103335.0, 650.0], [103332.5, 1880.0], [103330.0, 300.0], [103327.5, 1330.0], [103325.0, 12820.0], [103322.5, 26050.0], [103290.0, 1310.0], [103287.5, 4370.0], [103280.0, 600.0], [103277.5, 2000.0], [103265.0, 1310.0], [103262.5, 4370.0], [103252.5, 40.0], [103245.0, 11880.0]], "asks": [[103362.5, 5360.0], [103365.0, 9000.0], [103367.5, 9000.0], [103370.0, 23490.0], [103372.5, 3100.0], [103375.0, 84460.0], [103377.5, 13410.0], [103380.0, 4790.0], [103385.0, 300.0], [103387.5, 1320.0], [103390.0, 4410.0], [103400.0, 4150.0], [103402.5, 14370.0], [103417.5, 40.0], [103420.0, 1310.0], [103422.5, 4370.0], [103430.0, 1600.0], [103432.5, 1520.0], [103435.0, 5700.0], [103445.0, 1330.0]]}}}
{"jsonrpc": "2.0", "method": "subscription", "params": {"channel": "book.BTC-23MAY25.none.20.100ms", "data": {"timestamp": 1747340390308, "change_id": 101036999008, "instrument_name": "BTC-23MAY25", "bids": [[103377.5, 6000.0], [103375.0, 56000.0], [103360.0, 1790.0], [103355.0, 5970.0], [103345.0, 6580.0], [103342.5, 5970.0], [103340.0, 10820.0], [103337.5, 10000.0], [103335.0, 26050.0], [103322.5, 1790.0], [103320.0, 5970.0], [103315.0, 100.0], [103312.5, 900.0], [103310.0, 4790.0], [103307.5, 5970.0], [103305.0, 600.0], [103302.5, 2000.0], [103277.5, 20.0], [103260.0, 1790.0], [103257.5, 5970.0]], "asks": [[103380.0, 100.0], [103382.5, 4790.0], [103385.0, 1820.0], [103390.0, 6070.0], [103395.0, 3660.0], [103397.5, 6500.0], [103400.0, 11070.0], [103402.5, 15970.0], [103415.0, 6070.0], [103450.0, 1820.0], [103452.5, 6070.0], [103477.5, 1770.0], [103480.0, 5900.0], [103497.5, 1780.0], [103500.0, 5920.0], [103510.0, 1770.0], [103512.5, 5910.0], [103532.5, 1910.0], [103535.0, 8160.0], [103537.5, 5970.0]]}}}
{"jsonrpc": "2.0", "method": "subscription", "params": {"channel": "book.BTC-16MAY25.none.20.100ms", "data": {"timestamp": 1747340390656, "change_id": 101036999435, "instrument_name": "BTC-16MAY25", "bids": [[103370.0, 8840.0], [103362.5, 7130.0], [103360.0, 10320.0], [103355.0, 4410.0], [103347.5, 1440.0], [103345.0, 4790.0], [103342.5, 6200.0], [103340.0, 14420.0], [103335.0, 650.0], [103332.5, 1880.0], [103330.0, 300.0], [103327.5, 1330.0], [103325.0, 12820.0], [103322.5, 26050.0], [103290.0, 1310.0], [103287.5, 4370.0], [103280.0, 600.0], [103277.5, 2000.0], [103265.0, 1310.0], [103262.5, 4370.0]], "asks": [[103372.5, 3100.0], [103375.0, 47450.0], [103377.5, 59000.0], [103380.0, 4790.0], [103385.0, 300.0], [103387.5, 1320.0], [103390.0, 4410.0], [103400.0, 4150.0], [103402.5, 14370.0], [103417.5, 40.0], [103420.0, 1310.0], [103422.5, 4370.0], [103430.0, 1600.0], [103432.5, 1520.0], [103435.0, 5700.0], [103445.0, 1330.0], [103447.5, 4420.0], [103457.5, 1320.0], [103460.0, 4410.0], [103475.0, 8630.0]]}}}
{"jsonrpc": "2.0", "method": "subscription", "params": {"channel": "book.BTC-23MAY25.none.20.100ms", "data": {"timestamp": 1747340390650, "change_id": 101036999432, "instrument_name": "BTC-23MAY25", "bids": [[103377.5, 12070.0], [103375.0, 56000.0], [103360.0, 1790.0], [103355.0, 5970.0], [103347.5, 1440.0], [103345.0, 6580.0], [103342.5, 5970.0], [103340.0, 10820.0], [103337.5, 10000.0], [103335.0, 26050.0], [103322.5, 1790.0], [103320.0, 5970.0], [103315.0, 100.0], [103312.5, 900.0], [103310.0, 4790.0], [103307.5, 5970.0], [103305.0, 600.0], [103302.5, 2000.0], [103277.5, 20.0], [103260.0, 1790.0]], "asks": [[103380.0, 100.0], [103387.5, 1440.0], [103390.0, 4790.0], [103395.0, 3660.0], [103397.5, 6500.0], [103400.0, 11070.0], [103402.5, 15970.0], [103412.5, 1820.0], [103415.0, 6070.0], [103450.0, 1820.0], [103452.5, 6070.0], [103477.5, 1770.0], [103480.0, 5900.0], [103497.5, 1780.0], [103500.0, 5920.0], [103510.0, 1770.0], [103512.5, 5910.0], [103532.5, 1910.0], [103535.0, 8160.0], [103537.5, 5970.0]]}}}
{"jsonrpc": "2.0", "method": "subscription", "params": {"channel": "book.BTC-16MAY25.none.20.100ms", "data": {"timestamp": 1747340391004, "change_id": 101036999971, "instrument_name": "BTC-16MAY25", "bids": [[103365.0, 4430.0], [103360.0, 1320.0], [103355.0, 4410.0], [103347.5, 1440.0], [103345.0, 4790.0], [103342.5, 6200.0], [103340.0, 14420.0], [103335.0, 650.0], [103332.5, 1880.0], [103330.0, 300.0], [103327.5, 1330.0], [103325.0, 12820.0], [103322.5, 26050.0], [103290.0, 1310.0], [103287.5, 4370.0], [103280.0, 600.0], [103277.5, 2000.0], [103265.0, 1310.0], [103262.5, 4370.0], [103252.5, 40.0]], "asks": [[103370.0, 20400.0], [103372.5, 9000.0], [103375.0, 47450.0], [103377.5, 59000.0], [103380.0, 4790.0], [103385.0, 300.0], [103387.5, 1320.0], [103390.0, 4410.0], [103400.0, 4150.0], [103402.5, 14370.0], [103417.5, 40.0], [103420.0, 1310.0], [103422.5, 4370.0], [103430.0, 1600.0], [103432.5, 1520.0], [103435.0, 5700.0], [103445.0, 1330.0], [103447.5, 4420.0], [103457.5, 1320.0], [103460.0, 4410.0]]}}}
{"jsonrpc": "2.0", "method": "subscription", "params": {"channel": "book.BTC-23MAY25.none.20.100ms", "data": {"timestamp": 1747340390862, "change_id": 101036999549, "instrument_name": "BTC-23MAY25", "bids": [[103377.5, 12070.0], [103375.0, 56000.0], [103360.0, 1790.0], [103355.0, 5970.0], [103347.5, 1440.0], [103345.0, 6580.0], [103342.5, 5970.0], [103340.0, 10820.0], [103337.5, 10000.0], [103335.0, 26050.0], [103322.5, 1790.0], [103320.0, 5970.0], [103315.0, 100.0], [103312.5, 900.0], [103310.0, 4790.0], [103307.5, 5970.0], [103305.0, 600.0], [103302.5, 2000.0], [103277.5, 20.0], [103260.0, 1790.0]], "asks": [[103380.0, 100.0], [103382.5, 3270.0], [103385.0, 6100.0], [103390.0, 4790.0], [103395.0, 3660.0], [103397.5, 6500.0], [103400.0, 11070.0], [103402.5, 15970.0], [103412.5, 1820.0], [103415.0, 6070.0], [103450.0, 1820.0], [103452.5, 6070.0], [103477.5, 1770.0], [103480.0, 5900.0], [103497.5, 1780.0], [103500.0, 5920.0], [103510.0, 1770.0], [103512.5, 5910.0], [103532.5, 1910.0], [103535.0, 8160.0]]}}}
{"jsonrpc": "2.0", "method": "subscription", "params": {"channel": "book.BTC-16MAY25.none.20.100ms", "data": {"timestamp": 1747340391138, "change_id": 101037000087, "instrument_name": "BTC-16MAY25", "bids": [[103365.0, 4430.0], [103360.0, 1320.0], [103355.0, 4410.0], [103347.5, 1440.0], [103345.0, 4790.0], [103342.5, 6200.0], [103340.0, 14420.0], [103335.0, 650.0], [103332.5, 1880.0], [103330.0, 300.0], [103327.5, 1330.0], [103325.0, 12820.0], [103322.5, 26050.0], [103290.0, 1310.0], [103287.5, 4370.0], [103280.0, 600.0], [103277.5, 2000.0], [103265.0, 1310.0], [103262.5, 4370.0], [103252.5, 40.0]], "asks": [[103370.0, 20400.0], [103372.5, 9000.0], [103375.0, 47450.0], [103377.5, 50000.0], [103380.0, 4790.0], [103385.0, 300.0], [103387.5, 1320.0], [103390.0, 4410.0], [103400.0, 4150.0], [103402.5, 14370.0], [103417.5, 40.0], [103420.0, 1310.0], [103422.5, 4370.0], [103427.5, 480.0], [103430.0, 1600.0], [103432.5, 1520.0], [103435.0, 5700.0], [103445.0, 1330.0], [103447.5, 4420.0], [103457.5, 1320.0]]}}}
{"jsonrpc": "2.0", "method": "subscription", "params": {"channel": "book.BTC-23MAY25.none.20.100ms", "data": {"timestamp": 1747340391346, "change_id": 101037000353, "instrument_name": "BTC-23MAY25", "bids": [[103377.5, 11960.0], [103375.0, 56000.0], [103360.0, 1790.0], [103355.0, 5970.0], [103347.5, 1440.0], [103345.0, 6580.0], [103342.5, 5970.0], [103340.0, 10820.0], [103337.5, 10000.0], [103335.0, 26050.0], [103322.5, 1790.0], [103320.0, 5970.0], [103315.0, 100.0], [103312.5, 900.0], [103310.0, 4790.0], [103307.5, 5970.0], [103305.0, 600.0], [103302.5, 2000.0], [103277.5, 20.0], [103260.0, 1790.0]], "asks": [[103380.0, 100.0], [103382.5, 1440.0], [103390.0, 4790.0], [103395.0, 3660.0], [103397.5, 6500.0], [103400.0, 11070.0], [103402.5, 15970.0], [103412.5, 1820.0], [103415.0, 6070.0], [103450.0, 1820.0], [103452.5, 6070.0], [103477.5, 1770.0], [103480.0, 5900.0], [103497.5, 1780.0], [103500.0, 5920.0], [103510.0, 1770.0], [103512.5, 5910.0], [103532.5, 1910.0], [103535.0, 8160.0], [103537.5, 5970.0]]}}}
