{"jsonrpc": "2.0", "method": "subscription", "params": {"channel": "book.BTC-17OCT25.none.20.100ms", "data": {"timestamp": 1759955152369, "change_id": 120640697720, "instrument_name": "BTC-17OCT25", "bids": [[123985.0, 6100.0], [123982.5, 2030.0], [123980.0, 16310.0], [123977.5, 65140.0], [123975.0, 35320.0], [123972.5, 2440.0], [123967.5, 20330.0], [123965.0, 38350.0], [123962.5, 14220.0], [123960.0, 54330.0], [123955.0, 34590.0], [123952.5, 720.0], [123950.0, 2420.0], [123942.5, 160.0], [123932.5, 1120.0], [123930.0, 3760.0], [123927.5, 730.0], [123925.0, 2440.0], [123922.5, 4770.0], [123920.0, 15990.0]], "asks": [[123987.5, 54110.0], [123990.0, 94160.0], [123995.0, 11930.0], [123997.5, 34590.0], [124005.0, 11050.0], [124007.5, 37020.0], [124012.5, 600.0], [124015.0, 13450.0], [124017.5, 34590.0], [124020.0, 3760.0], [124037.5, 720.0], [124040.0, 2410.0], [124055.0, 710.0], [124057.5, 2390.0], [124062.5, 1120.0], [124065.0, 3760.0], [124067.5, 720.0], [124070.0, 2420.0], [124075.0, 1600.0], [124082.5, 9700.0]]}}}
{"jsonrpc": "2.0", "method": "subscription", "params": {"channel": "book.BTC-10OCT25.none.20.100ms", "data": {"timestamp": 1759955153004, "change_id": 120640699067, "instrument_name": "BTC-10OCT25", "bids": [[123742.5, 14310.0], [123740.0, 2010.0], [123735.0, 1990.0], [123732.5, 3800.0], [123730.0, 4190.0], [123727.5, 4500.0], [123725.0, 10310.0], [123722.5, 34380.0], [123720.0, 160.0], [123717.5, 870.0], [123715.0, 32310.0], [123712.5, 59120.0], [123710.0, 56380.0], [123707.5, 24740.0], [123700.0, 1750.0], [123697.5, 5860.0], [123690.0, 1750.0], [123687.5, 3000.0], [123685.0, 9120.0], [123682.5, 16100.0]], "asks": [[123745.0, 51490.0], [123755.0, 16960.0], [123757.5, 50160.0], [123760.0, 6660.0], [123762.5, 13250.0], [123765.0, 44380.0], [123775.0, 12420.0], [123777.5, 37280.0], [123780.0, 10.0], [123795.0, 860.0], [123797.5, 2880.0], [123800.0, 1140.0], [123802.5, 3820.0], [123807.5, 870.0], [123810.0, 2920.0], [123832.5, 850.0], [123835.0, 16680.0], [123837.5, 15850.0], [123840.0, 32500.0], [123860.0, 850.0]]}}}
{"jsonrpc": "2.0", "method": "subscription", "params": {"channel": "book.BTC-17OCT25.none.20.100ms", "data": {"timestamp": 1759955152952, "change_id": 120640699058, "instrument_name": "BTC-17OCT25", "bids": [[123985.0, 6100.0], [123982.5, 2030.0], [123980.0, 6800.0], [123977.5, 65140.0], [123975.0, 35320.0], [123972.5, 2440.0], [123970.0, 3760.0], [123967.5, 20330.0], [123965.0, 34590.0], [123962.5, 14220.0], [123960.0, 54330.0], [123955.0, 34590.0], [123952.5, 720.0], [123950.0, 2420.0], [123942.5, 160.0], [123932.5, 1120.0], [123930.0, 3760.0], [123927.5, 730.0], [123925.0, 2440.0], [123922.5, 4770.0]], "asks": [[123987.5, 41100.0], [123990.0, 94160.0], [123995.0, 11930.0], [123997.5, 34590.0], [124005.0, 11050.0], [124007.5, 37020.0], [124012.5, 600.0], [124015.0, 13450.0], [124017.5, 34590.0], [124020.0, 3760.0], [124037.5, 720.0], [124040.0, 2410.0], [124055.0, 710.0], [124057.5, 2390.0], [124062.5, 1120.0], [124065.0, 3760.0], [124067.5, 720.0], [124070.0, 2420.0], [124075.0, 1600.0], [124080.0, 32500.0]]}}}
{"jsonrpc": "2.0", "method": "subscription", "params": {"channel": "book.BTC-10OCT25.none.20.100ms", "data": {"timestamp": 1759955153241, "change_id": 120640699536, "instrument_name": "BTC-10OCT25", "bids": [[123742.5, 19410.0], [123740.0, 6600.0], [123737.5, 13610.0], [123735.0, 4290.0], [123732.5, 3800.0], [123730.0, 4190.0], [123727.5, 4500.0], [123725.0, 22130.0], [123722.5, 78380.0], [123720.0, 160.0], [123717.5, 870.0], [123715.0, 2910.0], [123712.5, 59120.0], [123710.0, 5000.0], [123707.5, 24740.0], [123697.5, 5860.0], [123690.0, 1750.0], [123687.5, 3000.0], [123685.0, 9120.0], [123682.5, 16100.0]], "asks": [[123745.0, 17000.0], [123752.5, 12100.0], [123755.0, 58660.0], [123757.5, 50160.0], [123760.0, 6660.0], [123762.5, 10260.0], [123765.0, 34380.0], [123775.0, 15410.0], [123777.5, 47280.0], [123780.0, 10.0], [123797.5, 2880.0], [123800.0, 1140.0], [123802.5, 3820.0], [123807.5, 870.0], [123810.0, 2920.0], [123835.0, 2850.0], [123837.5, 15850.0], [123840.0, 32500.0], [123860.0, 850.0], [123862.5, 2850.0]]}}}
{"jsonrpc": "2.0", "method": "subscription", "params": {"channel": "book.BTC-17OCT25.none.20.100ms", "data": {"timestamp": 1759955153241, "change_id": 120640699500, "instrument_name": "BTC-17OCT25", "bids": [[123985.0, 6100.0], [123982.5, 4610.0], [123980.0, 16310.0], [123977.5, 69040.0], [123975.0, 46350.0], [123972.5, 2440.0], [123970.0, 3760.0], [123967.5, 10330.0], [123965.0, 34590.0], [123962.5, 14220.0], [123960.0, 54330.0], [123955.0, 34590.0], [123952.5, 720.0], [123950.0, 2420.0], [123942.5, 160.0], [123932.5, 1120.0], [123930.0, 3760.0], [123927.5, 730.0], [123925.0, 2440.0], [123922.5, 4770.0]], "asks": [[123987.5, 34870.0], [123990.0, 15560.0], [123992.5, 50000.0], [123995.0, 26720.0], [123997.5, 78590.0], [124000.0, 10000.0], [124005.0, 11050.0], [124007.5, 37020.0], [124012.5, 600.0], [124015.0, 13450.0], [124017.5, 34590.0], [124020.0, 3760.0], [124037.5, 720.0], [124040.0, 2410.0], [124055.0, 710.0], [124057.5, 2390.0], [124062.5, 1120.0], [124065.0, 3760.0], [124067.5, 720.0], [124070.0, 2420.0]]}}}
{"jsonrpc": "2.0", "method": "subscription", "params": {"channel": "book.BTC-10OCT25.none.20.100ms", "data": {"timestamp": 1759955153508, "change_id": 120640699850, "instrument_name": "BTC-10OCT25", "bids": [[123742.5, 13390.0], [123740.0, 6600.0], [123737.5, 13610.0], [123735.0, 4290.0], [123732.5, 3800.0], [123730.0, 4190.0], [123727.5, 4500.0], [123725.0, 22130.0], [123722.5, 78380.0], [123720.0, 160.0], [123717.5, 870.0], [123715.0, 2910.0], [123712.5, 59120.0], [123710.0, 5000.0], [123707.5, 24740.0], [123697.5, 5860.0], [123690.0, 1750.0], [123687.5, 3000.0], [123685.0, 9120.0], [123682.5, 16100.0]], "asks": [[123745.0, 17000.0], [123752.5, 12100.0], [123755.0, 58660.0], [123757.5, 50160.0], [123760.0, 6660.0], [123762.5, 10260.0], [123765.0, 34380.0], [123775.0, 15410.0], [123777.5, 47280.0], [123780.0, 10.0], [123797.5, 2880.0], [123800.0, 1140.0], [123802.5, 3820.0], [123807.5, 870.0], [123810.0, 2920.0], [123835.0, 2850.0], [123837.5, 15850.0], [123840.0, 32500.0], [123860.0, 850.0], [123862.5, 2850.0]]}}}
{"jsonrpc": "2.0", "method": "subscription", "params": {"channel": "book.BTC-17OCT25.none.20.100ms", "data": {"timestamp": 1759955153582, "change_id": 120640700207, "instrument_name": "BTC-17OCT25", "bids": [[123985.0, 6100.0], [123982.5, 4610.0], [123980.0, 16310.0], [123977.5, 69040.0], [123975.0, 46350.0], [123972.5, 2440.0], [123970.0, 3760.0], [123967.5, 10330.0], [123965.0, 34590.0], [123962.5, 14220.0], [123960.0, 54330.0], [123955.0, 34590.0], [123952.5, 720.0], [123950.0, 2420.0], [123942.5, 160.0], [123932.5, 1120.0], [123930.0, 3760.0], [123927.5, 730.0], [123925.0, 2440.0], [123922.5, 4770.0]], "asks": [[123987.5, 34870.0], [123990.0, 15560.0], [123992.5, 50000.0], [123995.0, 26720.0], [123997.5, 78590.0], [124000.0, 10000.0], [124005.0, 11050.0], [124007.5, 37020.0], [124012.5, 600.0], [124015.0, 13450.0], [124017.5, 34590.0], [124020.0, 3760.0], [124037.5, 720.0], [124040.0, 2410.0], [124055.0, 710.0], [124057.5, 2390.0], [124062.5, 1120.0], [124065.0, 3760.0], [124067.5, 720.0], [124070.0, 2420.0]]}}}
{"jsonrpc": "2.0", "method": "subscription", "params": {"channel": "book.BTC-10OCT25.none.20.100ms", "data": {"timestamp": 1759955154009, "change_id": 120640700655, "instrument_name": "BTC-10OCT25", "bids": [[123742.5, 13390.0], [123740.0, 6600.0], [123737.5, 13610.0], [123735.0, 1880.0], [123732.5, 3800.0], [123730.0, 4190.0], [123727.5, 4500.0], [123725.0, 10310.0], [123722.5, 34380.0], [123720.0, 160.0], [123717.5, 13890.0], [123715.0, 66050.0], [123712.5, 59120.0], [123710.0, 5000.0], [123707.5, 24740.0], [123697.5, 5860.0], [123690.0, 1750.0], [123687.5, 3000.0], [123685.0, 9120.0], [123682.5, 16100.0]], "asks": [[123745.0, 17000.0], [123752.5, 12100.0], [123755.0, 58660.0], [123757.5, 50160.0], [123760.0, 6660.0], [123762.5, 10260.0], [123765.0, 34380.0], [123767.5, 2990.0], [123770.0, 10000.0], [123775.0, 15410.0], [123777.5, 37280.0], [123780.0, 10.0], [123797.5, 2880.0], [123800.0, 1140.0], [123802.5, 3820.0], [123807.5, 870.0], [123810.0, 2920.0], [123835.0, 2850.0], [123837.5, 15850.0], [123840.0, 32500.0]]}}}
{"jsonrpc": "2.0", "method": "subscription", "params": {"channel": "book.BTC-17OCT25.none.20.100ms", "data": {"timestamp": 1759955154011, "change_id": 120640700657, "instrument_name": "BTC-17OCT25", "bids": [[123985.0, 6100.0], [123982.5, 4610.0], [123980.0, 16310.0], [123977.5, 69040.0], [123975.0, 46350.0], [123972.5, 2440.0], [123970.0, 3760.0], [123967.5, 10330.0], [123965.0, 34590.0], [123962.5, 14220.0], [123960.0, 54330.0], [123955.0, 34590.0], [123952.5, 720.0], [123950.0, 2420.0], [123942.5, 160.0], [123932.5, 1120.0], [123930.0, 3760.0], [123927.5, 730.0], [123925.0, 2440.0], [123922.5, 4770.0]], "asks": [[123987.5, 34870.0], [123990.0, 15560.0], [123992.5, 60000.0], [123995.0, 26720.0], [123997.5, 78590.0], [124005.0, 11050.0], [124007.5, 37020.0], [124012.5, 600.0], [124015.0, 13450.0], [124017.5, 34590.0], [124020.0, 3760.0], [124037.5, 720.0], [124040.0, 2410.0], [124055.0, 710.0], [124057.5, 2390.0], [124062.5, 1120.0], [124065.0, 3760.0], [124067.5, 720.0], [124070.0, 2420.0], [124075.0, 1600.0]]}}}
{"jsonrpc": "2.0", "method": "subscription", "params": {"channel": "book.BTC-10OCT25.none.20.100ms", "data": {"timestamp": 1759955154248, "change_id": 120640701212, "instrument_name": "BTC-10OCT25", "bids": [[123742.5, 13390.0], [123740.0, 11520.0], [123735.0, 850.0], [123730.0, 5220.0], [123727.5, 8500.0], [123725.0, 10310.0], [123722.5, 34380.0], [123720.0, 160.0], [123717.5, 13890.0], [123715.0, 66050.0], [123712.5, 59120.0], [123710.0, 5000.0], [123707.5, 24740.0], [123697.5, 5860.0], [123690.0, 1750.0], [123687.5, 3000.0], [123685.0, 9120.0], [123682.5, 16100.0], [123680.0, 5000.0], [123677.5, 1130.0]], "asks": [[123745.0, 20210.0], [123747.5, 53510.0], [123750.0, 24730.0], [123752.5, 50000.0], [123757.5, 2150.0], [123760.0, 6660.0], [123762.5, 10260.0], [123765.0, 34380.0], [123767.5, 2990.0], [123770.0, 10000.0], [123775.0, 15410.0], [123777.5, 37280.0], [123780.0, 10.0], [123797.5, 2880.0], [123800.0, 1140.0], [123802.5, 3820.0], [123807.5, 870.0], [123810.0, 2920.0], [123835.0, 2850.0], [123837.5, 15850.0]]}}}
{"jsonrpc": "2.0", "method": "subscription", "params": {"channel": "book.BTC-17OCT25.none.20.100ms", "data": {"timestamp": 1759955154248, "change_id": 120640701221, "instrument_name": "BTC-17OCT25", "bids": [[123985.0, 6100.0], [123982.5, 4410.0], [123980.0, 25180.0], [123977.5, 56800.0], [123975.0, 10000.0], [123967.5, 10330.0], [123965.0, 34590.0], [123962.5, 14220.0], [123960.0, 54330.0], [123955.0, 34590.0], [123952.5, 720.0], [123950.0, 2420.0], [123942.5, 160.0], [123932.5, 1120.0], [123930.0, 3760.0], [123927.5, 730.0], [123925.0, 2440.0], [123922.5, 4770.0], [123920.0, 15990.0], [123912.5, 740.0]], "asks": [[123987.5, 135670.0], [123990.0, 9620.0], [123992.5, 10000.0], [123995.0, 11930.0], [123997.5, 34590.0], [124005.0, 11050.0], [124007.5, 37020.0], [124012.5, 600.0], [124015.0, 13450.0], [124017.5, 34590.0], [124020.0, 3760.0], [124037.5, 720.0], [124040.0, 2410.0], [124055.0, 710.0], [124057.5, 2390.0], [124062.5, 1120.0], [124065.0, 3760.0], [124067.5, 720.0], [124070.0, 2420.0], [124075.0, 1600.0]]}}}
{"jsonrpc": "2.0", "method": "subscription", "params": {"channel": "book.BTC-10OCT25.none.20.100ms", "data": {"timestamp": 1759955154533, "change_id": 120640701645, "instrument_name": "BTC-10OCT25", "bids": [[123742.5, 13390.0], [123740.0, 11520.0], [123735.0, 1880.0], [123730.0, 9020.0], [123727.5, 8500.0], [123725.0, 10310.0], [123722.5, 34380.0], [123720.0, 160.0], [123717.5, 13890.0], [123715.0, 66050.0], [123712.5, 59120.0], [123710.0, 5000.0], [123707.5, 24740.0], [123697.5, 5860.0], [123690.0, 1750.0], [123687.5, 3000.0], [123685.0, 9120.0], [123682.5, 16100.0], [123680.0, 5000.0], [123677.5, 1130.0]], "asks": [[123745.0, 20210.0], [123747.5, 53510.0], [123750.0, 24730.0], [123752.5, 50000.0], [123757.5, 2150.0], [123760.0, 6660.0], [123762.5, 10260.0], [123765.0, 34380.0], [123767.5, 2990.0], [123770.0, 10000.0], [123775.0, 15410.0], [123777.5, 37280.0], [123780.0, 10.0], [123797.5, 2880.0], [123800.0, 1140.0], [123802.5, 3820.0], [123807.5, 870.0], [123810.0, 2920.0], [123835.0, 2850.0], [123837.5, 15850.0]]}}}
{"jsonrpc": "2.0", "method": "subscription", "params": {"channel": "book.BTC-17OCT25.none.20.100ms", "data": {"timestamp": 1759955154642, "change_id": 120640701821, "instrument_name": "BTC-17OCT25", "bids": [[123985.0, 6100.0], [123982.5, 4410.0], [123980.0, 25180.0], [123977.5, 56800.0], [123975.0, 44590.0], [123967.5, 10330.0], [123965.0, 38350.0], [123962.5, 14220.0], [123960.0, 54330.0], [123955.0, 34590.0], [123952.5, 720.0], [123950.0, 2420.0], [123942.5, 160.0], [123932.5, 1120.0], [123930.0, 3760.0], [123927.5, 730.0], [123925.0, 2440.0], [123922.5, 4770.0], [123920.0, 15990.0], [123912.5, 740.0]], "asks": [[123987.5, 135670.0], [123990.0, 9620.0], [123992.5, 10000.0], [123995.0, 11930.0], [123997.5, 34590.0], [124005.0, 11050.0], [124007.5, 37020.0], [124012.5, 600.0], [124015.0, 13450.0], [124017.5, 34590.0], [124020.0, 3760.0], [124037.5, 720.0], [124040.0, 2410.0], [124055.0, 710.0], [124057.5, 2390.0], [124062.5, 1120.0], [124065.0, 3760.0], [124067.5, 720.0], [124070.0, 2420.0], [124075.0, 1600.0]]}}}
{"jsonrpc": "2.0", "method": "subscription", "params": {"channel": "book.BTC-10OCT25.none.20.100ms", "data": {"timestamp": 1759955154911, "change_id": 120640701999, "instrument_name": "BTC-10OCT25", "bids": [[123742.5, 13390.0], [123740.0, 11520.0], [123735.0, 1880.0], [123730.0, 7990.0], [123727.5, 4500.0], [123725.0, 10310.0], [123722.5, 34380.0], [123720.0, 160.0], [123717.5, 13890.0], [123715.0, 66050.0], [123712.5, 59120.0], [123710.0, 5000.0], [123707.5, 24740.0], [123697.5, 5860.0], [123690.0, 1750.0], [123687.5, 3000.0], [123685.0, 9120.0], [123682.5, 16100.0], [123680.0, 5000.0], [123677.5, 1130.0]], "asks": [[123745.0, 20210.0], [123747.5, 53510.0], [123750.0, 14930.0], [123752.5, 50000.0], [123757.5, 2150.0], [123760.0, 6660.0], [123762.5, 10260.0], [123765.0, 34380.0], [123767.5, 2990.0], [123770.0, 10000.0], [123775.0, 15410.0], [123777.5, 37280.0], [123780.0, 10.0], [123797.5, 2880.0], [123800.0, 1140.0], [123802.5, 3820.0], [123807.5, 870.0], [123810.0, 2920.0], [123835.0, 2850.0], [123837.5, 15850.0]]}}}
{"jsonrpc": "2.0", "method": "subscription", "params": {"channel": "book.BTC-10OCT25.none.20.100ms", "data": {"timestamp": 1759955155696, "change_id": 120640703045, "instrument_name": "BTC-10OCT25", "bids": [[123742.5, 13390.0], [123740.0, 11520.0], [123735.0, 1880.0], [123730.0, 7990.0], [123727.5, 4500.0], [123725.0, 10310.0], [123722.5, 34380.0], [123720.0, 160.0], [123717.5, 13890.0], [123715.0, 66050.0], [123712.5, 59120.0], [123710.0, 5000.0], [123707.5, 24740.0], [123700.0, 1750.0], [123697.5, 5860.0], [123690.0, 1750.0], [123687.5, 3000.0], [123685.0, 9120.0], [123682.5, 16100.0], [123680.0, 5000.0]], "asks": [[123745.0, 20210.0], [123747.5, 53510.0], [123750.0, 14930.0], [123752.5, 50000.0], [123757.5, 2150.0], [123760.0, 6660.0], [123762.5, 20260.0], [123765.0, 34380.0], [123775.0, 15410.0], [123777.5, 37280.0], [123780.0, 10.0], [123795.0, 860.0], [123797.5, 2880.0], [123800.0, 1140.0], [123802.5, 3820.0], [123807.5, 870.0], [123810.0, 2920.0], [123835.0, 17280.0], [123837.5, 15850.0], [123840.0, 32500.0]]}}}
{"jsonrpc": "2.0", "method": "subscription", "params": {"channel": "book.BTC-10OCT25.none.20.100ms", "data": {"timestamp": 1759955156533, "change_id": 120640703999, "instrument_name": "BTC-10OCT25", "bids": [[123742.5, 13390.0], [123740.0, 11520.0], [123735.0, 1880.0], [123730.0, 7990.0], [123727.5, 4500.0], [123725.0, 10310.0], [123722.5, 34380.0], [123720.0, 160.0], [123717.5, 13890.0], [123715.0, 66050.0], [123712.5, 59120.0], [123710.0, 5000.0], [123707.5, 24740.0], [123700.0, 1750.0], [123697.5, 5860.0], [123690.0, 1750.0], [123687.5, 3000.0], [123685.0, 9120.0], [123682.5, 16100.0], [123680.0, 5000.0]], "asks": [[123745.0, 20210.0], [123747.5, 53510.0], [123750.0, 14930.0], [123752.5, 50000.0], [123757.5, 2150.0], [123760.0, 6660.0], [123762.5, 20260.0], [123765.0, 34380.0], [123775.0, 15410.0], [123777.5, 37280.0], [123780.0, 10.0], [123795.0, 860.0], [123797.5, 2880.0], [123800.0, 1140.0], [123802.5, 3820.0], [123807.5, 870.0], [123810.0, 2920.0], [123835.0, 17280.0], [123837.5, 15850.0], [123840.0, 32500.0]]}}}
{"jsonrpc": "2.0", "method": "subscription", "params": {"channel": "book.BTC-17OCT25.none.20.100ms", "data": {"timestamp": 1759955156501, "change_id": 120640703810, "instrument_name": "BTC-17OCT25", "bids": [[123985.0, 6100.0], [123980.0, 16310.0], [123977.5, 56800.0], [123975.0, 44590.0], [123967.5, 10330.0], [123965.0, 38350.0], [123962.5, 14220.0], [123960.0, 54330.0], [123955.0, 34590.0], [123952.5, 720.0], [123950.0, 2420.0], [123942.5, 160.0], [123932.5, 1120.0], [123930.0, 3760.0], [123927.5, 730.0], [123925.0, 2440.0], [123922.5, 4770.0], [123920.0, 15990.0], [123912.5, 740.0], [123910.0, 2470.0]], "asks": [[123987.5, 135670.0], [123990.0, 9620.0], [123992.5, 10000.0], [123995.0, 11930.0], [123997.5, 34590.0], [124005.0, 11050.0], [124007.5, 37020.0], [124012.5, 600.0], [124015.0, 13450.0], [124017.5, 34590.0], [124020.0, 3760.0], [124037.5, 720.0], [124040.0, 2410.0], [124055.0, 710.0], [124057.5, 2390.0], [124062.5, 1120.0], [124065.0, 3760.0], [124067.5, 720.0], [124070.0, 2420.0], [124075.0, 1600.0]]}}}
{"jsonrpc": "2.0", "method": "subscription", "params": {"channel": "book.BTC-10OCT25.none.20.100ms", "data": {"timestamp": 1759955157301, "change_id": 120640704885, "instrument_name": "BTC-10OCT25", "bids": [[123742.5, 13390.0], [123740.0, 11520.0], [123737.5, 1130.0], [123735.0, 4650.0], [123730.0, 4190.0], [123727.5, 4500.0], [123725.0, 10310.0], [123722.5, 34380.0], [123720.0, 160.0], [123717.5, 13890.0], [123715.0, 58660.0], [123712.5, 34380.0], [123710.0, 5000.0], [123700.0, 5550.0], [123697.5, 5860.0], [123690.0, 1750.0], [123687.5, 3000.0], [123685.0, 9120.0], [123682.5, 16100.0], [123680.0, 5000.0]], "asks": [[123745.0, 20210.0], [123747.5, 53510.0], [123750.0, 18730.0], [123752.5, 50000.0], [123757.5, 1010.0], [123760.0, 2860.0], [123762.5, 20260.0], [123765.0, 34380.0], [123772.5, 1520.0], [123775.0, 19210.0], [123777.5, 37280.0], [123780.0, 10.0], [123795.0, 860.0], [123797.5, 2880.0], [123802.5, 20.0], [123807.5, 870.0], [123810.0, 2920.0], [123832.5, 850.0], [123835.0, 2850.0], [123840.0, 32500.0]]}}}
{"jsonrpc": "2.0", "method": "subscription", "params": {"channel": "book.BTC-17OCT25.none.20.100ms", "data": {"timestamp": 1759955157198, "change_id": 120640704742, "instrument_name": "BTC-17OCT25", "bids": [[123985.0, 6100.0], [123980.0, 20320.0], [123977.5, 56800.0], [123975.0, 45750.0], [123972.5, 3900.0], [123967.5, 10330.0], [123965.0, 34590.0], [123962.5, 14220.0], [123960.0, 54330.0], [123955.0, 34590.0], [123952.5, 720.0], [123950.0, 2420.0], [123945.0, 1210.0], [123942.5, 4060.0], [123927.5, 730.0], [123925.0, 2440.0], [123922.5, 4770.0], [123920.0, 15990.0], [123915.0, 3900.0], [123912.5, 740.0]], "asks": [[123987.5, 135810.0], [123990.0, 9620.0], [123992.5, 10000.0], [123995.0, 11930.0], [123997.5, 38490.0], [124005.0, 11050.0], [124007.5, 37020.0], [124012.5, 600.0], [124015.0, 13450.0], [124017.5, 34590.0], [124020.0, 2460.0], [124022.5, 1160.0], [124025.0, 3900.0], [124037.5, 720.0], [124040.0, 2410.0], [124055.0, 710.0], [124057.5, 2390.0], [124067.5, 720.0], [124070.0, 2420.0], [124075.0, 1600.0]]}}}
{"jsonrpc": "2.0", "method": "subscription", "params": {"channel": "book.BTC-10OCT25.none.20.100ms", "data": {"timestamp": 1759955157478, "change_id": 120640705585, "instrument_name": "BTC-10OCT25", "bids": [[123742.5, 13390.0], [123740.0, 2010.0], [123737.5, 10640.0], [123735.0, 3800.0], [123725.0, 10310.0], [123722.5, 34380.0], [123720.0, 160.0], [123717.5, 13890.0], [123715.0, 58660.0], [123712.5, 34380.0], [123710.0, 29740.0], [123700.0, 5550.0], [123697.5, 5860.0], [123690.0, 1750.0], [123687.5, 3000.0], [123685.0, 9120.0], [123682.5, 16100.0], [123680.0, 5000.0], [123677.5, 1130.0], [123675.0, 4660.0]], "asks": [[123745.0, 29720.0], [123747.5, 44000.0], [123750.0, 18730.0], [123752.5, 50000.0], [123757.5, 1010.0], [123760.0, 2860.0], [123762.5, 20260.0], [123765.0, 34380.0], [123772.5, 1520.0], [123775.0, 19210.0], [123777.5, 37280.0], [123780.0, 10.0], [123795.0, 860.0], [123797.5, 2880.0], [123802.5, 20.0], [123807.5, 870.0], [123810.0, 2920.0], [123830.0, 16440.0], [123832.5, 850.0], [123835.0, 2850.0]]}}}
{"jsonrpc": "2.0", "method": "subscription", "params": {"channel": "book.BTC-17OCT25.none.20.100ms", "data": {"timestamp": 1759955157546, "change_id": 120640705455, "instrument_name": "BTC-17OCT25", "bids": [[123980.0, 16890.0], [123977.5, 59790.0], [123975.0, 11160.0], [123972.5, 3900.0], [123967.5, 10330.0], [123965.0, 34590.0], [123962.5, 14220.0], [123960.0, 54330.0], [123955.0, 34590.0], [123952.5, 720.0], [123950.0, 37010.0], [123945.0, 1210.0], [123942.5, 4060.0], [123927.5, 730.0], [123925.0, 2440.0], [123922.5, 4770.0], [123920.0, 15990.0], [123915.0, 3900.0], [123912.5, 740.0], [123910.0, 2470.0]], "asks": [[123982.5, 13780.0], [123985.0, 51200.0], [123987.5, 125110.0], [123990.0, 160.0], [123992.5, 1210.0], [123995.0, 14390.0], [123997.5, 38490.0], [124005.0, 11050.0], [124007.5, 37020.0], [124012.5, 600.0], [124015.0, 13450.0], [124017.5, 34590.0], [124020.0, 2460.0], [124022.5, 1160.0], [124025.0, 3900.0], [124037.5, 720.0], [124040.0, 2410.0], [124055.0, 710.0], [124057.5, 2390.0], [124067.5, 720.0]]}}}
{"jsonrpc": "2.0", "method": "subscription", "params": {"channel": "book.BTC-10OCT25.none.20.100ms", "data": {"timestamp": 1759955157981, "change_id": 120640706010, "instrument_name": "BTC-10OCT25", "bids": [[123742.5, 13390.0], [123740.0, 2010.0], [123737.5, 9510.0], [123735.0, 3800.0], [123732.5, 870.0], [123730.0, 2920.0], [123727.5, 5300.0], [123725.0, 10310.0], [123722.5, 34380.0], [123720.0, 160.0], [123717.5, 13890.0], [123715.0, 58660.0], [123712.5, 34380.0], [123710.0, 29740.0], [123700.0, 5550.0], [123697.5, 5860.0], [123690.0, 1750.0], [123687.5, 3000.0], [123685.0, 9120.0], [123682.5, 16100.0]], "asks": [[123745.0, 29720.0], [123747.5, 44000.0], [123750.0, 18730.0], [123752.5, 50000.0], [123757.5, 1010.0], [123760.0, 2860.0], [123762.5, 20260.0], [123765.0, 34380.0], [123772.5, 1520.0], [123775.0, 19210.0], [123777.5, 37280.0], [123780.0, 10.0], [123795.0, 860.0], [123797.5, 2880.0], [123802.5, 20.0], [123807.5, 870.0], [123810.0, 2920.0], [123830.0, 16440.0], [123832.5, 850.0], [123835.0, 2850.0]]}}}
{"jsonrpc": "2.0", "method": "subscription", "params": {"channel": "book.BTC-17OCT25.none.20.100ms", "data": {"timestamp": 1759955157966, "change_id": 120640706003, "instrument_name": "BTC-17OCT25", "bids": [[123980.0, 16870.0], [123977.5, 59790.0], [123975.0, 11160.0], [123972.5, 3900.0], [123967.5, 10330.0], [123965.0, 34590.0], [123962.5, 14220.0], [123960.0, 54330.0], [123955.0, 34590.0], [123952.5, 720.0], [123950.0, 37010.0], [123945.0, 1210.0], [123942.5, 4060.0], [123927.5, 730.0], [123925.0, 2440.0], [123922.5, 4770.0], [123920.0, 15990.0], [123915.0, 3900.0], [123912.5, 740.0], [123910.0, 2470.0]], "asks": [[123982.5, 13160.0], [123985.0, 51200.0], [123987.5, 125110.0], [123990.0, 160.0], [123992.5, 1210.0], [123995.0, 14390.0], [123997.5, 38490.0], [124005.0, 11050.0], [124007.5, 37020.0], [124012.5, 600.0], [124015.0, 13450.0], [124017.5, 34590.0], [124020.0, 2460.0], [124022.5, 1160.0], [124025.0, 3900.0], [124037.5, 720.0], [124040.0, 2410.0], [124055.0, 710.0], [124057.5, 2390.0], [124067.5, 720.0]]}}}
{"jsonrpc": "2.0", "method": "subscription", "params": {"channel": "book.BTC-10OCT25.none.20.100ms", "data": {"timestamp": 1759955157989, "change_id": 120640706014, "instrument_name": "BTC-10OCT25", "bids": [[123742.5, 13390.0], [123740.0, 2010.0], [123737.5, 9510.0], [123735.0, 3800.0], [123732.5, 870.0], [123730.0, 4500.0], [123727.5, 5300.0], [123725.0, 10310.0], [123722.5, 34380.0], [123720.0, 160.0], [123717.5, 13890.0], [123715.0, 58660.0], [123712.5, 34380.0], [123710.0, 29740.0], [123700.0, 5550.0], [123697.5, 5860.0], [123690.0, 1750.0], [123687.5, 3000.0], [123685.0, 9120.0], [123682.5, 16100.0]], "asks": [[123745.0, 29720.0], [123747.5, 44000.0], [123750.0, 18730.0], [123752.5, 50000.0], [123757.5, 1010.0], [123760.0, 2860.0], [123762.5, 20260.0], [123765.0, 34380.0], [123772.5, 1520.0], [123775.0, 19210.0], [123777.5, 37280.0], [123780.0, 10.0], [123795.0, 860.0], [123797.5, 2880.0], [123802.5, 20.0], [123807.5, 870.0], [123810.0, 2920.0], [123830.0, 16440.0], [123832.5, 850.0], [123835.0, 2850.0]]}}}
{"jsonrpc": "2.0", "method": "subscription", "params": {"channel": "book.BTC-17OCT25.none.20.100ms", "data": {"timestamp": 1759955158287, "change_id": 120640706155, "instrument_name": "BTC-17OCT25", "bids": [[123980.0, 16870.0], [123977.5, 59790.0], [123975.0, 11160.0], [123972.5, 3900.0], [123967.5, 12790.0], [123965.0, 34590.0], [123962.5, 14220.0], [123960.0, 54330.0], [123955.0, 34590.0], [123952.5, 720.0], [123950.0, 37010.0], [123945.0, 1210.0], [123942.5, 4060.0], [123927.5, 730.0], [123925.0, 2440.0], [123922.5, 4770.0], [123920.0, 15990.0], [123915.0, 3900.0], [123912.5, 740.0], [123910.0, 2470.0]], "asks": [[123982.5, 13160.0], [123985.0, 51200.0], [123987.5, 125110.0], [123990.0, 160.0], [123992.5, 1210.0], [123995.0, 14390.0], [123997.5, 38490.0], [124005.0, 11050.0], [124007.5, 37020.0], [124012.5, 600.0], [124015.0, 13450.0], [124017.5, 34590.0], [124020.0, 2460.0], [124022.5, 1160.0], [124025.0, 3900.0], [124037.5, 720.0], [124040.0, 2410.0], [124055.0, 710.0], [124057.5, 2390.0], [124067.5, 720.0]]}}}
{"jsonrpc": "2.0", "method": "subscription", "params": {"channel": "book.BTC-10OCT25.none.20.100ms", "data": {"timestamp": 1759955158602, "change_id": 120640706791, "instrument_name": "BTC-10OCT25", "bids": [[123742.5, 13390.0], [123740.0, 2010.0], [123737.5, 9510.0], [123732.5, 870.0], [123730.0, 4500.0], [123727.5, 5300.0], [123725.0, 10310.0], [123722.5, 34380.0], [123720.0, 160.0], [123717.5, 13890.0], [123715.0, 58660.0], [123712.5, 34380.0], [123710.0, 29740.0], [123702.5, 1130.0], [123700.0, 5550.0], [123697.5, 5860.0], [123690.0, 1750.0], [123687.5, 3000.0], [123685.0, 9120.0], [123682.5, 16100.0]], "asks": [[123745.0, 29720.0], [123747.5, 44000.0], [123750.0, 18730.0], [123752.5, 50000.0], [123757.5, 1010.0], [123760.0, 2860.0], [123762.5, 20260.0], [123765.0, 34380.0], [123772.5, 1520.0], [123775.0, 19210.0], [123777.5, 37280.0], [123780.0, 10.0], [123795.0, 860.0], [123797.5, 2880.0], [123802.5, 20.0], [123807.5, 870.0], [123810.0, 2920.0], [123830.0, 16440.0], [123832.5, 850.0], [123835.0, 2850.0]]}}}
{"jsonrpc": "2.0", "method": "subscription", "params": {"channel": "book.BTC-17OCT25.none.20.100ms", "data": {"timestamp": 1759955158601, "change_id": 120640706790, "instrument_name": "BTC-17OCT25", "bids": [[123980.0, 16870.0], [123977.5, 59790.0], [123975.0, 10000.0], [123967.5, 10330.0], [123965.0, 34590.0], [123962.5, 14220.0], [123960.0, 54330.0], [123955.0, 34590.0], [123952.5, 720.0], [123950.0, 37010.0], [123945.0, 1210.0], [123942.5, 4060.0], [123927.5, 730.0], [123925.0, 2440.0], [123922.5, 4770.0], [123920.0, 15990.0], [123917.5, 1160.0], [123915.0, 3900.0], [123912.5, 740.0], [123910.0, 2470.0]], "asks": [[123982.5, 13160.0], [123985.0, 51200.0], [123987.5, 125110.0], [123990.0, 160.0], [123992.5, 1210.0], [123995.0, 14390.0], [123997.5, 38490.0], [124005.0, 11050.0], [124007.5, 37020.0], [124012.5, 600.0], [124015.0, 13450.0], [124017.5, 34590.0], [124020.0, 2460.0], [124022.5, 1160.0], [124025.0, 3900.0], [124037.5, 720.0], [124040.0, 2410.0], [124055.0, 710.0], [124057.5, 2390.0], [124067.5, 720.0]]}}}
{"jsonrpc": "2.0", "method": "subscription", "params": {"channel": "book.BTC-10OCT25.none.20.100ms", "data": {"timestamp": 1759955158683, "change_id": 120640706811, "instrument_name": "BTC-10OCT25", "bids": [[123742.5, 13390.0], [123740.0, 2010.0], [123737.5, 13310.0], [123732.5, 870.0], [123730.0, 4500.0], [123727.5, 5300.0], [123725.0, 10310.0], [123722.5, 34380.0], [123720.0, 160.0], [123717.5, 13890.0], [123715.0, 58660.0], [123712.5, 34380.0], [123710.0, 29740.0], [123702.5, 1130.0], [123700.0, 5550.0], [123697.5, 5860.0], [123690.0, 1750.0], [123687.5, 3000.0], [123685.0, 9120.0], [123682.5, 16100.0]], "asks": [[123745.0, 29720.0], [123747.5, 44000.0], [123750.0, 18730.0], [123752.5, 50000.0], [123757.5, 1010.0], [123760.0, 2860.0], [123762.5, 20260.0], [123765.0, 34380.0], [123772.5, 1520.0], [123775.0, 19210.0], [123777.5, 37280.0], [123780.0, 10.0], [123795.0, 860.0], [123797.5, 2880.0], [123802.5, 20.0], [123807.5, 870.0], [123810.0, 2920.0], [123830.0, 16440.0], [123832.5, 850.0], [123835.0, 2850.0]]}}}
{"jsonrpc": "2.0", "method": "subscription", "params": {"channel": "book.BTC-17OCT25.none.20.100ms", "data": {"timestamp": 1759955158698, "change_id": 120640706821, "instrument_name": "BTC-17OCT25", "bids": [[123980.0, 16870.0], [123977.5, 59790.0], [123975.0, 11160.0], [123972.5, 3900.0], [123967.5, 12790.0], [123965.0, 34590.0], [123962.5, 14220.0], [123960.0, 54330.0], [123955.0, 34590.0], [123952.5, 720.0], [123950.0, 37010.0], [123945.0, 1210.0], [123942.5, 4060.0], [123927.5, 730.0], [123925.0, 2440.0], [123922.5, 4770.0], [123920.0, 15990.0], [123917.5, 1160.0], [123915.0, 3900.0], [123912.5, 740.0]], "asks": [[123982.5, 13160.0], [123985.0, 51200.0], [123987.5, 125110.0], [123990.0, 160.0], [123992.5, 1210.0], [123995.0, 14390.0], [123997.5, 38490.0], [124005.0, 11050.0], [124007.5, 37020.0], [124012.5, 600.0], [124015.0, 13450.0], [124017.5, 34590.0], [124020.0, 2460.0], [124022.5, 1160.0], [124025.0, 3900.0], [124037.5, 720.0], [124040.0, 2410.0], [124055.0, 710.0], [124057.5, 2390.0], [124067.5, 720.0]]}}}
{"jsonrpc": "2.0", "method": "subscription", "params": {"channel": "book.BTC-10OCT25.none.20.100ms", "data": {"timestamp": 1759955159243, "change_id": 120640707280, "instrument_name": "BTC-10OCT25", "bids": [[123742.5, 13390.0], [123740.0, 2010.0], [123737.5, 13310.0], [123732.5, 870.0], [123730.0, 2920.0], [123725.0, 10310.0], [123722.5, 34380.0], [123720.0, 160.0], [123717.5, 13890.0], [123715.0, 58660.0], [123712.5, 34380.0], [123710.0, 29740.0], [123702.5, 1130.0], [123700.0, 5550.0], [123697.5, 5860.0], [123690.0, 1750.0], [123687.5, 3000.0], [123685.0, 9120.0], [123682.5, 16100.0], [123680.0, 5000.0]], "asks": [[123745.0, 29720.0], [123747.5, 44000.0], [123750.0, 18730.0], [123752.5, 50000.0], [123757.5, 1010.0], [123760.0, 2860.0], [123762.5, 20260.0], [123765.0, 34380.0], [123772.5, 1520.0], [123775.0, 19210.0], [123777.5, 37280.0], [123780.0, 10.0], [123795.0, 860.0], [123797.5, 2880.0], [123802.5, 20.0], [123807.5, 870.0], [123810.0, 2920.0], [123830.0, 16440.0], [123832.5, 850.0], [123835.0, 2850.0]]}}}
{"jsonrpc": "2.0", "method": "subscription", "params": {"channel": "book.BTC-17OCT25.none.20.100ms", "data": {"timestamp": 1759955159242, "change_id": 120640707278, "instrument_name": "BTC-17OCT25", "bids": [[123980.0, 10070.0], [123977.5, 59790.0], [123975.0, 11160.0], [123972.5, 3900.0], [123967.5, 12790.0], [123965.0, 34590.0], [123962.5, 14220.0], [123960.0, 54330.0], [123955.0, 34590.0], [123952.5, 720.0], [123950.0, 37010.0], [123945.0, 1210.0], [123942.5, 4060.0], [123927.5, 730.0], [123925.0, 2440.0], [123922.5, 4770.0], [123920.0, 15990.0], [123917.5, 1160.0], [123915.0, 3900.0], [123912.5, 740.0]], "asks": [[123982.5, 13160.0], [123985.0, 51200.0], [123987.5, 125110.0], [123990.0, 160.0], [123992.5, 1210.0], [123995.0, 14390.0], [123997.5, 38490.0], [124005.0, 11050.0], [124007.5, 37020.0], [124012.5, 600.0], [124015.0, 13450.0], [124017.5, 34590.0], [124020.0, 2460.0], [124022.5, 1160.0], [124025.0, 3900.0], [124037.5, 720.0], [124040.0, 2410.0], [124055.0, 710.0], [124057.5, 2390.0], [124067.5, 720.0]]}}}
{"jsonrpc": "2.0", "method": "subscription", "params": {"channel": "book.BTC-17OCT25.none.20.100ms", "data": {"timestamp": 1759955159585, "change_id": 120640707895, "instrument_name": "BTC-17OCT25", "bids": [[123980.0, 10070.0], [123977.5, 59790.0], [123975.0, 11160.0], [123972.5, 3900.0], [123967.5, 12790.0], [123965.0, 34590.0], [123962.5, 14220.0], [123960.0, 54330.0], [123955.0, 34590.0], [123952.5, 720.0], [123950.0, 37010.0], [123945.0, 1210.0], [123942.5, 4060.0], [123927.5, 730.0], [123925.0, 2440.0], [123922.5, 4770.0], [123920.0, 15990.0], [123917.5, 1160.0], [123915.0, 3900.0], [123912.5, 740.0]], "asks": [[123982.5, 13160.0], [123985.0, 51200.0], [123987.5, 125110.0], [123990.0, 160.0], [123992.5, 1210.0], [123995.0, 14390.0], [123997.5, 38490.0], [124005.0, 11050.0], [124007.5, 37020.0], [124012.5, 600.0], [124015.0, 13450.0], [124017.5, 34590.0], [124020.0, 2460.0], [124022.5, 1160.0], [124025.0, 3900.0], [124037.5, 720.0], [124040.0, 2410.0], [124055.0, 710.0], [124057.5, 2390.0], [124067.5, 720.0]]}}}
{"jsonrpc": "2.0", "method": "subscription", "params": {"channel": "book.BTC-10OCT25.none.20.100ms", "data": {"timestamp": 1759955159829, "change_id": 120640708071, "instrument_name": "BTC-10OCT25", "bids": [[123742.5, 13390.0], [123740.0, 2010.0], [123737.5, 13310.0], [123732.5, 870.0], [123730.0, 2920.0], [123725.0, 10310.0], [123722.5, 34380.0], [123720.0, 160.0], [123717.5, 13890.0], [123715.0, 58660.0], [123712.5, 34380.0], [123710.0, 29740.0], [123702.5, 1130.0], [123700.0, 5550.0], [123697.5, 5860.0], [123690.0, 1750.0], [123687.5, 3000.0], [123685.0, 9120.0], [123682.5, 16100.0], [123680.0, 5000.0]], "asks": [[123745.0, 29720.0], [123747.5, 44000.0], [123750.0, 18730.0], [123752.5, 50000.0], [123757.5, 1010.0], [123760.0, 2860.0], [123762.5, 20260.0], [123765.0, 34380.0], [123772.5, 1520.0], [123775.0, 19210.0], [123777.5, 37280.0], [123780.0, 10.0], [123795.0, 860.0], [123797.5, 2880.0], [123802.5, 20.0], [123807.5, 870.0], [123810.0, 2920.0], [123827.5, 4910.0], [123830.0, 16440.0], [123832.5, 850.0]]}}}
{"jsonrpc": "2.0", "method": "subscription", "params": {"channel": "book.BTC-10OCT25.none.20.100ms", "data": {"timestamp": 1759955160959, "change_id": 120640709303, "instrument_name": "BTC-10OCT25", "bids": [[123742.5, 13390.0], [123740.0, 2010.0], [123737.5, 13310.0], [123732.5, 870.0], [123730.0, 3910.0], [123727.5, 3300.0], [123725.0, 10310.0], [123722.5, 34380.0], [123720.0, 160.0], [123717.5, 13890.0], [123715.0, 58660.0], [123712.5, 34380.0], [123710.0, 29740.0], [123702.5, 1130.0], [123700.0, 5550.0], [123697.5, 5860.0], [123690.0, 1750.0], [123687.5, 3000.0], [123685.0, 9120.0], [123682.5, 16100.0]], "asks": [[123745.0, 29720.0], [123747.5, 44000.0], [123750.0, 18730.0], [123752.5, 50000.0], [123757.5, 1010.0], [123760.0, 2860.0], [123762.5, 20260.0], [123765.0, 34380.0], [123772.5, 1520.0], [123775.0, 19210.0], [123777.5, 37280.0], [123780.0, 10.0], [123795.0, 860.0], [123797.5, 2880.0], [123802.5, 20.0], [123807.5, 870.0], [123810.0, 2920.0], [123827.5, 4910.0], [123830.0, 16440.0], [123832.5, 850.0]]}}}
{"jsonrpc": "2.0", "method": "subscription", "params": {"channel": "book.BTC-10OCT25.none.20.100ms", "data": {"timestamp": 1759955161100, "change_id": 120640709449, "instrument_name": "BTC-10OCT25", "bids": [[123742.5, 13390.0], [123740.0, 2010.0], [123737.5, 13310.0], [123732.5, 870.0], [123730.0, 2920.0], [123725.0, 10310.0], [123722.5, 34380.0], [123720.0, 160.0], [123717.5, 13890.0], [123715.0, 58660.0], [123712.5, 34380.0], [123710.0, 29740.0], [123702.5, 1130.0], [123700.0, 5550.0], [123697.5, 5860.0], [123690.0, 1750.0], [123687.5, 3000.0], [123685.0, 9120.0], [123682.5, 16100.0], [123680.0, 5000.0]], "asks": [[123745.0, 29720.0], [123747.5, 44000.0], [123750.0, 18730.0], [123752.5, 50000.0], [123757.5, 1010.0], [123760.0, 2860.0], [123762.5, 20260.0], [123765.0, 34380.0], [123772.5, 1520.0], [123775.0, 19210.0], [123777.5, 37280.0], [123780.0, 10.0], [123795.0, 860.0], [123797.5, 2880.0], [123802.5, 20.0], [123807.5, 870.0], [123810.0, 2920.0], [123827.5, 4910.0], [123830.0, 16440.0], [123832.5, 850.0]]}}}
{"jsonrpc": "2.0", "method": "subscription", "params": {"channel": "book.BTC-10OCT25.none.20.100ms", "data": {"timestamp": 1759955161568, "change_id": 120640710512, "instrument_name": "BTC-10OCT25", "bids": [[123742.5, 13390.0], [123740.0, 5840.0], [123737.5, 13310.0], [123732.5, 870.0], [123730.0, 2920.0], [123727.5, 1130.0], [123725.0, 14110.0], [123722.5, 34380.0], [123720.0, 160.0], [123717.5, 13020.0], [123715.0, 64550.0], [123712.5, 34380.0], [123710.0, 29740.0], [123700.0, 3800.0], [123697.5, 5860.0], [123690.0, 10.0], [123687.5, 3000.0], [123685.0, 9120.0], [123682.5, 16100.0], [123680.0, 5000.0]], "asks": [[123745.0, 16690.0], [123747.5, 45130.0], [123750.0, 3800.0], [123755.0, 15830.0], [123757.5, 50160.0], [123760.0, 2860.0], [123762.5, 10260.0], [123765.0, 34380.0], [123770.0, 2990.0], [123772.5, 10000.0], [123775.0, 5090.0], [123777.5, 37280.0], [123780.0, 10.0], [123797.5, 2880.0], [123802.5, 20.0], [123810.0, 2920.0], [123830.0, 16440.0], [123835.0, 2850.0], [123840.0, 32500.0], [123862.5, 2850.0]]}}}
{"jsonrpc": "2.0", "method": "subscription", "params": {"channel": "book.BTC-17OCT25.none.20.100ms", "data": {"timestamp": 1759955161488, "change_id": 120640710240, "instrument_name": "BTC-17OCT25", "bids": [[123980.0, 17220.0], [123977.5, 59790.0], [123975.0, 10000.0], [123967.5, 12790.0], [123965.0, 34590.0], [123962.5, 14220.0], [123960.0, 54330.0], [123955.0, 34590.0], [123952.5, 10960.0], [123950.0, 37010.0], [123945.0, 1210.0], [123942.5, 4060.0], [123927.5, 730.0], [123925.0, 2440.0], [123922.5, 4770.0], [123920.0, 15990.0], [123917.5, 1160.0], [123915.0, 3900.0], [123912.5, 740.0], [123910.0, 2470.0]], "asks": [[123982.5, 6360.0], [123985.0, 6500.0], [123987.5, 31110.0], [123990.0, 160.0], [123992.5, 65940.0], [123995.0, 68390.0], [123997.5, 38490.0], [124005.0, 11050.0], [124007.5, 37020.0], [124012.5, 600.0], [124015.0, 13450.0], [124017.5, 34590.0], [124020.0, 2460.0], [124022.5, 1160.0], [124025.0, 3900.0], [124037.5, 720.0], [124040.0, 2410.0], [124055.0, 710.0], [124057.5, 2390.0], [124067.5, 720.0]]}}}
{"jsonrpc": "2.0", "method": "subscription", "params": {"channel": "book.BTC-10OCT25.none.20.100ms", "data": {"timestamp": 1759955161942, "change_id": 120640711382, "instrument_name": "BTC-10OCT25", "bids": [[123742.5, 24000.0], [123740.0, 2010.0], [123735.0, 3800.0], [123732.5, 9800.0], [123730.0, 2920.0], [123727.5, 1130.0], [123725.0, 14110.0], [123722.5, 34380.0], [123720.0, 160.0], [123717.5, 13020.0], [123715.0, 64550.0], [123712.5, 34380.0], [123710.0, 29740.0], [123700.0, 3800.0], [123697.5, 5860.0], [123690.0, 10.0], [123687.5, 3000.0], [123685.0, 9120.0], [123682.5, 16100.0], [123680.0, 5000.0]], "asks": [[123745.0, 13000.0], [123747.5, 14120.0], [123752.5, 6400.0], [123755.0, 59830.0], [123757.5, 50160.0], [123760.0, 2860.0], [123762.5, 10260.0], [123765.0, 34380.0], [123770.0, 1520.0], [123775.0, 5090.0], [123777.5, 37280.0], [123780.0, 10.0], [123785.0, 10000.0], [123797.5, 2880.0], [123800.0, 3800.0], [123802.5, 20.0], [123810.0, 2920.0], [123830.0, 16440.0], [123835.0, 2850.0], [123842.5, 32500.0]]}}}
{"jsonrpc": "2.0", "method": "subscription", "params": {"channel": "book.BTC-17OCT25.none.20.100ms", "data": {"timestamp": 1759955161885, "change_id": 120640711297, "instrument_name": "BTC-17OCT25", "bids": [[123985.0, 7710.0], [123980.0, 18250.0], [123977.5, 56800.0], [123975.0, 20330.0], [123972.5, 34590.0], [123967.5, 12790.0], [123965.0, 34590.0], [123962.5, 14220.0], [123960.0, 54330.0], [123955.0, 34590.0], [123952.5, 720.0], [123950.0, 2420.0], [123945.0, 1210.0], [123942.5, 4060.0], [123927.5, 730.0], [123925.0, 2440.0], [123922.5, 4770.0], [123920.0, 15990.0], [123917.5, 1160.0], [123915.0, 3900.0]], "asks": [[123987.5, 9510.0], [123990.0, 20160.0], [123992.5, 65940.0], [123995.0, 55930.0], [123997.5, 38490.0], [124005.0, 11050.0], [124007.5, 47020.0], [124012.5, 600.0], [124015.0, 13450.0], [124017.5, 34590.0], [124020.0, 2460.0], [124022.5, 1160.0], [124025.0, 3900.0], [124037.5, 720.0], [124040.0, 2410.0], [124055.0, 710.0], [124057.5, 2390.0], [124067.5, 720.0], [124070.0, 2420.0], [124075.0, 1600.0]]}}}
{"jsonrpc": "2.0", "method": "subscription", "params": {"channel": "book.BTC-10OCT25.none.20.100ms", "data": {"timestamp": 1759955162196, "change_id": 120640711803, "instrument_name": "BTC-10OCT25", "bids": [[123742.5, 24000.0], [123740.0, 11520.0], [123735.0, 3800.0], [123732.5, 9800.0], [123730.0, 2920.0], [123727.5, 1130.0], [123725.0, 14110.0], [123722.5, 34380.0], [123720.0, 160.0], [123717.5, 13020.0], [123715.0, 64550.0], [123712.5, 34380.0], [123710.0, 29740.0], [123707.5, 24740.0], [123700.0, 3800.0], [123697.5, 5860.0], [123690.0, 1750.0], [123687.5, 3000.0], [123685.0, 9120.0], [123682.5, 16100.0]], "asks": [[123745.0, 13000.0], [123747.5, 31470.0], [123752.5, 56400.0], [123755.0, 44000.0], [123757.5, 1010.0], [123760.0, 2860.0], [123762.5, 10260.0], [123765.0, 34380.0], [123770.0, 1520.0], [123775.0, 5090.0], [123777.5, 37280.0], [123780.0, 10.0], [123785.0, 10000.0], [123797.5, 2880.0], [123800.0, 3800.0], [123802.5, 20.0], [123810.0, 2920.0], [123830.0, 16440.0], [123835.0, 2850.0], [123842.5, 32500.0]]}}}
{"jsonrpc": "2.0", "method": "subscription", "params": {"channel": "book.BTC-17OCT25.none.20.100ms", "data": {"timestamp": 1759955162147, "change_id": 120640711761, "instrument_name": "BTC-17OCT25", "bids": [[123985.0, 7710.0], [123982.5, 19510.0], [123980.0, 18250.0], [123977.5, 56800.0], [123975.0, 10330.0], [123972.5, 34590.0], [123967.5, 12790.0], [123965.0, 34590.0], [123962.5, 14220.0], [123960.0, 54330.0], [123955.0, 34590.0], [123952.5, 720.0], [123950.0, 2420.0], [123945.0, 1210.0], [123942.5, 4060.0], [123927.5, 730.0], [123925.0, 2440.0], [123922.5, 4770.0], [123920.0, 15990.0], [123917.5, 1160.0]], "asks": [[123987.5, 9510.0], [123990.0, 29670.0], [123992.5, 65940.0], [123995.0, 55930.0], [123997.5, 38490.0], [124005.0, 11050.0], [124007.5, 47020.0], [124012.5, 600.0], [124015.0, 13450.0], [124017.5, 34590.0], [124020.0, 2460.0], [124022.5, 1160.0], [124025.0, 3900.0], [124037.5, 720.0], [124040.0, 2410.0], [124055.0, 710.0], [124057.5, 2390.0], [124067.5, 720.0], [124070.0, 2420.0], [124075.0, 1600.0]]}}}
{"jsonrpc": "2.0", "method": "subscription", "params": {"channel": "book.BTC-10OCT25.none.20.100ms", "data": {"timestamp": 1759955162574, "change_id": 120640712532, "instrument_name": "BTC-10OCT25", "bids": [[123742.5, 17190.0], [123740.0, 11520.0], [123735.0, 3800.0], [123732.5, 9800.0], [123730.0, 2920.0], [123727.5, 1130.0], [123725.0, 14110.0], [123722.5, 34380.0], [123720.0, 160.0], [123717.5, 13020.0], [123715.0, 64550.0], [123712.5, 34380.0], [123710.0, 29740.0], [123707.5, 24740.0], [123700.0, 3800.0], [123697.5, 5860.0], [123690.0, 1750.0], [123687.5, 3000.0], [123685.0, 9120.0], [123682.5, 16100.0]], "asks": [[123745.0, 13000.0], [123747.5, 31470.0], [123752.5, 50000.0], [123755.0, 44000.0], [123757.5, 1010.0], [123760.0, 2860.0], [123762.5, 10260.0], [123765.0, 34380.0], [123770.0, 1520.0], [123775.0, 5090.0], [123777.5, 47280.0], [123780.0, 10.0], [123797.5, 2880.0], [123800.0, 3800.0], [123802.5, 20.0], [123810.0, 2920.0], [123830.0, 16440.0], [123835.0, 2850.0], [123842.5, 32500.0], [123862.5, 2850.0]]}}}
{"jsonrpc": "2.0", "method": "subscription", "params": {"channel": "book.BTC-17OCT25.none.20.100ms", "data": {"timestamp": 1759955162296, "change_id": 120640711856, "instrument_name": "BTC-17OCT25", "bids": [[123985.0, 7710.0], [123982.5, 19510.0], [123980.0, 18250.0], [123977.5, 56800.0], [123975.0, 10330.0], [123972.5, 34590.0], [123967.5, 12790.0], [123965.0, 34590.0], [123962.5, 14220.0], [123960.0, 54330.0], [123955.0, 34590.0], [123952.5, 720.0], [123950.0, 2420.0], [123945.0, 1210.0], [123942.5, 4060.0], [123927.5, 730.0], [123925.0, 2440.0], [123922.5, 4770.0], [123920.0, 15990.0], [123917.5, 1160.0]], "asks": [[123987.5, 9510.0], [123990.0, 29670.0], [123992.5, 65940.0], [123995.0, 55930.0], [123997.5, 38490.0], [124000.0, 10000.0], [124005.0, 11050.0], [124007.5, 37020.0], [124012.5, 600.0], [124015.0, 13450.0], [124017.5, 34590.0], [124020.0, 2460.0], [124022.5, 1160.0], [124025.0, 3900.0], [124037.5, 720.0], [124040.0, 2410.0], [124055.0, 710.0], [124057.5, 2390.0], [124067.5, 720.0], [124070.0, 2420.0]]}}}
{"jsonrpc": "2.0", "method": "subscription", "params": {"channel": "book.BTC-10OCT25.none.20.100ms", "data": {"timestamp": 1759955162932, "change_id": 120640712757, "instrument_name": "BTC-10OCT25", "bids": [[123742.5, 20990.0], [123740.0, 11520.0], [123735.0, 3800.0], [123732.5, 9800.0], [123730.0, 2920.0], [123727.5, 1130.0], [123725.0, 14110.0], [123722.5, 34380.0], [123720.0, 160.0], [123717.5, 13020.0], [123715.0, 64550.0], [123712.5, 34380.0], [123710.0, 29740.0], [123707.5, 24740.0], [123700.0, 3800.0], [123697.5, 5860.0], [123690.0, 1750.0], [123687.5, 3000.0], [123685.0, 9120.0], [123682.5, 16100.0]], "asks": [[123745.0, 13000.0], [123747.5, 31470.0], [123752.5, 50000.0], [123755.0, 44000.0], [123757.5, 1010.0], [123760.0, 2860.0], [123762.5, 10260.0], [123765.0, 34380.0], [123770.0, 1520.0], [123775.0, 5090.0], [123777.5, 47280.0], [123780.0, 10.0], [123797.5, 2880.0], [123800.0, 3800.0], [123802.5, 20.0], [123810.0, 2920.0], [123830.0, 16440.0], [123835.0, 2850.0], [123842.5, 32500.0], [123862.5, 2850.0]]}}}
{"jsonrpc": "2.0", "method": "subscription", "params": {"channel": "book.BTC-10OCT25.none.20.100ms", "data": {"timestamp": 1759955163163, "change_id": 120640713121, "instrument_name": "BTC-10OCT25", "bids": [[123742.5, 17190.0], [123740.0, 11520.0], [123735.0, 3800.0], [123732.5, 9800.0], [123730.0, 2920.0], [123727.5, 1130.0], [123725.0, 14110.0], [123722.5, 34380.0], [123720.0, 160.0], [123717.5, 13020.0], [123715.0, 64550.0], [123712.5, 34380.0], [123710.0, 37120.0], [123707.5, 24740.0], [123700.0, 3800.0], [123697.5, 5860.0], [123690.0, 1750.0], [123687.5, 3000.0], [123685.0, 9120.0], [123682.5, 16100.0]], "asks": [[123745.0, 13000.0], [123747.5, 31470.0], [123752.5, 50000.0], [123755.0, 44000.0], [123757.5, 1010.0], [123760.0, 2860.0], [123762.5, 10260.0], [123765.0, 34380.0], [123770.0, 1520.0], [123775.0, 19210.0], [123777.5, 47280.0], [123780.0, 10.0], [123797.5, 2880.0], [123800.0, 3800.0], [123802.5, 20.0], [123807.5, 870.0], [123810.0, 2920.0], [123830.0, 16440.0], [123835.0, 2850.0], [123840.0, 9700.0]]}}}
{"jsonrpc": "2.0", "method": "subscription", "params": {"channel": "book.BTC-10OCT25.none.20.100ms", "data": {"timestamp": 1759955163321, "change_id": 120640713306, "instrument_name": "BTC-10OCT25", "bids": [[123742.5, 17190.0], [123740.0, 11520.0], [123735.0, 3800.0], [123732.5, 9800.0], [123730.0, 2920.0], [123727.5, 1130.0], [123725.0, 14110.0], [123722.5, 34380.0], [123720.0, 160.0], [123717.5, 13020.0], [123715.0, 64550.0], [123712.5, 34380.0], [123710.0, 37120.0], [123707.5, 24740.0], [123700.0, 3800.0], [123697.5, 5860.0], [123690.0, 1750.0], [123687.5, 3000.0], [123685.0, 9120.0], [123682.5, 16100.0]], "asks": [[123745.0, 57000.0], [123747.5, 24440.0], [123750.0, 50000.0], [123757.5, 1010.0], [123760.0, 2860.0], [123762.5, 10260.0], [123765.0, 34380.0], [123770.0, 1520.0], [123775.0, 19210.0], [123777.5, 47280.0], [123780.0, 10.0], [123797.5, 2880.0], [123800.0, 3800.0], [123802.5, 20.0], [123807.5, 870.0], [123810.0, 2920.0], [123830.0, 16440.0], [123835.0, 2850.0], [123840.0, 9700.0], [123842.5, 32500.0]]}}}
{"jsonrpc": "2.0", "method": "subscription", "params": {"channel": "book.BTC-17OCT25.none.20.100ms", "data": {"timestamp": 1759955163313, "change_id": 120640713295, "instrument_name": "BTC-17OCT25", "bids": [[123985.0, 7710.0], [123982.5, 19510.0], [123980.0, 18250.0], [123977.5, 56800.0], [123975.0, 10330.0], [123972.5, 34590.0], [123967.5, 12790.0], [123965.0, 34590.0], [123962.5, 14220.0], [123960.0, 54330.0], [123955.0, 34590.0], [123952.5, 720.0], [123950.0, 2420.0], [123945.0, 1210.0], [123942.5, 4060.0], [123927.5, 730.0], [123925.0, 2440.0], [123922.5, 4770.0], [123920.0, 15990.0], [123917.5, 1160.0]], "asks": [[123987.5, 9510.0], [123990.0, 29670.0], [123992.5, 65940.0], [123995.0, 55930.0], [123997.5, 38490.0], [124000.0, 10000.0], [124005.0, 11050.0], [124007.5, 37020.0], [124012.5, 600.0], [124015.0, 13450.0], [124017.5, 34590.0], [124020.0, 2460.0], [124022.5, 1160.0], [124025.0, 3900.0], [124037.5, 720.0], [124040.0, 2410.0], [124055.0, 710.0], [124057.5, 2390.0], [124067.5, 720.0], [124070.0, 2420.0]]}}}
{"jsonrpc": "2.0", "method": "subscription", "params": {"channel": "book.BTC-17OCT25.none.20.100ms", "data": {"timestamp": 1759955163955, "change_id": 120640714258, "instrument_name": "BTC-17OCT25", "bids": [[123985.0, 9470.0], [123982.5, 19510.0], [123980.0, 18250.0], [123977.5, 56800.0], [123975.0, 10330.0], [123972.5, 34590.0], [123967.5, 12790.0], [123965.0, 34590.0], [123962.5, 14220.0], [123960.0, 54330.0], [123955.0, 34590.0], [123952.5, 720.0], [123950.0, 2420.0], [123945.0, 1210.0], [123942.5, 4060.0], [123927.5, 730.0], [123925.0, 2440.0], [123922.5, 4770.0], [123920.0, 15990.0], [123917.5, 1160.0]], "asks": [[123987.5, 14210.0], [123990.0, 29670.0], [123992.5, 65940.0], [123995.0, 55930.0], [123997.5, 38490.0], [124000.0, 10000.0], [124005.0, 11050.0], [124007.5, 37020.0], [124012.5, 600.0], [124015.0, 13450.0], [124017.5, 34590.0], [124020.0, 2460.0], [124022.5, 1160.0], [124025.0, 3900.0], [124037.5, 720.0], [124040.0, 2410.0], [124055.0, 710.0], [124057.5, 2390.0], [124067.5, 720.0], [124070.0, 2420.0]]}}}
{"jsonrpc": "2.0", "method": "subscription", "params": {"channel": "book.BTC-17OCT25.none.20.100ms", "data": {"timestamp": 1759955164409, "change_id": 120640714736, "instrument_name": "BTC-17OCT25", "bids": [[123985.0, 6460.0], [123982.5, 20670.0], [123980.0, 22150.0], [123977.5, 56800.0], [123975.0, 10330.0], [123972.5, 34590.0], [123967.5, 12790.0], [123965.0, 34590.0], [123962.5, 14220.0], [123960.0, 54330.0], [123955.0, 34590.0], [123952.5, 720.0], [123950.0, 2420.0], [123945.0, 1210.0], [123942.5, 4060.0], [123927.5, 730.0], [123925.0, 2440.0], [123922.5, 4770.0], [123920.0, 15990.0], [123917.5, 1160.0]], "asks": [[123987.5, 14210.0], [123990.0, 29670.0], [123992.5, 65940.0], [123995.0, 55930.0], [123997.5, 38490.0], [124000.0, 10000.0], [124005.0, 11050.0], [124007.5, 37020.0], [124012.5, 600.0], [124015.0, 13450.0], [124017.5, 34590.0], [124020.0, 2460.0], [124022.5, 1160.0], [124025.0, 3900.0], [124037.5, 720.0], [124040.0, 2410.0], [124055.0, 710.0], [124057.5, 2390.0], [124067.5, 720.0], [124070.0, 2420.0]]}}}
{"jsonrpc": "2.0", "method": "subscription", "params": {"channel": "book.BTC-10OCT25.none.20.100ms", "data": {"timestamp": 1759955164913, "change_id": 120640715387, "instrument_name": "BTC-10OCT25", "bids": [[123742.5, 17190.0], [123740.0, 11520.0], [123735.0, 3800.0], [123732.5, 9800.0], [123730.0, 4950.0], [123727.5, 3000.0], [123725.0, 14110.0], [123722.5, 34380.0], [123720.0, 160.0], [123717.5, 13020.0], [123715.0, 64550.0], [123712.5, 34380.0], [123710.0, 37120.0], [123707.5, 24740.0], [123700.0, 5550.0], [123697.5, 5860.0], [123690.0, 1750.0], [123687.5, 3000.0], [123685.0, 9120.0], [123682.5, 16100.0]], "asks": [[123745.0, 57000.0], [123747.5, 24440.0], [123750.0, 50000.0], [123757.5, 1010.0], [123760.0, 2860.0], [123762.5, 10260.0], [123765.0, 34380.0], [123770.0, 1520.0], [123775.0, 19210.0], [123777.5, 47280.0], [123780.0, 10.0], [123795.0, 1990.0], [123797.5, 2880.0], [123800.0, 3800.0], [123802.5, 20.0], [123807.5, 870.0], [123810.0, 2920.0], [123827.5, 4910.0], [123830.0, 16440.0], [123835.0, 2850.0]]}}}
{"jsonrpc": "2.0", "method": "subscription", "params": {"channel": "book.BTC-17OCT25.none.20.100ms", "data": {"timestamp": 1759955165585, "change_id": 120640716399, "instrument_name": "BTC-17OCT25", "bids": [[123985.0, 6460.0], [123982.5, 20670.0], [123980.0, 22150.0], [123977.5, 56800.0], [123975.0, 10330.0], [123972.5, 34590.0], [123967.5, 12790.0], [123965.0, 34590.0], [123962.5, 14220.0], [123960.0, 54330.0], [123955.0, 34590.0], [123952.5, 720.0], [123950.0, 2420.0], [123945.0, 1210.0], [123942.5, 4060.0], [123927.5, 730.0], [123925.0, 2440.0], [123922.5, 4770.0], [123920.0, 15990.0], [123917.5, 1160.0]], "asks": [[123987.5, 14210.0], [123990.0, 29670.0], [123992.5, 65940.0], [123995.0, 55930.0], [123997.5, 38490.0], [124000.0, 10000.0], [124005.0, 11050.0], [124007.5, 37020.0], [124012.5, 600.0], [124015.0, 13450.0], [124017.5, 34590.0], [124020.0, 2460.0], [124022.5, 1160.0], [124025.0, 3900.0], [124037.5, 720.0], [124040.0, 2410.0], [124055.0, 710.0], [124057.5, 2390.0], [124067.5, 720.0], [124070.0, 2420.0]]}}}
{"jsonrpc": "2.0", "method": "subscription", "params": {"channel": "book.BTC-10OCT25.none.20.100ms", "data": {"timestamp": 1759955165835, "change_id": 120640716565, "instrument_name": "BTC-10OCT25", "bids": [[123742.5, 17190.0], [123740.0, 11520.0], [123735.0, 3800.0], [123732.5, 9800.0], [123730.0, 4950.0], [123727.5, 3000.0], [123725.0, 14110.0], [123722.5, 34380.0], [123720.0, 160.0], [123717.5, 13020.0], [123715.0, 64550.0], [123712.5, 34380.0], [123710.0, 37120.0], [123707.5, 24740.0], [123700.0, 5550.0], [123697.5, 5860.0], [123692.5, 12170.0], [123690.0, 1750.0], [123687.5, 3000.0], [123685.0, 9120.0]], "asks": [[123745.0, 57000.0], [123747.5, 24440.0], [123750.0, 50000.0], [123757.5, 1010.0], [123760.0, 2860.0], [123762.5, 10260.0], [123765.0, 34380.0], [123770.0, 1520.0], [123775.0, 19210.0], [123777.5, 47280.0], [123780.0, 10.0], [123795.0, 1990.0], [123797.5, 2880.0], [123800.0, 3800.0], [123802.5, 20.0], [123807.5, 870.0], [123810.0, 2920.0], [123827.5, 4910.0], [123830.0, 16440.0], [123835.0, 2850.0]]}}}
{"jsonrpc": "2.0", "method": "subscription", "params": {"channel": "book.BTC-10OCT25.none.20.100ms", "data": {"timestamp": 1759955166406, "change_id": 120640716978, "instrument_name": "BTC-10OCT25", "bids": [[123742.5, 17190.0], [123740.0, 11520.0], [123735.0, 3800.0], [123732.5, 9800.0], [123730.0, 4050.0], [123725.0, 14110.0], [123722.5, 34380.0], [123720.0, 160.0], [123717.5, 13020.0], [123715.0, 64550.0], [123712.5, 34380.0], [123710.0, 37120.0], [123707.5, 24740.0], [123700.0, 5550.0], [123697.5, 5860.0], [123695.0, 3640.0], [123692.5, 12170.0], [123690.0, 1750.0], [123687.5, 3000.0], [123685.0, 9120.0]], "asks": [[123745.0, 57000.0], [123747.5, 24440.0], [123750.0, 50000.0], [123757.5, 1010.0], [123760.0, 2860.0], [123762.5, 10260.0], [123765.0, 34380.0], [123770.0, 1520.0], [123775.0, 19210.0], [123777.5, 47280.0], [123780.0, 10.0], [123795.0, 1990.0], [123797.5, 2880.0], [123800.0, 3800.0], [123802.5, 20.0], [123807.5, 870.0], [123810.0, 2920.0], [123827.5, 4910.0], [123830.0, 16440.0], [123832.5, 850.0]]}}}
{"jsonrpc": "2.0", "method": "subscription", "params": {"channel": "book.BTC-10OCT25.none.20.100ms", "data": {"timestamp": 1759955166888, "change_id": 120640717656, "instrument_name": "BTC-10OCT25", "bids": [[123742.5, 17190.0], [123740.0, 11520.0], [123735.0, 3800.0], [123732.5, 9800.0], [123730.0, 4780.0], [123727.5, 2900.0], [123725.0, 14110.0], [123722.5, 34380.0], [123720.0, 160.0], [123717.5, 13020.0], [123715.0, 64550.0], [123712.5, 34380.0], [123710.0, 37120.0], [123707.5, 24740.0], [123700.0, 5550.0], [123697.5, 5860.0], [123695.0, 3640.0], [123692.5, 12170.0], [123690.0, 1750.0], [123687.5, 3000.0]], "asks": [[123745.0, 57000.0], [123747.5, 24440.0], [123750.0, 50000.0], [123757.5, 1010.0], [123760.0, 2860.0], [123762.5, 10260.0], [123765.0, 34380.0], [123770.0, 1520.0], [123775.0, 19210.0], [123777.5, 47280.0], [123780.0, 10.0], [123795.0, 1990.0], [123797.5, 2880.0], [123800.0, 3800.0], [123802.5, 20.0], [123807.5, 870.0], [123810.0, 2920.0], [123827.5, 4910.0], [123830.0, 16440.0], [123832.5, 850.0]]}}}
{"jsonrpc": "2.0", "method": "subscription", "params": {"channel": "book.BTC-10OCT25.none.20.100ms", "data": {"timestamp": 1759955167877, "change_id": 120640718833, "instrument_name": "BTC-10OCT25", "bids": [[123742.5, 17190.0], [123740.0, 11520.0], [123735.0, 870.0], [123730.0, 6840.0], [123727.5, 9800.0], [123725.0, 14110.0], [123722.5, 34380.0], [123720.0, 160.0], [123717.5, 13020.0], [123715.0, 64550.0], [123712.5, 34380.0], [123710.0, 37120.0], [123707.5, 24740.0], [123702.5, 1130.0], [123700.0, 5550.0], [123697.5, 5860.0], [123695.0, 3640.0], [123692.5, 12170.0], [123690.0, 1750.0], [123687.5, 3000.0]], "asks": [[123745.0, 57000.0], [123747.5, 24440.0], [123750.0, 50000.0], [123757.5, 1010.0], [123760.0, 2860.0], [123762.5, 10260.0], [123765.0, 34380.0], [123770.0, 1520.0], [123775.0, 19210.0], [123777.5, 47280.0], [123780.0, 10.0], [123795.0, 1990.0], [123797.5, 2880.0], [123800.0, 3800.0], [123802.5, 20.0], [123807.5, 870.0], [123810.0, 2920.0], [123827.5, 4910.0], [123830.0, 16440.0], [123832.5, 850.0]]}}}
{"jsonrpc": "2.0", "method": "subscription", "params": {"channel": "book.BTC-17OCT25.none.20.100ms", "data": {"timestamp": 1759955167908, "change_id": 120640718893, "instrument_name": "BTC-17OCT25", "bids": [[123985.0, 5340.0], [123982.5, 10670.0], [123980.0, 22150.0], [123977.5, 56800.0], [123975.0, 10330.0], [123972.5, 44590.0], [123967.5, 12790.0], [123965.0, 34590.0], [123962.5, 14220.0], [123960.0, 54330.0], [123955.0, 34590.0], [123952.5, 720.0], [123950.0, 2420.0], [123945.0, 1210.0], [123942.5, 4060.0], [123927.5, 730.0], [123925.0, 2440.0], [123922.5, 4770.0], [123920.0, 15990.0], [123917.5, 1160.0]], "asks": [[123987.5, 16310.0], [123990.0, 35970.0], [123992.5, 65940.0], [123995.0, 55930.0], [123997.5, 38490.0], [124000.0, 10000.0], [124005.0, 11050.0], [124007.5, 37020.0], [124012.5, 600.0], [124015.0, 13450.0], [124017.5, 34590.0], [124020.0, 2460.0], [124022.5, 1160.0], [124025.0, 3900.0], [124037.5, 720.0], [124040.0, 2410.0], [124055.0, 710.0], [124057.5, 2390.0], [124067.5, 720.0], [124070.0, 2420.0]]}}}
{"jsonrpc": "2.0", "method": "subscription", "params": {"channel": "book.BTC-10OCT25.none.20.100ms", "data": {"timestamp": 1759955168176, "change_id": 120640719238, "instrument_name": "BTC-10OCT25", "bids": [[123742.5, 17190.0], [123740.0, 11520.0], [123735.0, 870.0], [123730.0, 6840.0], [123727.5, 9800.0], [123725.0, 14110.0], [123722.5, 34380.0], [123720.0, 160.0], [123717.5, 13020.0], [123715.0, 64550.0], [123712.5, 34380.0], [123710.0, 37120.0], [123707.5, 24740.0], [123702.5, 1130.0], [123700.0, 5550.0], [123697.5, 5860.0], [123695.0, 3640.0], [123692.5, 12170.0], [123690.0, 1750.0], [123687.5, 3000.0]], "asks": [[123745.0, 57000.0], [123747.5, 24440.0], [123750.0, 50000.0], [123757.5, 1010.0], [123760.0, 2860.0], [123762.5, 10260.0], [123765.0, 34380.0], [123767.5, 2990.0], [123770.0, 11520.0], [123775.0, 19210.0], [123777.5, 37280.0], [123780.0, 10.0], [123795.0, 1990.0], [123797.5, 2880.0], [123800.0, 3800.0], [123802.5, 20.0], [123807.5, 870.0], [123810.0, 2920.0], [123827.5, 4910.0], [123830.0, 16440.0]]}}}
{"jsonrpc": "2.0", "method": "subscription", "params": {"channel": "book.BTC-17OCT25.none.20.100ms", "data": {"timestamp": 1759955167974, "change_id": 120640719102, "instrument_name": "BTC-17OCT25", "bids": [[123985.0, 5340.0], [123982.5, 10670.0], [123980.0, 22150.0], [123977.5, 56800.0], [123975.0, 10330.0], [123972.5, 44590.0], [123967.5, 12790.0], [123965.0, 34590.0], [123962.5, 14220.0], [123960.0, 54330.0], [123955.0, 34590.0], [123952.5, 720.0], [123950.0, 2420.0], [123945.0, 1210.0], [123942.5, 4060.0], [123927.5, 730.0], [123925.0, 2440.0], [123922.5, 4770.0], [123920.0, 15990.0], [123917.5, 1160.0]], "asks": [[123987.5, 16310.0], [123990.0, 35970.0], [123992.5, 75940.0], [123995.0, 55930.0], [123997.5, 38490.0], [124005.0, 11050.0], [124007.5, 37020.0], [124012.5, 600.0], [124015.0, 13450.0], [124017.5, 34590.0], [124020.0, 2460.0], [124022.5, 1160.0], [124025.0, 3900.0], [124037.5, 720.0], [124040.0, 2410.0], [124055.0, 710.0], [124057.5, 2390.0], [124067.5, 720.0], [124070.0, 2420.0], [124075.0, 1600.0]]}}}
{"jsonrpc": "2.0", "method": "subscription", "params": {"channel": "book.BTC-10OCT25.none.20.100ms", "data": {"timestamp": 1759955168409, "change_id": 120640719375, "instrument_name": "BTC-10OCT25", "bids": [[123742.5, 17190.0], [123740.0, 11520.0], [123735.0, 870.0], [123730.0, 6840.0], [123727.5, 9800.0], [123725.0, 14110.0], [123722.5, 34380.0], [123720.0, 160.0], [123717.5, 13020.0], [123715.0, 64550.0], [123712.5, 34380.0], [123710.0, 37120.0], [123707.5, 24740.0], [123702.5, 1130.0], [123700.0, 5550.0], [123697.5, 5860.0], [123695.0, 3640.0], [123692.5, 12170.0], [123690.0, 1750.0], [123687.5, 3000.0]], "asks": [[123745.0, 57000.0], [123747.5, 24440.0], [123750.0, 50000.0], [123757.5, 1010.0], [123760.0, 2860.0], [123762.5, 10260.0], [123765.0, 34380.0], [123767.5, 2990.0], [123770.0, 11520.0], [123775.0, 19210.0], [123777.5, 37280.0], [123780.0, 10.0], [123795.0, 1990.0], [123797.5, 2880.0], [123800.0, 3800.0], [123802.5, 20.0], [123807.5, 870.0], [123810.0, 2920.0], [123832.5, 850.0], [123835.0, 2850.0]]}}}
{"jsonrpc": "2.0", "method": "subscription", "params": {"channel": "book.BTC-10OCT25.none.20.100ms", "data": {"timestamp": 1759955168867, "change_id": 120640720064, "instrument_name": "BTC-10OCT25", "bids": [[123742.5, 17190.0], [123740.0, 11520.0], [123735.0, 1720.0], [123732.5, 3200.0], [123730.0, 6840.0], [123727.5, 9800.0], [123725.0, 14110.0], [123722.5, 34380.0], [123720.0, 160.0], [123717.5, 13020.0], [123715.0, 64550.0], [123712.5, 34380.0], [123710.0, 37120.0], [123707.5, 24740.0], [123702.5, 1130.0], [123700.0, 5550.0], [123697.5, 5860.0], [123695.0, 3640.0], [123692.5, 12170.0], [123690.0, 1750.0]], "asks": [[123745.0, 57000.0], [123747.5, 24440.0], [123750.0, 50000.0], [123757.5, 1010.0], [123760.0, 2860.0], [123762.5, 10260.0], [123765.0, 34380.0], [123767.5, 2990.0], [123770.0, 11520.0], [123775.0, 19210.0], [123777.5, 37280.0], [123780.0, 10.0], [123795.0, 1990.0], [123797.5, 2880.0], [123800.0, 3800.0], [123802.5, 20.0], [123807.5, 870.0], [123810.0, 2920.0], [123832.5, 850.0], [123835.0, 2850.0]]}}}
{"jsonrpc": "2.0", "method": "subscription", "params": {"channel": "book.BTC-10OCT25.none.20.100ms", "data": {"timestamp": 1759955170390, "change_id": 120640721868, "instrument_name": "BTC-10OCT25", "bids": [[123742.5, 13390.0], [123740.0, 15320.0], [123735.0, 870.0], [123730.0, 4050.0], [123725.0, 14110.0], [123722.5, 34380.0], [123720.0, 160.0], [123717.5, 13020.0], [123715.0, 64550.0], [123712.5, 34380.0], [123710.0, 37120.0], [123707.5, 24740.0], [123702.5, 1130.0], [123700.0, 5550.0], [123697.5, 5860.0], [123695.0, 3640.0], [123692.5, 12170.0], [123690.0, 1750.0], [123687.5, 3000.0], [123685.0, 9120.0]], "asks": [[123745.0, 57000.0], [123747.5, 24440.0], [123750.0, 50000.0], [123757.5, 1010.0], [123760.0, 2860.0], [123762.5, 10260.0], [123765.0, 34380.0], [123767.5, 2990.0], [123770.0, 11520.0], [123775.0, 19210.0], [123777.5, 37280.0], [123780.0, 10.0], [123795.0, 1990.0], [123797.5, 2880.0], [123800.0, 3800.0], [123802.5, 20.0], [123807.5, 870.0], [123810.0, 2920.0], [123832.5, 850.0], [123835.0, 2850.0]]}}}
{"jsonrpc": "2.0", "method": "subscription", "params": {"channel": "book.BTC-17OCT25.none.20.100ms", "data": {"timestamp": 1759955170538, "change_id": 120640721888, "instrument_name": "BTC-17OCT25", "bids": [[123985.0, 4900.0], [123982.5, 10670.0], [123980.0, 22150.0], [123977.5, 56800.0], [123975.0, 10330.0], [123972.5, 44590.0], [123967.5, 12790.0], [123965.0, 34590.0], [123962.5, 14220.0], [123960.0, 54330.0], [123955.0, 34590.0], [123952.5, 720.0], [123950.0, 2420.0], [123945.0, 1210.0], [123942.5, 4060.0], [123927.5, 730.0], [123925.0, 2440.0], [123922.5, 4770.0], [123920.0, 15990.0], [123917.5, 1160.0]], "asks": [[123987.5, 16250.0], [123990.0, 67490.0], [123992.5, 60000.0], [123995.0, 55930.0], [123997.5, 38490.0], [124005.0, 11050.0], [124007.5, 37020.0], [124012.5, 600.0], [124015.0, 13450.0], [124017.5, 34590.0], [124020.0, 2460.0], [124022.5, 1160.0], [124025.0, 3900.0], [124037.5, 720.0], [124040.0, 2410.0], [124055.0, 710.0], [124057.5, 2390.0], [124067.5, 720.0], [124070.0, 2420.0], [124075.0, 1600.0]]}}}
{"jsonrpc": "2.0", "method": "subscription", "params": {"channel": "book.BTC-10OCT25.none.20.100ms", "data": {"timestamp": 1759955170843, "change_id": 120640722402, "instrument_name": "BTC-10OCT25", "bids": [[123742.5, 13390.0], [123740.0, 15320.0], [123735.0, 870.0], [123730.0, 6780.0], [123727.5, 9600.0], [123725.0, 14110.0], [123722.5, 34380.0], [123720.0, 160.0], [123717.5, 13020.0], [123715.0, 64550.0], [123712.5, 34380.0], [123710.0, 37120.0], [123707.5, 24740.0], [123702.5, 1130.0], [123700.0, 5550.0], [123697.5, 5860.0], [123695.0, 3640.0], [123692.5, 12170.0], [123690.0, 1750.0], [123687.5, 3000.0]], "asks": [[123745.0, 57000.0], [123747.5, 24440.0], [123750.0, 50000.0], [123757.5, 1010.0], [123760.0, 2860.0], [123762.5, 10260.0], [123765.0, 34380.0], [123767.5, 2990.0], [123770.0, 11520.0], [123775.0, 19210.0], [123777.5, 37280.0], [123780.0, 10.0], [123795.0, 1990.0], [123797.5, 2880.0], [123800.0, 3800.0], [123802.5, 20.0], [123807.5, 870.0], [123810.0, 2920.0], [123832.5, 850.0], [123835.0, 2850.0]]}}}
{"jsonrpc": "2.0", "method": "subscription", "params": {"channel": "book.BTC-17OCT25.none.20.100ms", "data": {"timestamp": 1759955172244, "change_id": 120640723918, "instrument_name": "BTC-17OCT25", "bids": [[123985.0, 4870.0], [123982.5, 3850.0], [123980.0, 31660.0], [123977.5, 56800.0], [123975.0, 10330.0], [123972.5, 44590.0], [123967.5, 12790.0], [123965.0, 34590.0], [123962.5, 14220.0], [123960.0, 54330.0], [123955.0, 34590.0], [123952.5, 720.0], [123950.0, 2420.0], [123945.0, 1210.0], [123942.5, 4060.0], [123927.5, 730.0], [123925.0, 2440.0], [123922.5, 4770.0], [123920.0, 15990.0], [123917.5, 1160.0]], "asks": [[123987.5, 45760.0], [123990.0, 37980.0], [123992.5, 60000.0], [123995.0, 55930.0], [123997.5, 38490.0], [124005.0, 11050.0], [124007.5, 37020.0], [124012.5, 600.0], [124015.0, 13450.0], [124017.5, 34590.0], [124020.0, 2460.0], [124022.5, 1160.0], [124025.0, 3900.0], [124037.5, 720.0], [124040.0, 2410.0], [124055.0, 710.0], [124057.5, 2390.0], [124067.5, 720.0], [124070.0, 2420.0], [124075.0, 1600.0]]}}}
{"jsonrpc": "2.0", "method": "subscription", "params": {"channel": "book.BTC-10OCT25.none.20.100ms", "data": {"timestamp": 1759955172840, "change_id": 120640724817, "instrument_name": "BTC-10OCT25", "bids": [[123742.5, 13390.0], [123740.0, 5810.0], [123735.0, 870.0], [123730.0, 4050.0], [123725.0, 14110.0], [123722.5, 34380.0], [123720.0, 160.0], [123717.5, 13020.0], [123715.0, 64550.0], [123712.5, 34380.0], [123710.0, 37120.0], [123707.5, 24740.0], [123702.5, 1130.0], [123700.0, 5550.0], [123697.5, 5860.0], [123695.0, 3640.0], [123692.5, 12170.0], [123690.0, 1750.0], [123687.5, 3000.0], [123685.0, 9120.0]], "asks": [[123745.0, 57000.0], [123747.5, 24440.0], [123750.0, 53800.0], [123757.5, 1010.0], [123760.0, 2860.0], [123762.5, 10260.0], [123765.0, 34380.0], [123767.5, 2990.0], [123770.0, 11520.0], [123775.0, 19210.0], [123777.5, 37280.0], [123780.0, 10.0], [123795.0, 860.0], [123797.5, 2880.0], [123802.5, 20.0], [123807.5, 870.0], [123810.0, 2920.0], [123832.5, 850.0], [123835.0, 17310.0], [123837.5, 32500.0]]}}}
{"jsonrpc": "2.0", "method": "subscription", "params": {"channel": "book.BTC-17OCT25.none.20.100ms", "data": {"timestamp": 1759955172832, "change_id": 120640724761, "instrument_name": "BTC-17OCT25", "bids": [[123985.0, 4870.0], [123982.5, 1160.0], [123980.0, 22150.0], [123977.5, 56800.0], [123975.0, 10330.0], [123972.5, 44590.0], [123967.5, 12790.0], [123965.0, 34590.0], [123962.5, 14220.0], [123960.0, 54330.0], [123955.0, 34590.0], [123952.5, 720.0], [123950.0, 2420.0], [123945.0, 1210.0], [123942.5, 4060.0], [123927.5, 730.0], [123925.0, 2440.0], [123922.5, 4770.0], [123920.0, 15990.0], [123917.5, 1160.0]], "asks": [[123987.5, 45760.0], [123990.0, 37980.0], [123992.5, 60000.0], [123995.0, 55930.0], [123997.5, 38490.0], [124005.0, 11050.0], [124007.5, 37020.0], [124012.5, 600.0], [124015.0, 13450.0], [124017.5, 34590.0], [124020.0, 2460.0], [124022.5, 1160.0], [124025.0, 3900.0], [124037.5, 720.0], [124040.0, 2410.0], [124055.0, 710.0], [124057.5, 2390.0], [124067.5, 720.0], [124070.0, 2420.0], [124075.0, 1600.0]]}}}
{"jsonrpc": "2.0", "method": "subscription", "params": {"channel": "book.BTC-10OCT25.none.20.100ms", "data": {"timestamp": 1759955173003, "change_id": 120640725178, "instrument_name": "BTC-10OCT25", "bids": [[123742.5, 13390.0], [123740.0, 4850.0], [123737.5, 13310.0], [123732.5, 870.0], [123730.0, 4050.0], [123725.0, 14110.0], [123722.5, 34380.0], [123720.0, 160.0], [123717.5, 13020.0], [123715.0, 64550.0], [123712.5, 34380.0], [123710.0, 37120.0], [123707.5, 24740.0], [123702.5, 1130.0], [123700.0, 5550.0], [123697.5, 5860.0], [123695.0, 3640.0], [123692.5, 12170.0], [123690.0, 1750.0], [123687.5, 3000.0]], "asks": [[123745.0, 57000.0], [123747.5, 24440.0], [123750.0, 53800.0], [123757.5, 1010.0], [123760.0, 2860.0], [123762.5, 10260.0], [123765.0, 34380.0], [123767.5, 2990.0], [123770.0, 11520.0], [123775.0, 19210.0], [123777.5, 37280.0], [123780.0, 10.0], [123795.0, 860.0], [123797.5, 2880.0], [123802.5, 20.0], [123807.5, 870.0], [123810.0, 2920.0], [123832.5, 850.0], [123835.0, 17310.0], [123837.5, 32500.0]]}}}
{"jsonrpc": "2.0", "method": "subscription", "params": {"channel": "book.BTC-17OCT25.none.20.100ms", "data": {"timestamp": 1759955173006, "change_id": 120640725179, "instrument_name": "BTC-17OCT25", "bids": [[123985.0, 4870.0], [123980.0, 27760.0], [123977.5, 60700.0], [123975.0, 10330.0], [123972.5, 44590.0], [123967.5, 10330.0], [123965.0, 34590.0], [123962.5, 14220.0], [123960.0, 54330.0], [123955.0, 34590.0], [123952.5, 720.0], [123950.0, 2420.0], [123945.0, 1210.0], [123942.5, 4060.0], [123927.5, 730.0], [123925.0, 2440.0], [123922.5, 4770.0], [123920.0, 15990.0], [123917.5, 1160.0], [123915.0, 3900.0]], "asks": [[123987.5, 45760.0], [123990.0, 37980.0], [123992.5, 60000.0], [123995.0, 55930.0], [123997.5, 38490.0], [124005.0, 11050.0], [124007.5, 37020.0], [124012.5, 600.0], [124015.0, 13450.0], [124017.5, 34590.0], [124020.0, 2460.0], [124022.5, 1160.0], [124025.0, 3900.0], [124037.5, 720.0], [124040.0, 2410.0], [124055.0, 710.0], [124057.5, 2390.0], [124067.5, 720.0], [124070.0, 2420.0], [124075.0, 1600.0]]}}}
{"jsonrpc": "2.0", "method": "subscription", "params": {"channel": "book.BTC-10OCT25.none.20.100ms", "data": {"timestamp": 1759955173810, "change_id": 120640726124, "instrument_name": "BTC-10OCT25", "bids": [[123742.5, 13390.0], [123740.0, 4850.0], [123737.5, 13310.0], [123732.5, 870.0], [123730.0, 6420.0], [123727.5, 8400.0], [123725.0, 14110.0], [123722.5, 34380.0], [123720.0, 160.0], [123717.5, 13020.0], [123715.0, 64550.0], [123712.5, 34380.0], [123710.0, 37120.0], [123707.5, 24740.0], [123702.5, 1130.0], [123700.0, 5550.0], [123697.5, 5860.0], [123695.0, 3640.0], [123692.5, 12170.0], [123690.0, 1750.0]], "asks": [[123745.0, 57000.0], [123747.5, 24440.0], [123750.0, 53800.0], [123757.5, 1010.0], [123760.0, 2860.0], [123762.5, 10260.0], [123765.0, 34380.0], [123767.5, 2990.0], [123770.0, 11520.0], [123775.0, 19210.0], [123777.5, 37280.0], [123780.0, 10.0], [123795.0, 860.0], [123797.5, 2880.0], [123802.5, 20.0], [123807.5, 870.0], [123810.0, 2920.0], [123832.5, 850.0], [123835.0, 17310.0], [123837.5, 32500.0]]}}}
{"jsonrpc": "2.0", "method": "subscription", "params": {"channel": "book.BTC-17OCT25.none.20.100ms", "data": {"timestamp": 1759955178420, "change_id": 120640731170, "instrument_name": "BTC-17OCT25", "bids": [[123985.0, 4870.0], [123982.5, 2700.0], [123980.0, 27760.0], [123977.5, 60700.0], [123975.0, 10330.0], [123972.5, 44590.0], [123967.5, 10330.0], [123965.0, 34590.0], [123962.5, 14220.0], [123960.0, 54330.0], [123955.0, 34590.0], [123952.5, 720.0], [123950.0, 2420.0], [123945.0, 1210.0], [123942.5, 4060.0], [123927.5, 730.0], [123925.0, 2440.0], [123922.5, 4770.0], [123920.0, 15990.0], [123917.5, 1160.0]], "asks": [[123987.5, 45760.0], [123990.0, 37980.0], [123992.5, 60000.0], [123995.0, 55930.0], [123997.5, 38490.0], [124005.0, 11050.0], [124007.5, 37020.0], [124012.5, 600.0], [124015.0, 13450.0], [124017.5, 34590.0], [124020.0, 2460.0], [124022.5, 1160.0], [124025.0, 3900.0], [124037.5, 720.0], [124040.0, 2410.0], [124055.0, 710.0], [124057.5, 2390.0], [124067.5, 720.0], [124070.0, 2420.0], [124075.0, 1600.0]]}}}
{"jsonrpc": "2.0", "method": "subscription", "params": {"channel": "book.BTC-10OCT25.none.20.100ms", "data": {"timestamp": 1759955178735, "change_id": 120640731686, "instrument_name": "BTC-10OCT25", "bids": [[123742.5, 13390.0], [123740.0, 4850.0], [123737.5, 13310.0], [123732.5, 870.0], [123730.0, 6420.0], [123727.5, 8400.0], [123725.0, 14110.0], [123722.5, 34380.0], [123720.0, 160.0], [123717.5, 13020.0], [123715.0, 64550.0], [123712.5, 34380.0], [123710.0, 37120.0], [123707.5, 24740.0], [123702.5, 1130.0], [123700.0, 5550.0], [123697.5, 5860.0], [123695.0, 3640.0], [123692.5, 12170.0], [123690.0, 1750.0]], "asks": [[123745.0, 53200.0], [123747.5, 24440.0], [123750.0, 50000.0], [123757.5, 1010.0], [123760.0, 2860.0], [123762.5, 10260.0], [123765.0, 34380.0], [123767.5, 2990.0], [123770.0, 11520.0], [123775.0, 19210.0], [123777.5, 37280.0], [123780.0, 10.0], [123795.0, 860.0], [123797.5, 2880.0], [123802.5, 20.0], [123807.5, 870.0], [123810.0, 2920.0], [123832.5, 850.0], [123835.0, 17310.0], [123837.5, 32500.0]]}}}
{"jsonrpc": "2.0", "method": "subscription", "params": {"channel": "book.BTC-17OCT25.none.20.100ms", "data": {"timestamp": 1759955178735, "change_id": 120640731687, "instrument_name": "BTC-17OCT25", "bids": [[123985.0, 4870.0], [123982.5, 2700.0], [123980.0, 27760.0], [123977.5, 60700.0], [123975.0, 10330.0], [123972.5, 44590.0], [123967.5, 10330.0], [123965.0, 34590.0], [123962.5, 14220.0], [123960.0, 54330.0], [123955.0, 34590.0], [123952.5, 720.0], [123950.0, 2420.0], [123945.0, 1210.0], [123942.5, 4060.0], [123927.5, 730.0], [123925.0, 2440.0], [123922.5, 4770.0], [123920.0, 15990.0], [123917.5, 1160.0]], "asks": [[123987.5, 41860.0], [123990.0, 37980.0], [123992.5, 60000.0], [123995.0, 55930.0], [123997.5, 38490.0], [124005.0, 11050.0], [124007.5, 37020.0], [124012.5, 600.0], [124015.0, 13450.0], [124017.5, 34590.0], [124020.0, 2460.0], [124022.5, 1160.0], [124025.0, 3900.0], [124037.5, 720.0], [124040.0, 2410.0], [124055.0, 710.0], [124057.5, 2390.0], [124067.5, 720.0], [124070.0, 2420.0], [124075.0, 1600.0]]}}}
{"jsonrpc": "2.0", "method": "subscription", "params": {"channel": "book.BTC-10OCT25.none.20.100ms", "data": {"timestamp": 1759955178858, "change_id": 120640731876, "instrument_name": "BTC-10OCT25", "bids": [[123742.5, 13390.0], [123740.0, 4850.0], [123737.5, 13310.0], [123732.5, 870.0], [123730.0, 6420.0], [123727.5, 8400.0], [123725.0, 14110.0], [123722.5, 34380.0], [123720.0, 160.0], [123717.5, 13020.0], [123715.0, 64550.0], [123712.5, 34380.0], [123710.0, 37120.0], [123707.5, 24740.0], [123702.5, 1130.0], [123700.0, 5550.0], [123697.5, 5860.0], [123695.0, 3640.0], [123692.5, 12170.0], [123690.0, 1750.0]], "asks": [[123745.0, 57000.0], [123747.5, 24440.0], [123750.0, 53800.0], [123757.5, 1010.0], [123760.0, 2860.0], [123762.5, 10260.0], [123765.0, 34380.0], [123767.5, 2990.0], [123770.0, 11520.0], [123775.0, 19210.0], [123777.5, 37280.0], [123780.0, 10.0], [123795.0, 860.0], [123797.5, 2880.0], [123802.5, 20.0], [123807.5, 870.0], [123810.0, 2920.0], [123832.5, 850.0], [123835.0, 17310.0], [123837.5, 32500.0]]}}}
{"jsonrpc": "2.0", "method": "subscription", "params": {"channel": "book.BTC-17OCT25.none.20.100ms", "data": {"timestamp": 1759955178866, "change_id": 120640731879, "instrument_name": "BTC-17OCT25", "bids": [[123985.0, 4870.0], [123982.5, 2700.0], [123980.0, 27760.0], [123977.5, 60700.0], [123975.0, 10330.0], [123972.5, 44590.0], [123967.5, 10330.0], [123965.0, 34590.0], [123962.5, 14220.0], [123960.0, 54330.0], [123955.0, 34590.0], [123952.5, 720.0], [123950.0, 2420.0], [123945.0, 1210.0], [123942.5, 4060.0], [123927.5, 730.0], [123925.0, 2440.0], [123922.5, 4770.0], [123920.0, 15990.0], [123917.5, 1160.0]], "asks": [[123987.5, 45760.0], [123990.0, 37980.0], [123992.5, 60000.0], [123995.0, 55930.0], [123997.5, 38490.0], [124005.0, 11050.0], [124007.5, 37020.0], [124012.5, 600.0], [124015.0, 13450.0], [124017.5, 34590.0], [124020.0, 2460.0], [124022.5, 1160.0], [124025.0, 3900.0], [124037.5, 720.0], [124040.0, 2410.0], [124055.0, 710.0], [124057.5, 2390.0], [124067.5, 720.0], [124070.0, 2420.0], [124075.0, 11300.0]]}}}
{"jsonrpc": "2.0", "method": "subscription", "params": {"channel": "book.BTC-10OCT25.none.20.100ms", "data": {"timestamp": 1759955179364, "change_id": 120640732506, "instrument_name": "BTC-10OCT25", "bids": [[123742.5, 13390.0], [123740.0, 4850.0], [123737.5, 13310.0], [123732.5, 870.0], [123730.0, 6260.0], [123727.5, 8400.0], [123725.0, 14110.0], [123722.5, 34380.0], [123720.0, 160.0], [123717.5, 13020.0], [123715.0, 64550.0], [123712.5, 34380.0], [123710.0, 37120.0], [123707.5, 24740.0], [123702.5, 1130.0], [123700.0, 5550.0], [123697.5, 5860.0], [123695.0, 3640.0], [123692.5, 12170.0], [123690.0, 1750.0]], "asks": [[123745.0, 57000.0], [123747.5, 24440.0], [123750.0, 53800.0], [123757.5, 1010.0], [123760.0, 2860.0], [123762.5, 10260.0], [123765.0, 34380.0], [123767.5, 2990.0], [123770.0, 11520.0], [123775.0, 19210.0], [123777.5, 37280.0], [123780.0, 10.0], [123795.0, 860.0], [123797.5, 2880.0], [123802.5, 20.0], [123807.5, 870.0], [123810.0, 2920.0], [123832.5, 850.0], [123835.0, 17310.0], [123837.5, 32500.0]]}}}
{"jsonrpc": "2.0", "method": "subscription", "params": {"channel": "book.BTC-17OCT25.none.20.100ms", "data": {"timestamp": 1759955179203, "change_id": 120640732556, "instrument_name": "BTC-17OCT25", "bids": [[123980.0, 3420.0], [123977.5, 67470.0], [123975.0, 14230.0], [123972.5, 44590.0], [123970.0, 720.0], [123967.5, 2410.0], [123962.5, 14220.0], [123960.0, 54330.0], [123955.0, 34590.0], [123952.5, 10960.0], [123950.0, 37010.0], [123945.0, 1210.0], [123942.5, 4060.0], [123927.5, 730.0], [123925.0, 2440.0], [123922.5, 4770.0], [123920.0, 15990.0], [123917.5, 1160.0], [123915.0, 3900.0], [123912.5, 740.0]], "asks": [[123982.5, 14910.0], [123985.0, 24040.0], [123987.5, 81110.0], [123990.0, 160.0], [123992.5, 22110.0], [123995.0, 58340.0], [123997.5, 38490.0], [124005.0, 11050.0], [124007.5, 37020.0], [124012.5, 600.0], [124015.0, 13450.0], [124017.5, 34590.0], [124020.0, 2460.0], [124022.5, 1160.0], [124025.0, 3900.0], [124037.5, 720.0], [124040.0, 2410.0], [124055.0, 710.0], [124057.5, 2390.0], [124067.5, 720.0]]}}}
{"jsonrpc": "2.0", "method": "subscription", "params": {"channel": "book.BTC-17OCT25.none.20.100ms", "data": {"timestamp": 1759955179776, "change_id": 120640733098, "instrument_name": "BTC-17OCT25", "bids": [[123980.0, 3420.0], [123977.5, 67470.0], [123975.0, 14230.0], [123972.5, 44590.0], [123970.0, 720.0], [123967.5, 2410.0], [123962.5, 14220.0], [123960.0, 54330.0], [123955.0, 34590.0], [123952.5, 10960.0], [123950.0, 37010.0], [123945.0, 1210.0], [123942.5, 4060.0], [123927.5, 730.0], [123925.0, 2440.0], [123922.5, 4770.0], [123920.0, 15990.0], [123917.5, 1160.0], [123915.0, 3900.0], [123912.5, 740.0]], "asks": [[123982.5, 14910.0], [123985.0, 26140.0], [123987.5, 81110.0], [123990.0, 160.0], [123992.5, 22110.0], [123995.0, 58340.0], [123997.5, 38490.0], [124005.0, 11050.0], [124007.5, 37020.0], [124012.5, 600.0], [124015.0, 13450.0], [124017.5, 34590.0], [124020.0, 2460.0], [124022.5, 1160.0], [124025.0, 3900.0], [124037.5, 720.0], [124040.0, 2410.0], [124055.0, 710.0], [124057.5, 2390.0], [124067.5, 720.0]]}}}
{"jsonrpc": "2.0", "method": "subscription", "params": {"channel": "book.BTC-10OCT25.none.20.100ms", "data": {"timestamp": 1759955181070, "change_id": 120640734814, "instrument_name": "BTC-10OCT25", "bids": [[123742.5, 4990.0], [123740.0, 5330.0], [123737.5, 3800.0], [123735.0, 10000.0], [123730.0, 980.0], [123725.0, 14110.0], [123722.5, 34380.0], [123717.5, 13020.0], [123715.0, 64550.0], [123712.5, 34380.0], [123710.0, 37120.0], [123707.5, 24740.0], [123702.5, 1130.0], [123700.0, 5710.0], [123697.5, 5860.0], [123695.0, 3640.0], [123692.5, 12170.0], [123690.0, 1750.0], [123687.5, 3000.0], [123685.0, 9120.0]], "asks": [[123745.0, 57000.0], [123747.5, 14930.0], [123750.0, 53800.0], [123757.5, 1010.0], [123760.0, 2860.0], [123762.5, 10260.0], [123765.0, 34380.0], [123767.5, 2990.0], [123770.0, 11520.0], [123775.0, 19210.0], [123777.5, 37280.0], [123780.0, 10.0], [123795.0, 860.0], [123797.5, 2880.0], [123802.5, 20.0], [123807.5, 870.0], [123810.0, 2920.0], [123832.5, 850.0], [123835.0, 17310.0], [123837.5, 32500.0]]}}}
{"jsonrpc": "2.0", "method": "subscription", "params": {"channel": "book.BTC-17OCT25.none.20.100ms", "data": {"timestamp": 1759955181070, "change_id": 120640734794, "instrument_name": "BTC-17OCT25", "bids": [[123980.0, 3420.0], [123977.5, 51160.0], [123975.0, 14230.0], [123972.5, 34590.0], [123962.5, 14220.0], [123960.0, 54330.0], [123957.5, 10000.0], [123955.0, 34590.0], [123952.5, 10960.0], [123950.0, 37010.0], [123945.0, 1210.0], [123942.5, 3900.0], [123927.5, 730.0], [123925.0, 2440.0], [123922.5, 4930.0], [123920.0, 15990.0], [123917.5, 1160.0], [123915.0, 3900.0], [123912.5, 740.0], [123910.0, 2470.0]], "asks": [[123982.5, 16510.0], [123985.0, 26140.0], [123987.5, 71600.0], [123990.0, 160.0], [123992.5, 22110.0], [123995.0, 58340.0], [123997.5, 38490.0], [124005.0, 11050.0], [124007.5, 37020.0], [124012.5, 600.0], [124015.0, 13450.0], [124017.5, 34590.0], [124020.0, 2460.0], [124022.5, 1160.0], [124025.0, 3900.0], [124037.5, 720.0], [124040.0, 2410.0], [124055.0, 710.0], [124057.5, 2390.0], [124067.5, 720.0]]}}}
{"jsonrpc": "2.0", "method": "subscription", "params": {"channel": "book.BTC-10OCT25.none.20.100ms", "data": {"timestamp": 1759955181408, "change_id": 120640737077, "instrument_name": "BTC-10OCT25", "bids": [[123740.0, 10.0], [123730.0, 2000.0], [123702.5, 1260.0], [123700.0, 6810.0], [123697.5, 2860.0], [123690.0, 10.0], [123687.5, 3000.0], [123685.0, 2820.0], [123677.5, 3000.0], [123675.0, 3800.0], [123672.5, 2880.0], [123670.0, 2000.0], [123665.0, 3000.0], [123657.5, 5840.0], [123650.0, 1830.0], [123647.5, 6250.0], [123645.0, 51800.0], [123640.0, 2000.0], [123635.0, 4520.0], [123630.0, 2890.0]], "asks": [[123742.5, 27600.0], [123745.0, 120100.0], [123747.5, 1130.0], [123750.0, 3800.0], [123757.5, 850.0], [123760.0, 2860.0], [123762.5, 10260.0], [123765.0, 34380.0], [123767.5, 2990.0], [123770.0, 10000.0], [123772.5, 1520.0], [123775.0, 19210.0], [123777.5, 37280.0], [123780.0, 10.0], [123795.0, 860.0], [123797.5, 2880.0], [123802.5, 20.0], [123807.5, 870.0], [123810.0, 2920.0], [123832.5, 850.0]]}}}
{"jsonrpc": "2.0", "method": "subscription", "params": {"channel": "book.BTC-17OCT25.none.20.100ms", "data": {"timestamp": 1759955181407, "change_id": 120640737163, "instrument_name": "BTC-17OCT25", "bids": [[123977.5, 50000.0], [123945.0, 2590.0], [123942.5, 3900.0], [123940.0, 1100.0], [123925.0, 2440.0], [123922.5, 160.0], [123915.0, 3900.0], [123910.0, 2470.0], [123902.5, 20.0], [123897.5, 2450.0], [123885.0, 2380.0], [123882.5, 48340.0], [123872.5, 2370.0], [123857.5, 2430.0], [123842.5, 1520.0], [123837.5, 47250.0], [123832.5, 2440.0], [123815.0, 2390.0], [123805.0, 19260.0], [123802.5, 2450.0]], "asks": [[123980.0, 26570.0], [123982.5, 57420.0], [123985.0, 117900.0], [123987.5, 1600.0], [123990.0, 40930.0], [123992.5, 10000.0], [123995.0, 15500.0], [123997.5, 38490.0], [124005.0, 11050.0], [124007.5, 37020.0], [124020.0, 2460.0], [124025.0, 3900.0], [124035.0, 16040.0], [124037.5, 720.0], [124040.0, 2410.0], [124055.0, 710.0], [124057.5, 2390.0], [124067.5, 720.0], [124070.0, 2420.0], [124075.0, 1600.0]]}}}
{"jsonrpc": "2.0", "method": "subscription", "params": {"channel": "book.BTC-10OCT25.none.20.100ms", "data": {"timestamp": 1759955181672, "change_id": 120640739130, "instrument_name": "BTC-10OCT25", "bids": [[123740.0, 10.0], [123722.5, 6400.0], [123720.0, 21510.0], [123715.0, 1130.0], [123712.5, 3800.0], [123705.0, 10310.0], [123702.5, 34380.0], [123700.0, 1010.0], [123697.5, 2860.0], [123690.0, 46010.0], [123687.5, 3000.0], [123685.0, 2820.0], [123677.5, 3000.0], [123675.0, 3800.0], [123672.5, 2880.0], [123665.0, 3000.0], [123660.0, 2000.0], [123657.5, 5840.0], [123650.0, 5630.0], [123647.5, 6250.0]], "asks": [[123742.5, 38200.0], [123745.0, 97960.0], [123747.5, 1130.0], [123750.0, 6790.0], [123752.5, 10000.0], [123757.5, 850.0], [123760.0, 2860.0], [123762.5, 10260.0], [123765.0, 34380.0], [123775.0, 15410.0], [123777.5, 37280.0], [123780.0, 10.0], [123795.0, 860.0], [123797.5, 2880.0], [123802.5, 20.0], [123807.5, 870.0], [123810.0, 2920.0], [123832.5, 850.0], [123835.0, 17310.0], [123837.5, 32500.0]]}}}
{"jsonrpc": "2.0", "method": "subscription", "params": {"channel": "book.BTC-17OCT25.none.20.100ms", "data": {"timestamp": 1759955181688, "change_id": 120640739102, "instrument_name": "BTC-17OCT25", "bids": [[123977.5, 49900.0], [123962.5, 9510.0], [123952.5, 1490.0], [123950.0, 15650.0], [123947.5, 34590.0], [123945.0, 2990.0], [123942.5, 10000.0], [123940.0, 2410.0], [123937.5, 13130.0], [123935.0, 44000.0], [123925.0, 2440.0], [123922.5, 160.0], [123915.0, 3900.0], [123910.0, 2470.0], [123902.5, 20.0], [123897.5, 2450.0], [123887.5, 3900.0], [123885.0, 2380.0], [123882.5, 48340.0], [123872.5, 2370.0]], "asks": [[123980.0, 110470.0], [123982.5, 36520.0], [123985.0, 47900.0], [123987.5, 1600.0], [123990.0, 40930.0], [123995.0, 15500.0], [123997.5, 38490.0], [124005.0, 11050.0], [124007.5, 37020.0], [124020.0, 2460.0], [124035.0, 16040.0], [124037.5, 720.0], [124040.0, 2410.0], [124055.0, 710.0], [124057.5, 2390.0], [124067.5, 720.0], [124070.0, 2420.0], [124075.0, 1600.0], [124077.5, 32500.0], [124090.0, 710.0]]}}}
{"jsonrpc": "2.0", "method": "subscription", "params": {"channel": "book.BTC-10OCT25.none.20.100ms", "data": {"timestamp": 1759955181919, "change_id": 120640739509, "instrument_name": "BTC-10OCT25", "bids": [[123740.0, 10.0], [123722.5, 6400.0], [123720.0, 21510.0], [123715.0, 1130.0], [123712.5, 3800.0], [123705.0, 10310.0], [123702.5, 34380.0], [123700.0, 1010.0], [123697.5, 2860.0], [123690.0, 46010.0], [123687.5, 3000.0], [123685.0, 2820.0], [123677.5, 3000.0], [123675.0, 4660.0], [123672.5, 2880.0], [123665.0, 3000.0], [123662.5, 12170.0], [123660.0, 2000.0], [123657.5, 5840.0], [123650.0, 5630.0]], "asks": [[123742.5, 45230.0], [123745.0, 107960.0], [123747.5, 1130.0], [123750.0, 3800.0], [123757.5, 850.0], [123760.0, 2860.0], [123762.5, 10260.0], [123765.0, 34380.0], [123775.0, 15410.0], [123777.5, 37280.0], [123780.0, 10.0], [123795.0, 860.0], [123797.5, 2880.0], [123802.5, 20.0], [123807.5, 870.0], [123810.0, 2920.0], [123832.5, 850.0], [123835.0, 17310.0], [123837.5, 32500.0], [123840.0, 15930.0]]}}}
{"jsonrpc": "2.0", "method": "subscription", "params": {"channel": "book.BTC-17OCT25.none.20.100ms", "data": {"timestamp": 1759955181835, "change_id": 120640739403, "instrument_name": "BTC-17OCT25", "bids": [[123977.5, 49900.0], [123962.5, 9510.0], [123952.5, 1490.0], [123950.0, 15650.0], [123947.5, 34590.0], [123945.0, 2990.0], [123942.5, 10000.0], [123940.0, 2410.0], [123937.5, 13130.0], [123935.0, 44000.0], [123925.0, 2440.0], [123922.5, 160.0], [123915.0, 3900.0], [123910.0, 2470.0], [123902.5, 20.0], [123897.5, 2450.0], [123887.5, 3900.0], [123885.0, 2380.0], [123882.5, 48340.0], [123877.5, 6390.0]], "asks": [[123980.0, 110470.0], [123982.5, 36520.0], [123985.0, 47900.0], [123987.5, 1600.0], [123990.0, 40930.0], [123995.0, 15500.0], [123997.5, 38490.0], [124005.0, 11050.0], [124007.5, 37020.0], [124020.0, 2460.0], [124035.0, 16040.0], [124037.5, 720.0], [124040.0, 2410.0], [124055.0, 710.0], [124057.5, 2390.0], [124067.5, 720.0], [124070.0, 2420.0], [124075.0, 1600.0], [124077.5, 32500.0], [124090.0, 710.0]]}}}
{"jsonrpc": "2.0", "method": "subscription", "params": {"channel": "book.BTC-10OCT25.none.20.100ms", "data": {"timestamp": 1759955182373, "change_id": 120640740502, "instrument_name": "BTC-10OCT25", "bids": [[123720.0, 21520.0], [123715.0, 1830.0], [123712.5, 3800.0], [123710.0, 2820.0], [123705.0, 21090.0], [123702.5, 34380.0], [123700.0, 45010.0], [123697.5, 2860.0], [123695.0, 10860.0], [123692.5, 34380.0], [123690.0, 3750.0], [123687.5, 3000.0], [123685.0, 2820.0], [123680.0, 2030.0], [123677.5, 3000.0], [123675.0, 4660.0], [123672.5, 2880.0], [123667.5, 900.0], [123665.0, 7230.0], [123662.5, 12170.0]], "asks": [[123722.5, 21420.0], [123725.0, 3800.0], [123727.5, 2840.0], [123730.0, 24330.0], [123735.0, 63130.0], [123737.5, 44000.0], [123740.0, 21190.0], [123742.5, 19650.0], [123745.0, 44540.0], [123747.5, 1130.0], [123750.0, 3800.0], [123752.5, 11570.0], [123755.0, 34380.0], [123757.5, 850.0], [123760.0, 2860.0], [123775.0, 870.0], [123777.5, 2900.0], [123780.0, 10.0], [123795.0, 860.0], [123797.5, 2880.0]]}}}
{"jsonrpc": "2.0", "method": "subscription", "params": {"channel": "book.BTC-17OCT25.none.20.100ms", "data": {"timestamp": 1759955182398, "change_id": 120640740578, "instrument_name": "BTC-17OCT25", "bids": [[123977.5, 49900.0], [123962.5, 9510.0], [123952.5, 3910.0], [123950.0, 15650.0], [123947.5, 34590.0], [123945.0, 46990.0], [123942.5, 10000.0], [123940.0, 2410.0], [123925.0, 2440.0], [123922.5, 160.0], [123917.5, 1160.0], [123915.0, 3900.0], [123910.0, 2470.0], [123902.5, 20.0], [123897.5, 2450.0], [123890.0, 1870.0], [123887.5, 3900.0], [123885.0, 2380.0], [123882.5, 48340.0], [123877.5, 6390.0]], "asks": [[123980.0, 110470.0], [123982.5, 36520.0], [123985.0, 47900.0], [123987.5, 1600.0], [123990.0, 40930.0], [123995.0, 15500.0], [123997.5, 38490.0], [124005.0, 11050.0], [124007.5, 37020.0], [124020.0, 2460.0], [124032.5, 4790.0], [124035.0, 16040.0], [124037.5, 720.0], [124040.0, 2410.0], [124055.0, 710.0], [124057.5, 2390.0], [124067.5, 720.0], [124070.0, 2420.0], [124075.0, 11300.0], [124077.5, 32500.0]]}}}
{"jsonrpc": "2.0", "method": "subscription", "params": {"channel": "book.BTC-10OCT25.none.20.100ms", "data": {"timestamp": 1759955182476, "change_id": 120640742104, "instrument_name": "BTC-10OCT25", "bids": [[123720.0, 12010.0], [123717.5, 9510.0], [123715.0, 1830.0], [123712.5, 3800.0], [123710.0, 4610.0], [123707.5, 6000.0], [123705.0, 21090.0], [123702.5, 34380.0], [123700.0, 45010.0], [123697.5, 2860.0], [123695.0, 10860.0], [123692.5, 34380.0], [123690.0, 3750.0], [123687.5, 3000.0], [123685.0, 2820.0], [123680.0, 2030.0], [123677.5, 3000.0], [123675.0, 4660.0], [123672.5, 2880.0], [123667.5, 900.0]], "asks": [[123722.5, 21420.0], [123725.0, 16240.0], [123727.5, 9800.0], [123730.0, 14820.0], [123732.5, 7800.0], [123735.0, 63130.0], [123737.5, 44000.0], [123740.0, 14140.0], [123742.5, 2820.0], [123745.0, 44540.0], [123747.5, 1130.0], [123750.0, 3800.0], [123752.5, 11570.0], [123755.0, 34380.0], [123757.5, 850.0], [123760.0, 2860.0], [123775.0, 870.0], [123777.5, 2900.0], [123780.0, 10.0], [123795.0, 860.0]]}}}
{"jsonrpc": "2.0", "method": "subscription", "params": {"channel": "book.BTC-17OCT25.none.20.100ms", "data": {"timestamp": 1759955182464, "change_id": 120640742012, "instrument_name": "BTC-17OCT25", "bids": [[123977.5, 49900.0], [123960.0, 9510.0], [123952.5, 6710.0], [123950.0, 31170.0], [123947.5, 34590.0], [123945.0, 46990.0], [123940.0, 2410.0], [123925.0, 2440.0], [123922.5, 160.0], [123917.5, 1160.0], [123915.0, 3900.0], [123910.0, 2470.0], [123902.5, 20.0], [123897.5, 2450.0], [123890.0, 1870.0], [123887.5, 3900.0], [123885.0, 2380.0], [123882.5, 15840.0], [123877.5, 6390.0], [123872.5, 2370.0]], "asks": [[123980.0, 110470.0], [123982.5, 36520.0], [123985.0, 47900.0], [123987.5, 1600.0], [123990.0, 40930.0], [123995.0, 15500.0], [123997.5, 38490.0], [124005.0, 11050.0], [124007.5, 37020.0], [124020.0, 2460.0], [124032.5, 4790.0], [124035.0, 16040.0], [124037.5, 720.0], [124040.0, 2410.0], [124055.0, 710.0], [124057.5, 2390.0], [124067.5, 720.0], [124070.0, 2420.0], [124075.0, 11300.0], [124077.5, 32500.0]]}}}
{"jsonrpc": "2.0", "method": "subscription", "params": {"channel": "book.BTC-10OCT25.none.20.100ms", "data": {"timestamp": 1759955182993, "change_id": 120640742649, "instrument_name": "BTC-10OCT25", "bids": [[123720.0, 2010.0], [123715.0, 1830.0], [123712.5, 3800.0], [123710.0, 2820.0], [123705.0, 21090.0], [123702.5, 34380.0], [123700.0, 45010.0], [123697.5, 2860.0], [123695.0, 10860.0], [123692.5, 34380.0], [123690.0, 28480.0], [123687.5, 27730.0], [123685.0, 2820.0], [123680.0, 2030.0], [123677.5, 3000.0], [123675.0, 4660.0], [123672.5, 2880.0], [123667.5, 900.0], [123665.0, 7230.0], [123662.5, 12170.0]], "asks": [[123722.5, 29480.0], [123725.0, 16240.0], [123727.5, 9800.0], [123730.0, 14820.0], [123732.5, 7800.0], [123735.0, 63130.0], [123737.5, 44000.0], [123740.0, 14140.0], [123742.5, 2820.0], [123745.0, 44540.0], [123747.5, 1130.0], [123750.0, 3800.0], [123752.5, 11570.0], [123755.0, 34380.0], [123757.5, 850.0], [123760.0, 2860.0], [123775.0, 870.0], [123777.5, 2900.0], [123780.0, 10.0], [123795.0, 860.0]]}}}
{"jsonrpc": "2.0", "method": "subscription", "params": {"channel": "book.BTC-17OCT25.none.20.100ms", "data": {"timestamp": 1759955183035, "change_id": 120640742784, "instrument_name": "BTC-17OCT25", "bids": [[123977.5, 49900.0], [123952.5, 1490.0], [123950.0, 20070.0], [123945.0, 48090.0], [123940.0, 2410.0], [123925.0, 2440.0], [123922.5, 160.0], [123917.5, 1160.0], [123915.0, 3900.0], [123910.0, 2470.0], [123902.5, 20.0], [123897.5, 2450.0], [123890.0, 1870.0], [123887.5, 3900.0], [123885.0, 2380.0], [123882.5, 15840.0], [123877.5, 6390.0], [123872.5, 2370.0], [123857.5, 2430.0], [123840.0, 14100.0]], "asks": [[123980.0, 110470.0], [123982.5, 36520.0], [123985.0, 47900.0], [123987.5, 1600.0], [123990.0, 40930.0], [123995.0, 15500.0], [123997.5, 38490.0], [124005.0, 11050.0], [124007.5, 37020.0], [124020.0, 2460.0], [124032.5, 4790.0], [124035.0, 16040.0], [124037.5, 720.0], [124040.0, 2410.0], [124055.0, 710.0], [124057.5, 2390.0], [124067.5, 720.0], [124070.0, 2420.0], [124075.0, 11300.0], [124077.5, 32500.0]]}}}
{"jsonrpc": "2.0", "method": "subscription", "params": {"channel": "book.BTC-10OCT25.none.20.100ms", "data": {"timestamp": 1759955183404, "change_id": 120640744429, "instrument_name": "BTC-10OCT25", "bids": [[123720.0, 2010.0], [123712.5, 10000.0], [123700.0, 160.0], [123697.5, 2860.0], [123690.0, 36390.0], [123685.0, 46820.0], [123677.5, 3000.0], [123675.0, 3800.0], [123672.5, 2880.0], [123665.0, 3000.0], [123660.0, 2000.0], [123657.5, 15010.0], [123655.0, 3000.0], [123650.0, 3800.0], [123647.5, 6250.0], [123645.0, 19300.0], [123635.0, 3000.0], [123630.0, 4890.0], [123625.0, 3000.0], [123622.5, 32500.0]], "asks": [[123722.5, 85800.0], [123725.0, 3800.0], [123727.5, 9800.0], [123732.5, 7960.0], [123735.0, 50000.0], [123742.5, 2820.0], [123745.0, 44380.0], [123750.0, 3800.0], [123752.5, 1310.0], [123755.0, 34380.0], [123760.0, 2860.0], [123777.5, 2900.0], [123780.0, 10.0], [123797.5, 2880.0], [123802.5, 20.0], [123810.0, 2920.0], [123827.5, 24500.0], [123835.0, 2850.0], [123837.5, 32500.0], [123840.0, 15930.0]]}}}
{"jsonrpc": "2.0", "method": "subscription", "params": {"channel": "book.BTC-17OCT25.none.20.100ms", "data": {"timestamp": 1759955183386, "change_id": 120640744435, "instrument_name": "BTC-17OCT25", "bids": [[123977.5, 49670.0], [123955.0, 9510.0], [123937.5, 2990.0], [123935.0, 10000.0], [123930.0, 14960.0], [123927.5, 44000.0], [123925.0, 2440.0], [123922.5, 160.0], [123917.5, 1160.0], [123915.0, 3900.0], [123912.5, 740.0], [123910.0, 2470.0], [123902.5, 20.0], [123897.5, 2450.0], [123890.0, 1870.0], [123887.5, 3900.0], [123885.0, 2380.0], [123882.5, 15840.0], [123872.5, 2370.0], [123867.5, 6390.0]], "asks": [[123980.0, 110470.0], [123982.5, 36520.0], [123985.0, 47900.0], [123987.5, 1600.0], [123990.0, 40930.0], [123995.0, 15500.0], [123997.5, 38490.0], [124005.0, 11050.0], [124007.5, 37020.0], [124017.5, 730.0], [124020.0, 2460.0], [124035.0, 16040.0], [124037.5, 720.0], [124040.0, 2410.0], [124055.0, 710.0], [124057.5, 2390.0], [124067.5, 720.0], [124070.0, 2420.0], [124075.0, 11300.0], [124077.5, 32500.0]]}}}
{"jsonrpc": "2.0", "method": "subscription", "params": {"channel": "book.BTC-10OCT25.none.20.100ms", "data": {"timestamp": 1759955183466, "change_id": 120640745404, "instrument_name": "BTC-10OCT25", "bids": [[123720.0, 10.0], [123712.5, 19510.0], [123710.0, 2000.0], [123700.0, 7200.0], [123697.5, 41040.0], [123690.0, 34390.0], [123685.0, 46980.0], [123680.0, 2000.0], [123677.5, 3000.0], [123675.0, 3800.0], [123672.5, 2880.0], [123665.0, 3000.0], [123657.5, 15010.0], [123655.0, 3000.0], [123650.0, 5800.0], [123647.5, 6250.0], [123645.0, 19300.0], [123635.0, 3000.0], [123630.0, 2890.0], [123625.0, 3000.0]], "asks": [[123722.5, 85800.0], [123725.0, 3800.0], [123732.5, 50160.0], [123737.5, 10000.0], [123742.5, 2820.0], [123745.0, 34380.0], [123750.0, 3800.0], [123752.5, 1310.0], [123755.0, 34380.0], [123760.0, 2860.0], [123777.5, 2900.0], [123780.0, 10.0], [123797.5, 2880.0], [123802.5, 20.0], [123810.0, 2920.0], [123827.5, 24500.0], [123835.0, 2850.0], [123837.5, 32500.0], [123840.0, 15930.0], [123862.5, 2850.0]]}}}
{"jsonrpc": "2.0", "method": "subscription", "params": {"channel": "book.BTC-17OCT25.none.20.100ms", "data": {"timestamp": 1759955183543, "change_id": 120640745330, "instrument_name": "BTC-17OCT25", "bids": [[123977.5, 49560.0], [123955.0, 9510.0], [123942.5, 720.0], [123940.0, 2420.0], [123937.5, 2990.0], [123935.0, 15000.0], [123930.0, 13860.0], [123927.5, 44000.0], [123925.0, 2440.0], [123917.5, 1160.0], [123915.0, 3900.0], [123912.5, 740.0], [123910.0, 2470.0], [123907.5, 160.0], [123902.5, 20.0], [123897.5, 2450.0], [123890.0, 1870.0], [123887.5, 3900.0], [123885.0, 2380.0], [123882.5, 15840.0]], "asks": [[123980.0, 110470.0], [123982.5, 36520.0], [123985.0, 47900.0], [123987.5, 1600.0], [123990.0, 40930.0], [123995.0, 15500.0], [123997.5, 38490.0], [124005.0, 11050.0], [124007.5, 37020.0], [124017.5, 730.0], [124020.0, 2460.0], [124035.0, 16040.0], [124037.5, 720.0], [124040.0, 2410.0], [124055.0, 710.0], [124057.5, 2390.0], [124067.5, 720.0], [124070.0, 2420.0], [124075.0, 11300.0], [124077.5, 32500.0]]}}}
{"jsonrpc": "2.0", "method": "subscription", "params": {"channel": "book.BTC-10OCT25.none.20.100ms", "data": {"timestamp": 1759955184024, "change_id": 120640745989, "instrument_name": "BTC-10OCT25", "bids": [[123720.0, 10.0], [123712.5, 10000.0], [123710.0, 2000.0], [123702.5, 2150.0], [123700.0, 19450.0], [123697.5, 41040.0], [123692.5, 10270.0], [123690.0, 34390.0], [123687.5, 12450.0], [123685.0, 46980.0], [123680.0, 2000.0], [123677.5, 3000.0], [123675.0, 4660.0], [123672.5, 2880.0], [123667.5, 900.0], [123665.0, 3000.0], [123660.0, 1740.0], [123657.5, 2840.0], [123655.0, 8360.0], [123652.5, 12170.0]], "asks": [[123722.5, 85800.0], [123725.0, 53800.0], [123732.5, 160.0], [123735.0, 2990.0], [123737.5, 10000.0], [123742.5, 13080.0], [123745.0, 34380.0], [123747.5, 1130.0], [123750.0, 3800.0], [123752.5, 11570.0], [123755.0, 34380.0], [123775.0, 870.0], [123777.5, 2900.0], [123780.0, 10.0], [123795.0, 860.0], [123797.5, 2880.0], [123802.5, 20.0], [123807.5, 870.0], [123810.0, 2920.0], [123825.0, 7310.0]]}}}
