{"jsonrpc": "2.0", "id": 1, "result": ["book.BTC-20FEB26.none.20.100ms"], "usIn": 1771468984050660, "usOut": 1771468984050814, "usDiff": 154, "testnet": false}
{"jsonrpc": "2.0", "method": "subscription", "params": {"channel": "book.BTC-20FEB26.none.20.100ms", "data": {"timestamp": 1771468983366, "change_id": 141146874440, "instrument_name": "BTC-20FEB26", "bids": [[66680.0, 8180.0], [66677.5, 4100.0], [66675.0, 2600.0], [66672.5, 2020.0], [66642.5, 1650.0], [66640.0, 5540.0], [66627.5, 5950.0], [66625.0, 19920.0], [66587.5, 890.0], [66585.0, 2990.0], [66580.0, 500.0], [66577.5, 2960.0], [66575.0, 9900.0], [66562.5, 13600.0], [66560.0, 45550.0], [66520.0, 20190.0], [66510.0, 39880.0], [66482.5, 50000.0], [66460.0, 50.0], [66422.5, 41100.0]], "asks": [[66682.5, 5540.0], [66692.5, 2990.0], [66695.0, 3500.0], [66697.5, 600.0], [66700.0, 2000.0], [66702.5, 40.0], [66722.5, 1650.0], [66725.0, 5540.0], [66737.5, 3080.0], [66740.0, 10610.0], [66742.5, 990.0], [66745.0, 14930.0], [66747.5, 56070.0], [66770.0, 6370.0], [66772.5, 21340.0], [66802.5, 990.0], [66830.0, 43840.0], [66842.5, 20090.0], [66870.0, 50000.0], [66877.5, 39450.0]]}}}
{"jsonrpc": "2.0", "method": "subscription", "params": {"channel": "book.BTC-20FEB26.none.20.100ms", "data": {"timestamp": 1771468984478, "change_id": 141146876620, "instrument_name": "BTC-20FEB26", "bids": [[66680.0, 640.0], [66665.0, 1660.0], [66662.5, 20.0], [66642.5, 1650.0], [66640.0, 5540.0], [66627.5, 5950.0], [66625.0, 19920.0], [66587.5, 890.0], [66585.0, 2990.0], [66580.0, 500.0], [66577.5, 2960.0], [66575.0, 9900.0], [66562.5, 13600.0], [66560.0, 45550.0], [66520.0, 20190.0], [66510.0, 39880.0], [66482.5, 50000.0], [66460.0, 50.0], [66422.5, 41100.0], [66347.5, 160.0]], "asks": [[66682.5, 5540.0], [66690.0, 600.0], [66692.5, 2990.0], [66695.0, 3540.0], [66697.5, 600.0], [66700.0, 2000.0], [66707.5, 300.0], [66710.0, 990.0], [66722.5, 1650.0], [66725.0, 5540.0], [66737.5, 3080.0], [66740.0, 11300.0], [66745.0, 14930.0], [66747.5, 56070.0], [66767.5, 300.0], [66770.0, 7360.0], [66772.5, 20350.0], [66830.0, 43840.0], [66842.5, 20090.0], [66870.0, 50000.0]]}}}
{"jsonrpc": "2.0", "method": "subscription", "params": {"channel": "book.BTC-20FEB26.none.20.100ms", "data": {"timestamp": 1771468984752, "change_id": 141146877291, "instrument_name": "BTC-20FEB26", "bids": [[66672.5, 2600.0], [66670.0, 2600.0], [66667.5, 3650.0], [66665.0, 5990.0], [66662.5, 1520.0], [66642.5, 1650.0], [66640.0, 5540.0], [66590.0, 19920.0], [66587.5, 890.0], [66585.0, 2990.0], [66580.0, 500.0], [66577.5, 2960.0], [66575.0, 9900.0], [66562.5, 13600.0], [66560.0, 45550.0], [66520.0, 20190.0], [66510.0, 39880.0], [66482.5, 50000.0], [66460.0, 50.0], [66422.5, 41100.0]], "asks": [[66675.0, 5540.0], [66677.5, 600.0], [66680.0, 2450.0], [66682.5, 1500.0], [66690.0, 560.0], [66692.5, 2610.0], [66695.0, 2040.0], [66700.0, 2000.0], [66710.0, 990.0], [66722.5, 1650.0], [66725.0, 5540.0], [66737.5, 3080.0], [66740.0, 11300.0], [66745.0, 14930.0], [66747.5, 56070.0], [66770.0, 7360.0], [66772.5, 20350.0], [66830.0, 43840.0], [66842.5, 20090.0], [66870.0, 50000.0]]}}}
{"jsonrpc": "2.0", "method": "subscription", "params": {"channel": "book.BTC-20FEB26.none.20.100ms", "data": {"timestamp": 1771468984969, "change_id": 141146877372, "instrument_name": "BTC-20FEB26", "bids": [[66672.5, 2600.0], [66670.0, 2600.0], [66667.5, 4060.0], [66665.0, 5990.0], [66662.5, 1520.0], [66642.5, 1650.0], [66640.0, 5540.0], [66590.0, 19920.0], [66587.5, 890.0], [66585.0, 2990.0], [66580.0, 500.0], [66577.5, 2960.0], [66575.0, 9900.0], [66562.5, 13600.0], [66560.0, 45550.0], [66520.0, 20190.0], [66510.0, 39880.0], [66482.5, 50000.0], [66460.0, 50.0], [66422.5, 41100.0]], "asks": [[66675.0, 5540.0], [66677.5, 600.0], [66680.0, 2450.0], [66682.5, 1500.0], [66687.5, 600.0], [66690.0, 2560.0], [66692.5, 2000.0], [66695.0, 40.0], [66710.0, 990.0], [66722.5, 1650.0], [66725.0, 5540.0], [66737.5, 3080.0], [66740.0, 11300.0], [66745.0, 14930.0], [66747.5, 56070.0], [66770.0, 7360.0], [66772.5, 20350.0], [66830.0, 43840.0], [66842.5, 20090.0], [66870.0, 50000.0]]}}}
{"jsonrpc": "2.0", "method": "subscription", "params": {"channel": "book.BTC-20FEB26.none.20.100ms", "data": {"timestamp": 1771468985757, "change_id": 141146878602, "instrument_name": "BTC-20FEB26", "bids": [[66672.5, 3030.0], [66670.0, 4170.0], [66667.5, 7540.0], [66665.0, 450.0], [66662.5, 1520.0], [66642.5, 1650.0], [66640.0, 5540.0], [66592.5, 5950.0], [66590.0, 19920.0], [66587.5, 890.0], [66585.0, 2990.0], [66580.0, 500.0], [66577.5, 2960.0], [66575.0, 9900.0], [66562.5, 13600.0], [66560.0, 45550.0], [66520.0, 20190.0], [66510.0, 39880.0], [66482.5, 50000.0], [66460.0, 50.0]], "asks": [[66675.0, 5540.0], [66677.5, 600.0], [66680.0, 2450.0], [66682.5, 1500.0], [66690.0, 560.0], [66692.5, 2000.0], [66695.0, 40.0], [66707.5, 300.0], [66710.0, 990.0], [66722.5, 1650.0], [66725.0, 5540.0], [66737.5, 3080.0], [66740.0, 11300.0], [66745.0, 14930.0], [66747.5, 56070.0], [66770.0, 7360.0], [66772.5, 20350.0], [66830.0, 43840.0], [66842.5, 20090.0], [66870.0, 50000.0]]}}}
{"jsonrpc": "2.0", "method": "subscription", "params": {"channel": "book.BTC-20FEB26.none.20.100ms", "data": {"timestamp": 1771468985810, "change_id": 141146878620, "instrument_name": "BTC-20FEB26", "bids": [[66672.5, 3030.0], [66670.0, 4170.0], [66667.5, 7540.0], [66665.0, 990.0], [66662.5, 3520.0], [66642.5, 1650.0], [66640.0, 5540.0], [66592.5, 5950.0], [66590.0, 19920.0], [66587.5, 890.0], [66585.0, 2990.0], [66580.0, 500.0], [66577.5, 2960.0], [66575.0, 9900.0], [66562.5, 13600.0], [66560.0, 45550.0], [66520.0, 20190.0], [66510.0, 39880.0], [66482.5, 50000.0], [66460.0, 50.0]], "asks": [[66675.0, 5540.0], [66677.5, 600.0], [66680.0, 2450.0], [66682.5, 1500.0], [66690.0, 560.0], [66692.5, 2000.0], [66695.0, 40.0], [66707.5, 300.0], [66710.0, 990.0], [66722.5, 1650.0], [66725.0, 5540.0], [66737.5, 3080.0], [66740.0, 11300.0], [66745.0, 14930.0], [66747.5, 56070.0], [66770.0, 7360.0], [66772.5, 20350.0], [66830.0, 43840.0], [66842.5, 20090.0], [66870.0, 50000.0]]}}}
{"jsonrpc": "2.0", "method": "subscription", "params": {"channel": "book.BTC-20FEB26.none.20.100ms", "data": {"timestamp": 1771468988652, "change_id": 141146882736, "instrument_name": "BTC-20FEB26", "bids": [[66672.5, 10070.0], [66670.0, 2600.0], [66667.5, 2000.0], [66662.5, 20.0], [66642.5, 1650.0], [66640.0, 5540.0], [66592.5, 5950.0], [66590.0, 19920.0], [66587.5, 890.0], [66585.0, 2990.0], [66580.0, 500.0], [66577.5, 2960.0], [66575.0, 9900.0], [66562.5, 13600.0], [66560.0, 45550.0], [66520.0, 20190.0], [66510.0, 39880.0], [66482.5, 50000.0], [66460.0, 50.0], [66422.5, 41100.0]], "asks": [[66675.0, 5540.0], [66687.5, 450.0], [66690.0, 2060.0], [66692.5, 2000.0], [66695.0, 40.0], [66707.5, 300.0], [66710.0, 990.0], [66722.5, 1650.0], [66725.0, 5540.0], [66737.5, 3080.0], [66740.0, 11300.0], [66745.0, 14930.0], [66747.5, 56070.0], [66770.0, 7360.0], [66772.5, 20350.0], [66830.0, 43840.0], [66842.5, 20090.0], [66870.0, 50000.0], [66877.5, 39450.0], [66905.0, 2090.0]]}}}
{"jsonrpc": "2.0", "method": "subscription", "params": {"channel": "book.BTC-20FEB26.none.20.100ms", "data": {"timestamp": 1771468988923, "change_id": 141146882883, "instrument_name": "BTC-20FEB26", "bids": [[66672.5, 10070.0], [66667.5, 600.0], [66665.0, 2000.0], [66662.5, 20.0], [66642.5, 1650.0], [66640.0, 5540.0], [66592.5, 5950.0], [66590.0, 19920.0], [66587.5, 890.0], [66585.0, 2990.0], [66580.0, 500.0], [66577.5, 2960.0], [66575.0, 9900.0], [66562.5, 13600.0], [66560.0, 45550.0], [66520.0, 20190.0], [66510.0, 39880.0], [66482.5, 50000.0], [66460.0, 50.0], [66422.5, 41100.0]], "asks": [[66675.0, 5540.0], [66687.5, 450.0], [66690.0, 2060.0], [66692.5, 2000.0], [66695.0, 40.0], [66707.5, 300.0], [66710.0, 990.0], [66722.5, 1650.0], [66725.0, 5540.0], [66737.5, 3080.0], [66740.0, 11300.0], [66745.0, 14930.0], [66747.5, 56070.0], [66770.0, 7360.0], [66772.5, 20350.0], [66830.0, 43840.0], [66842.5, 20090.0], [66870.0, 50000.0], [66877.5, 39450.0], [66905.0, 2090.0]]}}}
{"jsonrpc": "2.0", "method": "subscription", "params": {"channel": "book.BTC-20FEB26.none.20.100ms", "data": {"timestamp": 1771468989122, "change_id": 141146883516, "instrument_name": "BTC-20FEB26", "bids": [[66675.0, 7540.0], [66672.5, 4530.0], [66670.0, 20.0], [66667.5, 600.0], [66665.0, 2000.0], [66642.5, 1650.0], [66640.0, 5540.0], [66597.5, 5950.0], [66595.0, 19920.0], [66587.5, 890.0], [66585.0, 2990.0], [66580.0, 500.0], [66577.5, 2960.0], [66575.0, 9900.0], [66562.5, 13600.0], [66560.0, 45550.0], [66520.0, 20190.0], [66510.0, 39880.0], [66482.5, 50000.0], [66460.0, 50.0]], "asks": [[66677.5, 5540.0], [66690.0, 560.0], [66692.5, 2000.0], [66695.0, 450.0], [66697.5, 1500.0], [66705.0, 40.0], [66722.5, 2640.0], [66725.0, 5540.0], [66737.5, 3080.0], [66740.0, 10310.0], [66745.0, 14930.0], [66747.5, 56070.0], [66750.0, 300.0], [66752.5, 990.0], [66770.0, 6370.0], [66772.5, 20350.0], [66782.5, 990.0], [66830.0, 43840.0], [66842.5, 20090.0], [66870.0, 50000.0]]}}}
{"jsonrpc": "2.0", "method": "subscription", "params": {"channel": "book.BTC-20FEB26.none.20.100ms", "data": {"timestamp": 1771468989654, "change_id": 141146884408, "instrument_name": "BTC-20FEB26", "bids": [[66675.0, 7540.0], [66672.5, 4100.0], [66670.0, 20.0], [66642.5, 1650.0], [66640.0, 5540.0], [66597.5, 5950.0], [66595.0, 19920.0], [66587.5, 890.0], [66585.0, 2990.0], [66580.0, 500.0], [66577.5, 2960.0], [66575.0, 9900.0], [66562.5, 13600.0], [66560.0, 45550.0], [66520.0, 20190.0], [66510.0, 39880.0], [66482.5, 50000.0], [66460.0, 50.0], [66422.5, 41100.0], [66347.5, 160.0]], "asks": [[66677.5, 5540.0], [66690.0, 560.0], [66692.5, 2600.0], [66695.0, 2450.0], [66697.5, 1500.0], [66705.0, 40.0], [66722.5, 2640.0], [66725.0, 5540.0], [66737.5, 3080.0], [66740.0, 10310.0], [66745.0, 14930.0], [66747.5, 56070.0], [66750.0, 300.0], [66752.5, 990.0], [66770.0, 6370.0], [66772.5, 20350.0], [66782.5, 990.0], [66830.0, 43840.0], [66842.5, 20090.0], [66870.0, 50000.0]]}}}
{"jsonrpc": "2.0", "method": "subscription", "params": {"channel": "book.BTC-20FEB26.none.20.100ms", "data": {"timestamp": 1771468989728, "change_id": 141146884418, "instrument_name": "BTC-20FEB26", "bids": [[66675.0, 7980.0], [66672.5, 4100.0], [66670.0, 20.0], [66642.5, 1650.0], [66640.0, 5540.0], [66597.5, 5950.0], [66595.0, 19920.0], [66587.5, 890.0], [66585.0, 2990.0], [66580.0, 500.0], [66577.5, 2960.0], [66575.0, 9900.0], [66562.5, 13600.0], [66560.0, 45550.0], [66520.0, 20190.0], [66510.0, 39880.0], [66482.5, 50000.0], [66460.0, 50.0], [66422.5, 41100.0], [66347.5, 160.0]], "asks": [[66677.5, 5540.0], [66690.0, 560.0], [66692.5, 2600.0], [66695.0, 2450.0], [66697.5, 1500.0], [66705.0, 40.0], [66722.5, 2640.0], [66725.0, 5540.0], [66737.5, 3080.0], [66740.0, 10310.0], [66745.0, 14930.0], [66747.5, 56070.0], [66750.0, 300.0], [66752.5, 990.0], [66770.0, 6370.0], [66772.5, 20350.0], [66782.5, 990.0], [66830.0, 43840.0], [66842.5, 20090.0], [66870.0, 50000.0]]}}}
{"jsonrpc": "2.0", "method": "subscription", "params": {"channel": "book.BTC-20FEB26.none.20.100ms", "data": {"timestamp": 1771468990268, "change_id": 141146885655, "instrument_name": "BTC-20FEB26", "bids": [[66675.0, 7980.0], [66672.5, 6100.0], [66670.0, 20.0], [66642.5, 1650.0], [66640.0, 5540.0], [66597.5, 5950.0], [66595.0, 19920.0], [66587.5, 890.0], [66585.0, 2990.0], [66580.0, 500.0], [66577.5, 2960.0], [66575.0, 9900.0], [66562.5, 13600.0], [66560.0, 45550.0], [66520.0, 20190.0], [66510.0, 39880.0], [66482.5, 50000.0], [66460.0, 50.0], [66422.5, 41100.0], [66347.5, 160.0]], "asks": [[66677.5, 5540.0], [66690.0, 560.0], [66692.5, 2600.0], [66695.0, 2450.0], [66697.5, 1500.0], [66705.0, 40.0], [66722.5, 2640.0], [66725.0, 5540.0], [66737.5, 3080.0], [66740.0, 10310.0], [66745.0, 14930.0], [66747.5, 56070.0], [66750.0, 300.0], [66752.5, 990.0], [66770.0, 6370.0], [66772.5, 20350.0], [66782.5, 990.0], [66830.0, 43840.0], [66842.5, 20090.0], [66870.0, 50000.0]]}}}
{"jsonrpc": "2.0", "method": "subscription", "params": {"channel": "book.BTC-20FEB26.none.20.100ms", "data": {"timestamp": 1771468991140, "change_id": 141146886858, "instrument_name": "BTC-20FEB26", "bids": [[66675.0, 7980.0], [66672.5, 6100.0], [66670.0, 20.0], [66642.5, 1650.0], [66640.0, 5540.0], [66597.5, 5950.0], [66595.0, 19920.0], [66587.5, 890.0], [66585.0, 2990.0], [66580.0, 500.0], [66577.5, 2960.0], [66575.0, 9900.0], [66562.5, 13600.0], [66560.0, 45550.0], [66520.0, 20190.0], [66510.0, 39880.0], [66482.5, 50000.0], [66460.0, 50.0], [66422.5, 41100.0], [66347.5, 160.0]], "asks": [[66677.5, 5540.0], [66690.0, 560.0], [66692.5, 2600.0], [66695.0, 2450.0], [66697.5, 1500.0], [66705.0, 40.0], [66720.0, 300.0], [66722.5, 2640.0], [66725.0, 5540.0], [66737.5, 3080.0], [66740.0, 10310.0], [66745.0, 14930.0], [66747.5, 56070.0], [66750.0, 300.0], [66752.5, 990.0], [66770.0, 6370.0], [66772.5, 20350.0], [66782.5, 990.0], [66830.0, 43840.0], [66842.5, 20090.0]]}}}
{"jsonrpc": "2.0", "method": "subscription", "params": {"channel": "book.BTC-20FEB26.none.20.100ms", "data": {"timestamp": 1771468991494, "change_id": 141146887333, "instrument_name": "BTC-20FEB26", "bids": [[66677.5, 9040.0], [66675.0, 3630.0], [66672.5, 4600.0], [66670.0, 20.0], [66642.5, 1650.0], [66640.0, 5540.0], [66597.5, 5950.0], [66595.0, 19920.0], [66587.5, 890.0], [66585.0, 2990.0], [66580.0, 500.0], [66577.5, 2960.0], [66575.0, 9900.0], [66562.5, 13600.0], [66560.0, 45550.0], [66520.0, 20190.0], [66510.0, 39880.0], [66482.5, 50000.0], [66460.0, 50.0], [66422.5, 41100.0]], "asks": [[66680.0, 5540.0], [66690.0, 560.0], [66692.5, 2600.0], [66695.0, 2450.0], [66697.5, 1500.0], [66705.0, 40.0], [66720.0, 300.0], [66722.5, 2640.0], [66725.0, 5540.0], [66737.5, 3080.0], [66740.0, 10310.0], [66745.0, 14930.0], [66747.5, 56070.0], [66750.0, 300.0], [66752.5, 990.0], [66770.0, 6370.0], [66772.5, 20350.0], [66782.5, 990.0], [66830.0, 43840.0], [66842.5, 20090.0]]}}}
{"jsonrpc": "2.0", "method": "subscription", "params": {"channel": "book.BTC-20FEB26.none.20.100ms", "data": {"timestamp": 1771468991906, "change_id": 141146887903, "instrument_name": "BTC-20FEB26", "bids": [[66677.5, 9040.0], [66675.0, 3190.0], [66672.5, 4600.0], [66670.0, 20.0], [66642.5, 1650.0], [66640.0, 5540.0], [66597.5, 5950.0], [66595.0, 19920.0], [66587.5, 890.0], [66585.0, 2990.0], [66580.0, 500.0], [66577.5, 2960.0], [66575.0, 9900.0], [66562.5, 13600.0], [66560.0, 45550.0], [66520.0, 20190.0], [66510.0, 39880.0], [66482.5, 50000.0], [66460.0, 50.0], [66422.5, 41100.0]], "asks": [[66680.0, 5540.0], [66690.0, 560.0], [66692.5, 2600.0], [66695.0, 2450.0], [66697.5, 1500.0], [66700.0, 600.0], [66702.5, 2000.0], [66705.0, 40.0], [66720.0, 300.0], [66722.5, 2640.0], [66725.0, 5540.0], [66737.5, 3080.0], [66740.0, 10310.0], [66745.0, 14930.0], [66747.5, 56070.0], [66750.0, 300.0], [66752.5, 990.0], [66770.0, 6370.0], [66772.5, 20350.0], [66782.5, 990.0]]}}}
{"jsonrpc": "2.0", "method": "subscription", "params": {"channel": "book.BTC-20FEB26.none.20.100ms", "data": {"timestamp": 1771468992196, "change_id": 141146888345, "instrument_name": "BTC-20FEB26", "bids": [[66677.5, 3500.0], [66675.0, 8730.0], [66672.5, 4600.0], [66670.0, 20.0], [66642.5, 1650.0], [66640.0, 5540.0], [66597.5, 5950.0], [66595.0, 19920.0], [66587.5, 890.0], [66585.0, 2990.0], [66580.0, 500.0], [66577.5, 2960.0], [66575.0, 9900.0], [66562.5, 13600.0], [66560.0, 45550.0], [66520.0, 20190.0], [66510.0, 39880.0], [66482.5, 50000.0], [66460.0, 50.0], [66422.5, 41100.0]], "asks": [[66680.0, 5540.0], [66690.0, 560.0], [66692.5, 2600.0], [66695.0, 2450.0], [66697.5, 1500.0], [66700.0, 600.0], [66702.5, 2000.0], [66705.0, 40.0], [66720.0, 300.0], [66722.5, 2640.0], [66725.0, 5540.0], [66737.5, 3080.0], [66740.0, 10310.0], [66745.0, 14930.0], [66747.5, 56070.0], [66750.0, 300.0], [66752.5, 990.0], [66770.0, 6370.0], [66772.5, 20350.0], [66782.5, 990.0]]}}}
{"jsonrpc": "2.0", "method": "subscription", "params": {"channel": "book.BTC-20FEB26.none.20.100ms", "data": {"timestamp": 1771468992643, "change_id": 141146889314, "instrument_name": "BTC-20FEB26", "bids": [[66682.5, 600.0], [66680.0, 4700.0], [66677.5, 9640.0], [66675.0, 2600.0], [66672.5, 2000.0], [66670.0, 20.0], [66642.5, 1650.0], [66640.0, 5540.0], [66602.5, 5950.0], [66600.0, 19920.0], [66587.5, 890.0], [66585.0, 2990.0], [66580.0, 500.0], [66577.5, 2960.0], [66575.0, 9900.0], [66562.5, 13600.0], [66560.0, 45550.0], [66520.0, 20190.0], [66510.0, 39880.0], [66482.5, 50000.0]], "asks": [[66692.5, 600.0], [66695.0, 2990.0], [66697.5, 3500.0], [66700.0, 600.0], [66702.5, 2000.0], [66705.0, 40.0], [66720.0, 300.0], [66722.5, 2640.0], [66725.0, 5540.0], [66737.5, 3080.0], [66740.0, 10310.0], [66745.0, 14930.0], [66747.5, 56070.0], [66750.0, 300.0], [66752.5, 990.0], [66770.0, 6370.0], [66772.5, 20350.0], [66782.5, 990.0], [66830.0, 43840.0], [66842.5, 20090.0]]}}}
{"jsonrpc": "2.0", "method": "subscription", "params": {"channel": "book.BTC-20FEB26.none.20.100ms", "data": {"timestamp": 1771468992877, "change_id": 141146889693, "instrument_name": "BTC-20FEB26", "bids": [[66682.5, 2600.0], [66680.0, 8580.0], [66677.5, 3500.0], [66675.0, 600.0], [66672.5, 2000.0], [66670.0, 20.0], [66642.5, 1650.0], [66640.0, 5540.0], [66602.5, 5950.0], [66600.0, 19920.0], [66587.5, 890.0], [66585.0, 2990.0], [66580.0, 500.0], [66577.5, 2960.0], [66575.0, 9900.0], [66562.5, 13600.0], [66560.0, 45550.0], [66520.0, 20190.0], [66510.0, 39880.0], [66482.5, 50000.0]], "asks": [[66685.0, 5540.0], [66692.5, 600.0], [66695.0, 2990.0], [66697.5, 3500.0], [66700.0, 600.0], [66702.5, 2000.0], [66705.0, 40.0], [66720.0, 300.0], [66722.5, 2640.0], [66725.0, 5540.0], [66737.5, 3080.0], [66740.0, 10310.0], [66745.0, 14930.0], [66747.5, 56070.0], [66750.0, 300.0], [66752.5, 990.0], [66770.0, 6370.0], [66772.5, 20350.0], [66782.5, 990.0], [66830.0, 43840.0]]}}}
{"jsonrpc": "2.0", "method": "subscription", "params": {"channel": "book.BTC-20FEB26.none.20.100ms", "data": {"timestamp": 1771468993279, "change_id": 141146890520, "instrument_name": "BTC-20FEB26", "bids": [[66682.5, 510.0], [66672.5, 2000.0], [66602.5, 5950.0], [66600.0, 19920.0], [66587.5, 890.0], [66585.0, 2990.0], [66580.0, 500.0], [66577.5, 2960.0], [66575.0, 9900.0], [66562.5, 13600.0], [66560.0, 45550.0], [66520.0, 20190.0], [66510.0, 39880.0], [66482.5, 50000.0], [66460.0, 50.0], [66422.5, 41100.0], [66347.5, 160.0], [66345.0, 2090.0], [66307.5, 50000.0], [66305.0, 60620.0]], "asks": [[66685.0, 5540.0], [66692.5, 600.0], [66695.0, 2990.0], [66697.5, 3500.0], [66700.0, 600.0], [66702.5, 2000.0], [66705.0, 40.0], [66720.0, 300.0], [66722.5, 2640.0], [66725.0, 5540.0], [66737.5, 3080.0], [66740.0, 10310.0], [66745.0, 14930.0], [66747.5, 56070.0], [66750.0, 300.0], [66752.5, 990.0], [66770.0, 6370.0], [66772.5, 20350.0], [66782.5, 990.0], [66830.0, 43840.0]]}}}
{"jsonrpc": "2.0", "method": "subscription", "params": {"channel": "book.BTC-20FEB26.none.20.100ms", "data": {"timestamp": 1771468993591, "change_id": 141146893600, "instrument_name": "BTC-20FEB26", "bids": [[66660.0, 2000.0], [66645.0, 20.0], [66597.5, 5540.0], [66585.0, 2990.0], [66580.0, 500.0], [66560.0, 45550.0], [66520.0, 20190.0], [66510.0, 39880.0], [66482.5, 50000.0], [66460.0, 50.0], [66422.5, 41100.0], [66347.5, 160.0], [66345.0, 2090.0], [66307.5, 50000.0], [66305.0, 60620.0], [66250.0, 50000.0], [66212.5, 640.0], [66210.0, 41800.0], [66205.0, 50000.0], [66187.5, 59830.0]], "asks": [[66662.5, 5540.0], [66680.0, 2000.0], [66682.5, 7580.0], [66695.0, 2000.0], [66697.5, 3500.0], [66702.5, 2000.0], [66722.5, 990.0], [66740.0, 10310.0], [66752.5, 990.0], [66755.0, 50000.0], [66770.0, 45780.0], [66772.5, 20350.0], [66782.5, 990.0], [66842.5, 20090.0], [66870.0, 50000.0], [66877.5, 39450.0], [66905.0, 2090.0], [66915.0, 39710.0], [66987.5, 50.0], [67002.5, 8360.0]]}}}
{"jsonrpc": "2.0", "method": "subscription", "params": {"channel": "book.BTC-20FEB26.none.20.100ms", "data": {"timestamp": 1771468993867, "change_id": 141146894093, "instrument_name": "BTC-20FEB26", "bids": [[66660.0, 2000.0], [66652.5, 7040.0], [66647.5, 2000.0], [66645.0, 20.0], [66597.5, 5540.0], [66585.0, 2990.0], [66580.0, 500.0], [66567.5, 9840.0], [66560.0, 45550.0], [66520.0, 20190.0], [66510.0, 39880.0], [66482.5, 50000.0], [66460.0, 50.0], [66422.5, 41100.0], [66347.5, 160.0], [66345.0, 2090.0], [66307.5, 50000.0], [66305.0, 60620.0], [66250.0, 50000.0], [66212.5, 640.0]], "asks": [[66662.5, 5540.0], [66672.5, 1500.0], [66680.0, 2000.0], [66682.5, 5580.0], [66722.5, 990.0], [66740.0, 10310.0], [66752.5, 990.0], [66767.5, 50000.0], [66770.0, 45780.0], [66772.5, 20350.0], [66782.5, 990.0], [66842.5, 20090.0], [66870.0, 50000.0], [66877.5, 39450.0], [66905.0, 2090.0], [66915.0, 39710.0], [66987.5, 50.0], [67002.5, 8360.0], [67005.0, 50000.0], [67017.5, 160.0]]}}}
{"jsonrpc": "2.0", "method": "subscription", "params": {"channel": "book.BTC-20FEB26.none.20.100ms", "data": {"timestamp": 1771468994270, "change_id": 141146894870, "instrument_name": "BTC-20FEB26", "bids": [[66660.0, 2750.0], [66657.5, 1650.0], [66655.0, 5990.0], [66652.5, 2100.0], [66650.0, 2600.0], [66647.5, 2000.0], [66645.0, 20.0], [66610.0, 5950.0], [66607.5, 19920.0], [66600.0, 1650.0], [66597.5, 5540.0], [66587.5, 890.0], [66585.0, 2990.0], [66580.0, 500.0], [66570.0, 2940.0], [66567.5, 9840.0], [66560.0, 45550.0], [66520.0, 20190.0], [66510.0, 39880.0], [66482.5, 50000.0]], "asks": [[66662.5, 5540.0], [66670.0, 450.0], [66672.5, 1500.0], [66677.5, 600.0], [66680.0, 3670.0], [66682.5, 5580.0], [66720.0, 300.0], [66722.5, 990.0], [66737.5, 3080.0], [66740.0, 10310.0], [66750.0, 300.0], [66752.5, 990.0], [66765.0, 14930.0], [66767.5, 63670.0], [66770.0, 45780.0], [66772.5, 20350.0], [66782.5, 990.0], [66842.5, 20090.0], [66870.0, 50000.0], [66877.5, 39450.0]]}}}
{"jsonrpc": "2.0", "method": "subscription", "params": {"channel": "book.BTC-20FEB26.none.20.100ms", "data": {"timestamp": 1771468994623, "change_id": 141146896586, "instrument_name": "BTC-20FEB26", "bids": [[66660.0, 2750.0], [66657.5, 1650.0], [66655.0, 5990.0], [66652.5, 1500.0], [66650.0, 600.0], [66647.5, 2000.0], [66645.0, 20.0], [66610.0, 5950.0], [66607.5, 19920.0], [66600.0, 1650.0], [66597.5, 5540.0], [66587.5, 890.0], [66585.0, 2990.0], [66580.0, 500.0], [66570.0, 2940.0], [66567.5, 9840.0], [66560.0, 45550.0], [66520.0, 20190.0], [66510.0, 39880.0], [66482.5, 50000.0]], "asks": [[66662.5, 5540.0], [66670.0, 450.0], [66672.5, 1500.0], [66677.5, 600.0], [66680.0, 3670.0], [66682.5, 5580.0], [66720.0, 300.0], [66722.5, 990.0], [66737.5, 3080.0], [66740.0, 10310.0], [66750.0, 300.0], [66752.5, 990.0], [66765.0, 14930.0], [66767.5, 63670.0], [66770.0, 45780.0], [66772.5, 20350.0], [66782.5, 990.0], [66842.5, 20090.0], [66870.0, 50000.0], [66877.5, 39450.0]]}}}
{"jsonrpc": "2.0", "method": "subscription", "params": {"channel": "book.BTC-20FEB26.none.20.100ms", "data": {"timestamp": 1771468994855, "change_id": 141146896773, "instrument_name": "BTC-20FEB26", "bids": [[66660.0, 2750.0], [66657.5, 1650.0], [66655.0, 5990.0], [66652.5, 1500.0], [66650.0, 600.0], [66647.5, 2000.0], [66645.0, 20.0], [66610.0, 5950.0], [66607.5, 19920.0], [66600.0, 1650.0], [66597.5, 5540.0], [66587.5, 890.0], [66585.0, 2990.0], [66580.0, 500.0], [66570.0, 2940.0], [66567.5, 9840.0], [66560.0, 45550.0], [66520.0, 20190.0], [66510.0, 39880.0], [66482.5, 50000.0]], "asks": [[66662.5, 5540.0], [66670.0, 450.0], [66672.5, 1500.0], [66675.0, 600.0], [66677.5, 2600.0], [66680.0, 3670.0], [66682.5, 5580.0], [66720.0, 300.0], [66722.5, 990.0], [66737.5, 3080.0], [66740.0, 10310.0], [66750.0, 300.0], [66752.5, 990.0], [66765.0, 14930.0], [66767.5, 63670.0], [66770.0, 45780.0], [66772.5, 20350.0], [66782.5, 990.0], [66842.5, 20090.0], [66870.0, 50000.0]]}}}
{"jsonrpc": "2.0", "method": "subscription", "params": {"channel": "book.BTC-20FEB26.none.20.100ms", "data": {"timestamp": 1771468996270, "change_id": 141146898850, "instrument_name": "BTC-20FEB26", "bids": [[66660.0, 2750.0], [66657.5, 1650.0], [66655.0, 6530.0], [66652.5, 3500.0], [66650.0, 600.0], [66647.5, 2000.0], [66645.0, 20.0], [66610.0, 5950.0], [66607.5, 19920.0], [66600.0, 1650.0], [66597.5, 5540.0], [66587.5, 890.0], [66585.0, 2990.0], [66580.0, 500.0], [66570.0, 2940.0], [66567.5, 9840.0], [66560.0, 45550.0], [66520.0, 20190.0], [66510.0, 39880.0], [66482.5, 50000.0]], "asks": [[66662.5, 5540.0], [66670.0, 450.0], [66672.5, 1500.0], [66675.0, 600.0], [66677.5, 2600.0], [66680.0, 3670.0], [66682.5, 5580.0], [66720.0, 300.0], [66722.5, 990.0], [66737.5, 3080.0], [66740.0, 10310.0], [66750.0, 300.0], [66752.5, 990.0], [66765.0, 14930.0], [66767.5, 63670.0], [66770.0, 45780.0], [66772.5, 20350.0], [66782.5, 990.0], [66842.5, 20090.0], [66870.0, 50000.0]]}}}
{"jsonrpc": "2.0", "method": "subscription", "params": {"channel": "book.BTC-20FEB26.none.20.100ms", "data": {"timestamp": 1771468996604, "change_id": 141146899637, "instrument_name": "BTC-20FEB26", "bids": [[66660.0, 2750.0], [66655.0, 990.0], [66652.5, 5150.0], [66650.0, 6140.0], [66647.5, 2000.0], [66645.0, 20.0], [66610.0, 5950.0], [66607.5, 19920.0], [66600.0, 1650.0], [66597.5, 5540.0], [66587.5, 890.0], [66585.0, 2990.0], [66580.0, 500.0], [66570.0, 2940.0], [66567.5, 9840.0], [66560.0, 45550.0], [66520.0, 20190.0], [66510.0, 39880.0], [66482.5, 50000.0], [66460.0, 50.0]], "asks": [[66662.5, 5540.0], [66670.0, 450.0], [66672.5, 1500.0], [66675.0, 600.0], [66677.5, 2600.0], [66680.0, 3670.0], [66682.5, 5580.0], [66720.0, 300.0], [66722.5, 990.0], [66737.5, 3080.0], [66740.0, 10310.0], [66750.0, 300.0], [66752.5, 990.0], [66765.0, 14930.0], [66767.5, 63670.0], [66770.0, 45780.0], [66772.5, 20350.0], [66782.5, 990.0], [66842.5, 20090.0], [66870.0, 50000.0]]}}}
{"jsonrpc": "2.0", "method": "subscription", "params": {"channel": "book.BTC-20FEB26.none.20.100ms", "data": {"timestamp": 1771468996929, "change_id": 141146900573, "instrument_name": "BTC-20FEB26", "bids": [[66657.5, 2600.0], [66655.0, 4570.0], [66652.5, 9040.0], [66650.0, 600.0], [66647.5, 2000.0], [66645.0, 20.0], [66610.0, 5950.0], [66607.5, 19920.0], [66600.0, 1650.0], [66597.5, 5540.0], [66587.5, 890.0], [66585.0, 2990.0], [66580.0, 500.0], [66570.0, 2940.0], [66567.5, 9840.0], [66560.0, 45550.0], [66520.0, 20190.0], [66510.0, 39880.0], [66482.5, 50000.0], [66460.0, 50.0]], "asks": [[66660.0, 5540.0], [66662.5, 2000.0], [66670.0, 450.0], [66672.5, 2100.0], [66675.0, 2600.0], [66677.5, 2600.0], [66680.0, 3670.0], [66682.5, 5580.0], [66720.0, 300.0], [66722.5, 990.0], [66737.5, 3080.0], [66740.0, 10310.0], [66750.0, 300.0], [66752.5, 990.0], [66765.0, 14930.0], [66767.5, 63670.0], [66770.0, 45780.0], [66772.5, 20350.0], [66782.5, 990.0], [66842.5, 20090.0]]}}}
{"jsonrpc": "2.0", "method": "subscription", "params": {"channel": "book.BTC-20FEB26.none.20.100ms", "data": {"timestamp": 1771468997199, "change_id": 141146902003, "instrument_name": "BTC-20FEB26", "bids": [[66665.0, 8140.0], [66662.5, 2600.0], [66660.0, 2600.0], [66657.5, 2600.0], [66655.0, 3100.0], [66652.5, 1520.0], [66650.0, 600.0], [66647.5, 2000.0], [66642.5, 1650.0], [66640.0, 5540.0], [66610.0, 5950.0], [66607.5, 19920.0], [66587.5, 890.0], [66585.0, 2990.0], [66580.0, 500.0], [66570.0, 2940.0], [66567.5, 9840.0], [66560.0, 45550.0], [66520.0, 20190.0], [66510.0, 39880.0]], "asks": [[66667.5, 5540.0], [66675.0, 600.0], [66677.5, 2600.0], [66680.0, 2000.0], [66685.0, 40.0], [66725.0, 5540.0], [66732.5, 300.0], [66735.0, 990.0], [66737.5, 3080.0], [66740.0, 10310.0], [66762.5, 300.0], [66765.0, 15920.0], [66767.5, 63670.0], [66770.0, 45780.0], [66772.5, 20350.0], [66795.0, 990.0], [66842.5, 20090.0], [66870.0, 50000.0], [66877.5, 39450.0], [66905.0, 2090.0]]}}}
{"jsonrpc": "2.0", "method": "subscription", "params": {"channel": "book.BTC-20FEB26.none.20.100ms", "data": {"timestamp": 1771468997327, "change_id": 141146902625, "instrument_name": "BTC-20FEB26", "bids": [[66665.0, 2000.0], [66662.5, 9640.0], [66660.0, 2600.0], [66657.5, 2600.0], [66655.0, 2650.0], [66652.5, 20.0], [66650.0, 600.0], [66647.5, 2000.0], [66642.5, 1650.0], [66640.0, 5540.0], [66610.0, 5950.0], [66607.5, 19920.0], [66587.5, 890.0], [66585.0, 2990.0], [66580.0, 500.0], [66570.0, 2940.0], [66567.5, 9840.0], [66560.0, 45550.0], [66520.0, 20190.0], [66510.0, 39880.0]], "asks": [[66667.5, 5540.0], [66675.0, 600.0], [66677.5, 2600.0], [66680.0, 2000.0], [66682.5, 460.0], [66685.0, 1540.0], [66725.0, 5540.0], [66732.5, 300.0], [66735.0, 990.0], [66737.5, 3080.0], [66740.0, 10310.0], [66762.5, 300.0], [66765.0, 15920.0], [66767.5, 63670.0], [66770.0, 45780.0], [66772.5, 20350.0], [66795.0, 990.0], [66842.5, 20090.0], [66870.0, 50000.0], [66877.5, 39450.0]]}}}
{"jsonrpc": "2.0", "method": "subscription", "params": {"channel": "book.BTC-20FEB26.none.20.100ms", "data": {"timestamp": 1771468997889, "change_id": 141146903694, "instrument_name": "BTC-20FEB26", "bids": [[66665.0, 2000.0], [66662.5, 5670.0], [66660.0, 8140.0], [66657.5, 2600.0], [66655.0, 2650.0], [66652.5, 20.0], [66642.5, 1650.0], [66640.0, 5540.0], [66610.0, 5950.0], [66607.5, 19920.0], [66587.5, 890.0], [66585.0, 2990.0], [66580.0, 500.0], [66570.0, 2940.0], [66567.5, 9840.0], [66560.0, 45550.0], [66520.0, 20190.0], [66510.0, 39880.0], [66482.5, 50000.0], [66460.0, 50.0]], "asks": [[66667.5, 5540.0], [66677.5, 970.0], [66680.0, 4100.0], [66682.5, 2000.0], [66685.0, 40.0], [66725.0, 5540.0], [66732.5, 300.0], [66735.0, 990.0], [66737.5, 3080.0], [66740.0, 10310.0], [66762.5, 300.0], [66765.0, 15920.0], [66767.5, 63670.0], [66770.0, 45780.0], [66772.5, 20350.0], [66795.0, 990.0], [66842.5, 20090.0], [66870.0, 50000.0], [66877.5, 39450.0], [66905.0, 2090.0]]}}}
{"jsonrpc": "2.0", "method": "subscription", "params": {"channel": "book.BTC-20FEB26.none.20.100ms", "data": {"timestamp": 1771468998138, "change_id": 141146904134, "instrument_name": "BTC-20FEB26", "bids": [[66665.0, 2000.0], [66662.5, 5670.0], [66660.0, 8140.0], [66657.5, 2600.0], [66655.0, 2000.0], [66652.5, 20.0], [66642.5, 3650.0], [66640.0, 5540.0], [66610.0, 5950.0], [66607.5, 19920.0], [66587.5, 890.0], [66585.0, 2990.0], [66580.0, 500.0], [66570.0, 2940.0], [66567.5, 9840.0], [66560.0, 45550.0], [66520.0, 20190.0], [66510.0, 39880.0], [66482.5, 50000.0], [66460.0, 50.0]], "asks": [[66667.5, 5540.0], [66677.5, 970.0], [66680.0, 4100.0], [66682.5, 2000.0], [66685.0, 40.0], [66725.0, 5540.0], [66732.5, 300.0], [66735.0, 990.0], [66737.5, 3080.0], [66740.0, 10310.0], [66762.5, 300.0], [66765.0, 15920.0], [66767.5, 63670.0], [66770.0, 45780.0], [66772.5, 20350.0], [66795.0, 990.0], [66842.5, 20090.0], [66870.0, 50000.0], [66877.5, 39450.0], [66905.0, 2090.0]]}}}
{"jsonrpc": "2.0", "method": "subscription", "params": {"channel": "book.BTC-20FEB26.none.20.100ms", "data": {"timestamp": 1771468998408, "change_id": 141146904664, "instrument_name": "BTC-20FEB26", "bids": [[66665.0, 2570.0], [66662.5, 7670.0], [66660.0, 8140.0], [66657.5, 2600.0], [66655.0, 2000.0], [66652.5, 20.0], [66645.0, 600.0], [66642.5, 3650.0], [66640.0, 5540.0], [66615.0, 5950.0], [66612.5, 19920.0], [66587.5, 890.0], [66585.0, 2990.0], [66580.0, 500.0], [66570.0, 2940.0], [66567.5, 9840.0], [66560.0, 45550.0], [66520.0, 20190.0], [66510.0, 39880.0], [66482.5, 50000.0]], "asks": [[66667.5, 5540.0], [66677.5, 970.0], [66680.0, 4100.0], [66682.5, 7540.0], [66685.0, 40.0], [66732.5, 300.0], [66735.0, 990.0], [66737.5, 3080.0], [66740.0, 10310.0], [66762.5, 300.0], [66765.0, 15920.0], [66767.5, 63670.0], [66770.0, 45780.0], [66772.5, 20350.0], [66795.0, 990.0], [66842.5, 20090.0], [66870.0, 50000.0], [66877.5, 39450.0], [66905.0, 2090.0], [66915.0, 39710.0]]}}}
{"jsonrpc": "2.0", "method": "subscription", "params": {"channel": "book.BTC-20FEB26.none.20.100ms", "data": {"timestamp": 1771468998811, "change_id": 141146905353, "instrument_name": "BTC-20FEB26", "bids": [[66665.0, 2570.0], [66662.5, 7670.0], [66660.0, 8140.0], [66657.5, 600.0], [66655.0, 2000.0], [66652.5, 20.0], [66645.0, 2000.0], [66642.5, 1650.0], [66640.0, 5540.0], [66615.0, 5950.0], [66612.5, 19920.0], [66587.5, 890.0], [66585.0, 2990.0], [66580.0, 500.0], [66570.0, 2940.0], [66567.5, 9840.0], [66560.0, 45550.0], [66520.0, 20190.0], [66510.0, 39880.0], [66482.5, 50000.0]], "asks": [[66667.5, 5540.0], [66677.5, 970.0], [66680.0, 5670.0], [66682.5, 7540.0], [66685.0, 40.0], [66732.5, 300.0], [66735.0, 990.0], [66737.5, 3080.0], [66740.0, 10310.0], [66762.5, 300.0], [66765.0, 15920.0], [66767.5, 63670.0], [66770.0, 45780.0], [66772.5, 20350.0], [66795.0, 990.0], [66842.5, 20090.0], [66870.0, 50000.0], [66877.5, 39450.0], [66905.0, 2090.0], [66915.0, 39710.0]]}}}
{"jsonrpc": "2.0", "method": "subscription", "params": {"channel": "book.BTC-20FEB26.none.20.100ms", "data": {"timestamp": 1771468999199, "change_id": 141146906092, "instrument_name": "BTC-20FEB26", "bids": [[66665.0, 2570.0], [66662.5, 2600.0], [66660.0, 3650.0], [66657.5, 6510.0], [66655.0, 3500.0], [66652.5, 20.0], [66615.0, 5950.0], [66612.5, 19920.0], [66600.0, 1650.0], [66597.5, 5540.0], [66587.5, 890.0], [66585.0, 2990.0], [66580.0, 500.0], [66570.0, 2940.0], [66567.5, 9840.0], [66560.0, 45550.0], [66520.0, 20190.0], [66510.0, 39880.0], [66482.5, 50000.0], [66460.0, 50.0]], "asks": [[66667.5, 5540.0], [66672.5, 450.0], [66675.0, 1500.0], [66677.5, 600.0], [66680.0, 4170.0], [66682.5, 7540.0], [66685.0, 40.0], [66732.5, 300.0], [66735.0, 990.0], [66737.5, 3080.0], [66740.0, 10310.0], [66762.5, 300.0], [66765.0, 15920.0], [66767.5, 63670.0], [66770.0, 45780.0], [66772.5, 20350.0], [66795.0, 990.0], [66842.5, 20090.0], [66870.0, 50000.0], [66877.5, 39450.0]]}}}
{"jsonrpc": "2.0", "method": "subscription", "params": {"channel": "book.BTC-20FEB26.none.20.100ms", "data": {"timestamp": 1771468999320, "change_id": 141146906345, "instrument_name": "BTC-20FEB26", "bids": [[66665.0, 2570.0], [66662.5, 2600.0], [66660.0, 3650.0], [66657.5, 6510.0], [66655.0, 3500.0], [66652.5, 20.0], [66615.0, 5950.0], [66612.5, 19920.0], [66600.0, 1650.0], [66597.5, 5540.0], [66587.5, 890.0], [66585.0, 2990.0], [66580.0, 500.0], [66570.0, 2940.0], [66567.5, 9840.0], [66560.0, 45550.0], [66520.0, 20190.0], [66510.0, 39880.0], [66482.5, 50000.0], [66460.0, 50.0]], "asks": [[66667.5, 5540.0], [66672.5, 450.0], [66675.0, 1500.0], [66677.5, 600.0], [66680.0, 4170.0], [66682.5, 7540.0], [66685.0, 40.0], [66700.0, 300.0], [66702.5, 990.0], [66732.5, 990.0], [66737.5, 3080.0], [66740.0, 10310.0], [66760.0, 300.0], [66762.5, 990.0], [66765.0, 14930.0], [66767.5, 63670.0], [66770.0, 45780.0], [66772.5, 20350.0], [66842.5, 20090.0], [66870.0, 50000.0]]}}}
{"jsonrpc": "2.0", "method": "subscription", "params": {"channel": "book.BTC-20FEB26.none.20.100ms", "data": {"timestamp": 1771468999800, "change_id": 141146907007, "instrument_name": "BTC-20FEB26", "bids": [[66665.0, 2570.0], [66662.5, 2600.0], [66660.0, 3650.0], [66657.5, 6510.0], [66655.0, 3500.0], [66652.5, 20.0], [66615.0, 5950.0], [66612.5, 19920.0], [66600.0, 1650.0], [66597.5, 5540.0], [66587.5, 890.0], [66585.0, 2990.0], [66580.0, 500.0], [66570.0, 2940.0], [66567.5, 9840.0], [66560.0, 45550.0], [66520.0, 20190.0], [66510.0, 39880.0], [66482.5, 50000.0], [66460.0, 50.0]], "asks": [[66667.5, 7440.0], [66672.5, 450.0], [66675.0, 1500.0], [66677.5, 600.0], [66680.0, 4170.0], [66682.5, 7540.0], [66685.0, 40.0], [66700.0, 300.0], [66702.5, 990.0], [66730.0, 300.0], [66732.5, 990.0], [66737.5, 3080.0], [66740.0, 10310.0], [66760.0, 300.0], [66762.5, 990.0], [66765.0, 14930.0], [66767.5, 63670.0], [66770.0, 45780.0], [66772.5, 20350.0], [66842.5, 20090.0]]}}}
{"jsonrpc": "2.0", "method": "subscription", "params": {"channel": "book.BTC-20FEB26.none.20.100ms", "data": {"timestamp": 1771469000232, "change_id": 141146907529, "instrument_name": "BTC-20FEB26", "bids": [[66665.0, 2570.0], [66662.5, 2600.0], [66660.0, 2000.0], [66657.5, 2570.0], [66655.0, 9040.0], [66652.5, 20.0], [66615.0, 5950.0], [66612.5, 19920.0], [66600.0, 1650.0], [66597.5, 5540.0], [66587.5, 890.0], [66585.0, 2990.0], [66580.0, 500.0], [66570.0, 2940.0], [66567.5, 9840.0], [66560.0, 45550.0], [66520.0, 20190.0], [66510.0, 39880.0], [66482.5, 50000.0], [66460.0, 50.0]], "asks": [[66667.5, 7440.0], [66672.5, 450.0], [66675.0, 1500.0], [66677.5, 600.0], [66680.0, 4170.0], [66682.5, 7540.0], [66685.0, 40.0], [66700.0, 300.0], [66702.5, 990.0], [66730.0, 300.0], [66732.5, 990.0], [66737.5, 3080.0], [66740.0, 10310.0], [66760.0, 300.0], [66762.5, 990.0], [66765.0, 14930.0], [66767.5, 63670.0], [66770.0, 45780.0], [66772.5, 20350.0], [66842.5, 20090.0]]}}}
{"jsonrpc": "2.0", "method": "subscription", "params": {"channel": "book.BTC-20FEB26.none.20.100ms", "data": {"timestamp": 1771469000272, "change_id": 141146907656, "instrument_name": "BTC-20FEB26", "bids": [[66665.0, 2570.0], [66662.5, 2600.0], [66660.0, 2600.0], [66657.5, 4570.0], [66655.0, 9040.0], [66652.5, 20.0], [66615.0, 5950.0], [66612.5, 19920.0], [66600.0, 1650.0], [66597.5, 5540.0], [66587.5, 890.0], [66585.0, 2990.0], [66580.0, 500.0], [66570.0, 2940.0], [66567.5, 9840.0], [66560.0, 45550.0], [66520.0, 20190.0], [66510.0, 39880.0], [66482.5, 50000.0], [66460.0, 50.0]], "asks": [[66667.5, 7440.0], [66672.5, 450.0], [66675.0, 1500.0], [66677.5, 600.0], [66680.0, 4170.0], [66682.5, 7540.0], [66685.0, 40.0], [66700.0, 300.0], [66702.5, 990.0], [66730.0, 300.0], [66732.5, 990.0], [66737.5, 3080.0], [66740.0, 10310.0], [66760.0, 300.0], [66762.5, 990.0], [66765.0, 14930.0], [66767.5, 63670.0], [66770.0, 45780.0], [66772.5, 20350.0], [66842.5, 20090.0]]}}}
{"jsonrpc": "2.0", "method": "subscription", "params": {"channel": "book.BTC-20FEB26.none.20.100ms", "data": {"timestamp": 1771469000887, "change_id": 141146908478, "instrument_name": "BTC-20FEB26", "bids": [[66665.0, 2570.0], [66662.5, 2600.0], [66660.0, 4170.0], [66657.5, 6510.0], [66655.0, 3500.0], [66652.5, 20.0], [66615.0, 5950.0], [66612.5, 19920.0], [66600.0, 1650.0], [66597.5, 5540.0], [66587.5, 890.0], [66585.0, 2990.0], [66580.0, 500.0], [66570.0, 2940.0], [66567.5, 9840.0], [66560.0, 45550.0], [66520.0, 20190.0], [66510.0, 39880.0], [66482.5, 50000.0], [66460.0, 50.0]], "asks": [[66667.5, 5540.0], [66677.5, 600.0], [66680.0, 4170.0], [66682.5, 7540.0], [66685.0, 40.0], [66700.0, 300.0], [66702.5, 990.0], [66730.0, 300.0], [66732.5, 990.0], [66737.5, 3080.0], [66740.0, 10310.0], [66760.0, 300.0], [66762.5, 990.0], [66765.0, 14930.0], [66767.5, 63670.0], [66770.0, 45780.0], [66772.5, 20350.0], [66842.5, 20090.0], [66870.0, 50000.0], [66877.5, 39450.0]]}}}
{"jsonrpc": "2.0", "method": "subscription", "params": {"channel": "book.BTC-20FEB26.none.20.100ms", "data": {"timestamp": 1771469001206, "change_id": 141146909520, "instrument_name": "BTC-20FEB26", "bids": [[66665.0, 9610.0], [66662.5, 2600.0], [66660.0, 2020.0], [66657.5, 600.0], [66655.0, 2000.0], [66642.5, 1650.0], [66640.0, 5540.0], [66615.0, 5950.0], [66612.5, 19920.0], [66587.5, 890.0], [66585.0, 2990.0], [66580.0, 500.0], [66570.0, 2940.0], [66567.5, 9840.0], [66560.0, 45550.0], [66520.0, 20190.0], [66510.0, 39880.0], [66482.5, 50000.0], [66460.0, 50.0], [66422.5, 41100.0]], "asks": [[66667.5, 5540.0], [66677.5, 600.0], [66680.0, 2600.0], [66682.5, 2450.0], [66685.0, 1500.0], [66695.0, 40.0], [66700.0, 300.0], [66702.5, 990.0], [66722.5, 1650.0], [66725.0, 5540.0], [66730.0, 300.0], [66732.5, 990.0], [66737.5, 3080.0], [66740.0, 10310.0], [66760.0, 300.0], [66762.5, 990.0], [66765.0, 14930.0], [66767.5, 63670.0], [66770.0, 45780.0], [66772.5, 20350.0]]}}}
{"jsonrpc": "2.0", "method": "subscription", "params": {"channel": "book.BTC-20FEB26.none.20.100ms", "data": {"timestamp": 1771469001563, "change_id": 141146910609, "instrument_name": "BTC-20FEB26", "bids": [[66670.0, 9040.0], [66667.5, 2770.0], [66665.0, 3170.0], [66662.5, 2600.0], [66660.0, 2020.0], [66657.5, 600.0], [66655.0, 2000.0], [66642.5, 1650.0], [66640.0, 5540.0], [66597.5, 5950.0], [66595.0, 19920.0], [66587.5, 890.0], [66585.0, 2990.0], [66580.0, 500.0], [66570.0, 2940.0], [66567.5, 9840.0], [66560.0, 45550.0], [66520.0, 20190.0], [66510.0, 39880.0], [66482.5, 50000.0]], "asks": [[66672.5, 5540.0], [66682.5, 450.0], [66685.0, 1500.0], [66695.0, 40.0], [66710.0, 300.0], [66712.5, 990.0], [66722.5, 1650.0], [66725.0, 5540.0], [66737.5, 3080.0], [66740.0, 10610.0], [66742.5, 990.0], [66765.0, 14930.0], [66767.5, 63670.0], [66770.0, 45780.0], [66772.5, 21340.0], [66842.5, 20090.0], [66870.0, 50000.0], [66877.5, 39450.0], [66905.0, 2090.0], [66915.0, 39710.0]]}}}
{"jsonrpc": "2.0", "method": "subscription", "params": {"channel": "book.BTC-20FEB26.none.20.100ms", "data": {"timestamp": 1771469001896, "change_id": 141146911060, "instrument_name": "BTC-20FEB26", "bids": [[66670.0, 3500.0], [66667.5, 8310.0], [66665.0, 2600.0], [66662.5, 2600.0], [66660.0, 2020.0], [66642.5, 1650.0], [66640.0, 5540.0], [66597.5, 5950.0], [66595.0, 19920.0], [66587.5, 890.0], [66585.0, 2990.0], [66580.0, 500.0], [66570.0, 2940.0], [66567.5, 9840.0], [66560.0, 45550.0], [66520.0, 20190.0], [66510.0, 39880.0], [66482.5, 50000.0], [66460.0, 50.0], [66422.5, 41100.0]], "asks": [[66672.5, 5540.0], [66682.5, 450.0], [66685.0, 1500.0], [66690.0, 600.0], [66692.5, 2000.0], [66695.0, 40.0], [66715.0, 300.0], [66717.5, 990.0], [66722.5, 1650.0], [66725.0, 5540.0], [66737.5, 3080.0], [66740.0, 10310.0], [66745.0, 300.0], [66747.5, 990.0], [66765.0, 14930.0], [66767.5, 63670.0], [66770.0, 45780.0], [66772.5, 20350.0], [66777.5, 990.0], [66842.5, 20090.0]]}}}
{"jsonrpc": "2.0", "method": "subscription", "params": {"channel": "book.BTC-20FEB26.none.20.100ms", "data": {"timestamp": 1771469002543, "change_id": 141146912163, "instrument_name": "BTC-20FEB26", "bids": [[66670.0, 4250.0], [66667.5, 8310.0], [66665.0, 2600.0], [66662.5, 2600.0], [66660.0, 2020.0], [66642.5, 1650.0], [66640.0, 5540.0], [66597.5, 5950.0], [66595.0, 19920.0], [66587.5, 890.0], [66585.0, 2990.0], [66580.0, 500.0], [66570.0, 2940.0], [66567.5, 9840.0], [66560.0, 45550.0], [66520.0, 20190.0], [66510.0, 39880.0], [66482.5, 50000.0], [66460.0, 50.0], [66422.5, 41100.0]], "asks": [[66672.5, 5540.0], [66682.5, 450.0], [66685.0, 1500.0], [66690.0, 600.0], [66692.5, 2000.0], [66695.0, 40.0], [66715.0, 300.0], [66717.5, 990.0], [66722.5, 1650.0], [66725.0, 5540.0], [66737.5, 3080.0], [66740.0, 10310.0], [66745.0, 300.0], [66747.5, 990.0], [66765.0, 14930.0], [66767.5, 63670.0], [66770.0, 45780.0], [66772.5, 20350.0], [66777.5, 990.0], [66842.5, 20090.0]]}}}
{"jsonrpc": "2.0", "method": "subscription", "params": {"channel": "book.BTC-20FEB26.none.20.100ms", "data": {"timestamp": 1771469002766, "change_id": 141146912399, "instrument_name": "BTC-20FEB26", "bids": [[66670.0, 4250.0], [66667.5, 8310.0], [66665.0, 2600.0], [66662.5, 2000.0], [66660.0, 20.0], [66642.5, 1650.0], [66640.0, 5540.0], [66597.5, 5950.0], [66595.0, 19920.0], [66587.5, 890.0], [66585.0, 2990.0], [66580.0, 500.0], [66570.0, 2940.0], [66567.5, 9840.0], [66560.0, 45550.0], [66520.0, 20190.0], [66510.0, 39880.0], [66482.5, 50000.0], [66460.0, 50.0], [66422.5, 41100.0]], "asks": [[66672.5, 5540.0], [66682.5, 450.0], [66685.0, 1500.0], [66690.0, 600.0], [66692.5, 2000.0], [66695.0, 40.0], [66715.0, 300.0], [66717.5, 990.0], [66722.5, 1650.0], [66725.0, 5540.0], [66737.5, 3080.0], [66740.0, 10310.0], [66745.0, 300.0], [66747.5, 990.0], [66765.0, 14930.0], [66767.5, 63670.0], [66770.0, 45780.0], [66772.5, 20350.0], [66777.5, 990.0], [66842.5, 20090.0]]}}}
{"jsonrpc": "2.0", "method": "subscription", "params": {"channel": "book.BTC-20FEB26.none.20.100ms", "data": {"timestamp": 1771469003268, "change_id": 141146913042, "instrument_name": "BTC-20FEB26", "bids": [[66670.0, 4250.0], [66667.5, 10310.0], [66665.0, 2600.0], [66662.5, 2000.0], [66660.0, 20.0], [66642.5, 1650.0], [66640.0, 5540.0], [66597.5, 5950.0], [66595.0, 19920.0], [66587.5, 890.0], [66585.0, 2990.0], [66580.0, 500.0], [66570.0, 2940.0], [66567.5, 9840.0], [66560.0, 45550.0], [66520.0, 20190.0], [66510.0, 39880.0], [66482.5, 50000.0], [66460.0, 50.0], [66422.5, 41100.0]], "asks": [[66672.5, 5540.0], [66682.5, 450.0], [66685.0, 1500.0], [66690.0, 600.0], [66692.5, 2000.0], [66695.0, 40.0], [66715.0, 300.0], [66717.5, 990.0], [66722.5, 1650.0], [66725.0, 5540.0], [66737.5, 3080.0], [66740.0, 10310.0], [66745.0, 300.0], [66747.5, 990.0], [66765.0, 14930.0], [66767.5, 63670.0], [66770.0, 45780.0], [66772.5, 20350.0], [66777.5, 990.0], [66842.5, 20090.0]]}}}
{"jsonrpc": "2.0", "method": "subscription", "params": {"channel": "book.BTC-20FEB26.none.20.100ms", "data": {"timestamp": 1771469003754, "change_id": 141146913719, "instrument_name": "BTC-20FEB26", "bids": [[66670.0, 4250.0], [66667.5, 9540.0], [66665.0, 600.0], [66662.5, 2000.0], [66660.0, 20.0], [66642.5, 1650.0], [66640.0, 5540.0], [66597.5, 5950.0], [66595.0, 19920.0], [66587.5, 890.0], [66585.0, 2990.0], [66580.0, 500.0], [66570.0, 2940.0], [66567.5, 9840.0], [66560.0, 45550.0], [66520.0, 20190.0], [66510.0, 39880.0], [66482.5, 50000.0], [66460.0, 50.0], [66422.5, 41100.0]], "asks": [[66672.5, 5540.0], [66682.5, 450.0], [66685.0, 1500.0], [66690.0, 600.0], [66692.5, 2000.0], [66695.0, 40.0], [66715.0, 300.0], [66717.5, 990.0], [66722.5, 1650.0], [66725.0, 5540.0], [66737.5, 3080.0], [66740.0, 10310.0], [66745.0, 300.0], [66747.5, 990.0], [66765.0, 14930.0], [66767.5, 63670.0], [66770.0, 45780.0], [66772.5, 20350.0], [66777.5, 990.0], [66842.5, 20090.0]]}}}
{"jsonrpc": "2.0", "method": "subscription", "params": {"channel": "book.BTC-20FEB26.none.20.100ms", "data": {"timestamp": 1771469007378, "change_id": 141146918166, "instrument_name": "BTC-20FEB26", "bids": [[66670.0, 4250.0], [66667.5, 9540.0], [66665.0, 600.0], [66662.5, 2000.0], [66660.0, 20.0], [66642.5, 1650.0], [66640.0, 5540.0], [66602.5, 5950.0], [66600.0, 19920.0], [66587.5, 890.0], [66585.0, 2990.0], [66580.0, 500.0], [66570.0, 2940.0], [66567.5, 9840.0], [66560.0, 45550.0], [66520.0, 20190.0], [66510.0, 39880.0], [66482.5, 50000.0], [66460.0, 50.0], [66422.5, 41100.0]], "asks": [[66672.5, 5540.0], [66682.5, 450.0], [66685.0, 1500.0], [66690.0, 600.0], [66692.5, 2000.0], [66695.0, 40.0], [66715.0, 300.0], [66717.5, 990.0], [66722.5, 1650.0], [66725.0, 5540.0], [66737.5, 3080.0], [66740.0, 10310.0], [66745.0, 300.0], [66747.5, 990.0], [66765.0, 14930.0], [66767.5, 63670.0], [66770.0, 45780.0], [66772.5, 20350.0], [66777.5, 990.0], [66842.5, 20090.0]]}}}
{"jsonrpc": "2.0", "method": "subscription", "params": {"channel": "book.BTC-20FEB26.none.20.100ms", "data": {"timestamp": 1771469009499, "change_id": 141146920749, "instrument_name": "BTC-20FEB26", "bids": [[66670.0, 4250.0], [66667.5, 9540.0], [66665.0, 600.0], [66662.5, 2000.0], [66660.0, 20.0], [66642.5, 1650.0], [66640.0, 5540.0], [66602.5, 5950.0], [66600.0, 19920.0], [66587.5, 890.0], [66585.0, 2990.0], [66580.0, 500.0], [66570.0, 2940.0], [66567.5, 9840.0], [66560.0, 45550.0], [66520.0, 20190.0], [66510.0, 39880.0], [66482.5, 50000.0], [66460.0, 50.0], [66422.5, 41100.0]], "asks": [[66672.5, 5540.0], [66682.5, 450.0], [66685.0, 1500.0], [66690.0, 600.0], [66692.5, 2000.0], [66695.0, 40.0], [66715.0, 300.0], [66717.5, 990.0], [66722.5, 1650.0], [66725.0, 5540.0], [66737.5, 3080.0], [66740.0, 10310.0], [66745.0, 300.0], [66747.5, 990.0], [66765.0, 14930.0], [66767.5, 63670.0], [66770.0, 45780.0], [66772.5, 20350.0], [66777.5, 990.0], [66842.5, 20090.0]]}}}
{"jsonrpc": "2.0", "method": "subscription", "params": {"channel": "book.BTC-20FEB26.none.20.100ms", "data": {"timestamp": 1771469010379, "change_id": 141146921893, "instrument_name": "BTC-20FEB26", "bids": [[66670.0, 4250.0], [66667.5, 9540.0], [66665.0, 600.0], [66662.5, 2000.0], [66660.0, 20.0], [66642.5, 1650.0], [66640.0, 5540.0], [66607.5, 5950.0], [66605.0, 19920.0], [66587.5, 890.0], [66585.0, 2990.0], [66580.0, 500.0], [66570.0, 2940.0], [66567.5, 9840.0], [66560.0, 45550.0], [66520.0, 20190.0], [66510.0, 39880.0], [66482.5, 50000.0], [66460.0, 50.0], [66422.5, 41100.0]], "asks": [[66672.5, 5540.0], [66682.5, 450.0], [66685.0, 1500.0], [66690.0, 600.0], [66692.5, 2000.0], [66695.0, 40.0], [66715.0, 300.0], [66717.5, 990.0], [66722.5, 1650.0], [66725.0, 5540.0], [66737.5, 3080.0], [66740.0, 10310.0], [66745.0, 300.0], [66747.5, 990.0], [66765.0, 14930.0], [66767.5, 63670.0], [66770.0, 45780.0], [66772.5, 20350.0], [66777.5, 990.0], [66842.5, 20090.0]]}}}
{"jsonrpc": "2.0", "method": "subscription", "params": {"channel": "book.BTC-20FEB26.none.20.100ms", "data": {"timestamp": 1771469011154, "change_id": 141146925004, "instrument_name": "BTC-20FEB26", "bids": [[66622.5, 7540.0], [66597.5, 7540.0], [66580.0, 500.0], [66567.5, 2990.0], [66505.0, 9860.0], [66485.0, 14930.0], [66460.0, 50.0], [66422.5, 41100.0], [66347.5, 160.0], [66345.0, 2090.0], [66307.5, 50000.0], [66305.0, 60620.0], [66250.0, 50000.0], [66212.5, 640.0], [66210.0, 41800.0], [66205.0, 50000.0], [66187.5, 59830.0], [66112.5, 40850.0], [66022.5, 50000.0], [65892.5, 39690.0]], "asks": [[66672.5, 5540.0], [66682.5, 5990.0], [66685.0, 1500.0], [66687.5, 40.0], [66715.0, 300.0], [66717.5, 990.0], [66740.0, 10310.0], [66745.0, 300.0], [66747.5, 990.0], [66765.0, 14930.0], [66767.5, 63670.0], [66770.0, 45780.0], [66772.5, 20350.0], [66777.5, 990.0], [66842.5, 20090.0], [66870.0, 50000.0], [66877.5, 39450.0], [66905.0, 2090.0], [66915.0, 39710.0], [66987.5, 50.0]]}}}
{"jsonrpc": "2.0", "method": "subscription", "params": {"channel": "book.BTC-20FEB26.none.20.100ms", "data": {"timestamp": 1771469011432, "change_id": 141146928166, "instrument_name": "BTC-20FEB26", "bids": [[66635.0, 5540.0], [66630.0, 2000.0], [66627.5, 2000.0], [66625.0, 2000.0], [66600.0, 1650.0], [66597.5, 5540.0], [66582.5, 20.0], [66580.0, 500.0], [66567.5, 1500.0], [66547.5, 10190.0], [66460.0, 50.0], [66450.0, 20190.0], [66442.5, 50000.0], [66410.0, 39880.0], [66347.5, 160.0], [66307.5, 50000.0], [66305.0, 60620.0], [66250.0, 50000.0], [66212.5, 640.0], [66205.0, 50000.0]], "asks": [[66637.5, 5540.0], [66657.5, 1500.0], [66662.5, 2000.0], [66665.0, 2000.0], [66667.5, 2000.0], [66670.0, 2000.0], [66672.5, 40.0], [66682.5, 5540.0], [66685.0, 16970.0], [66702.5, 10290.0], [66717.5, 990.0], [66747.5, 990.0], [66767.5, 50000.0], [66770.0, 45780.0], [66772.5, 20350.0], [66777.5, 990.0], [66842.5, 20090.0], [66870.0, 50000.0], [66877.5, 39450.0], [66905.0, 2090.0]]}}}
{"jsonrpc": "2.0", "method": "subscription", "params": {"channel": "book.BTC-20FEB26.none.20.100ms", "data": {"timestamp": 1771469011787, "change_id": 141146929689, "instrument_name": "BTC-20FEB26", "bids": [[66635.0, 5540.0], [66632.5, 1120.0], [66630.0, 4620.0], [66627.5, 2000.0], [66600.0, 1650.0], [66597.5, 5540.0], [66580.0, 500.0], [66577.5, 450.0], [66575.0, 1500.0], [66560.0, 900.0], [66557.5, 3000.0], [66550.0, 3040.0], [66547.5, 10190.0], [66497.5, 42810.0], [66462.5, 19920.0], [66460.0, 50.0], [66450.0, 20190.0], [66442.5, 50000.0], [66410.0, 39880.0], [66347.5, 160.0]], "asks": [[66637.5, 5540.0], [66657.5, 1500.0], [66660.0, 600.0], [66662.5, 2600.0], [66665.0, 2600.0], [66667.5, 2600.0], [66670.0, 2000.0], [66672.5, 340.0], [66675.0, 1000.0], [66680.0, 1530.0], [66682.5, 5540.0], [66700.0, 3070.0], [66702.5, 10590.0], [66705.0, 1000.0], [66735.0, 1000.0], [66767.5, 50000.0], [66770.0, 45780.0], [66772.5, 20350.0], [66842.5, 20090.0], [66870.0, 50000.0]]}}}
{"jsonrpc": "2.0", "method": "subscription", "params": {"channel": "book.BTC-20FEB26.none.20.100ms", "data": {"timestamp": 1771469012060, "change_id": 141146930763, "instrument_name": "BTC-20FEB26", "bids": [[66635.0, 5540.0], [66632.5, 1120.0], [66630.0, 4620.0], [66627.5, 2000.0], [66600.0, 1650.0], [66597.5, 5540.0], [66582.5, 600.0], [66580.0, 2000.0], [66560.0, 900.0], [66557.5, 3000.0], [66550.0, 3040.0], [66547.5, 10190.0], [66497.5, 42810.0], [66462.5, 19920.0], [66460.0, 50.0], [66450.0, 20190.0], [66442.5, 50000.0], [66410.0, 39880.0], [66347.5, 160.0], [66342.5, 41100.0]], "asks": [[66637.5, 5540.0], [66657.5, 1500.0], [66660.0, 600.0], [66662.5, 2600.0], [66665.0, 2600.0], [66667.5, 2600.0], [66670.0, 2000.0], [66672.5, 340.0], [66675.0, 1000.0], [66680.0, 1530.0], [66682.5, 5540.0], [66700.0, 3070.0], [66702.5, 10590.0], [66705.0, 1000.0], [66735.0, 1000.0], [66767.5, 50000.0], [66770.0, 45780.0], [66772.5, 20350.0], [66842.5, 20090.0], [66870.0, 50000.0]]}}}
{"jsonrpc": "2.0", "method": "subscription", "params": {"channel": "book.BTC-20FEB26.none.20.100ms", "data": {"timestamp": 1771469012451, "change_id": 141146934156, "instrument_name": "BTC-20FEB26", "bids": [[66637.5, 2000.0], [66635.0, 6370.0], [66632.5, 600.0], [66630.0, 2620.0], [66627.5, 2000.0], [66600.0, 1650.0], [66597.5, 5540.0], [66592.5, 450.0], [66590.0, 1500.0], [66580.0, 500.0], [66560.0, 900.0], [66557.5, 3000.0], [66550.0, 3040.0], [66547.5, 10190.0], [66502.5, 19920.0], [66497.5, 42810.0], [66460.0, 50.0], [66450.0, 20190.0], [66442.5, 50000.0], [66410.0, 39880.0]], "asks": [[66640.0, 5540.0], [66657.5, 1500.0], [66660.0, 600.0], [66662.5, 2600.0], [66665.0, 2600.0], [66667.5, 2600.0], [66670.0, 2000.0], [66672.5, 340.0], [66675.0, 1000.0], [66680.0, 1530.0], [66682.5, 5540.0], [66700.0, 3070.0], [66702.5, 10590.0], [66705.0, 1000.0], [66735.0, 1000.0], [66767.5, 50000.0], [66770.0, 45780.0], [66772.5, 20350.0], [66842.5, 20090.0], [66870.0, 50000.0]]}}}
{"jsonrpc": "2.0", "method": "subscription", "params": {"channel": "book.BTC-20FEB26.none.20.100ms", "data": {"timestamp": 1771469012787, "change_id": 141146935131, "instrument_name": "BTC-20FEB26", "bids": [[66637.5, 7540.0], [66630.0, 20.0], [66600.0, 1650.0], [66597.5, 7040.0], [66580.0, 500.0], [66560.0, 900.0], [66557.5, 3000.0], [66550.0, 3040.0], [66547.5, 10190.0], [66505.0, 5950.0], [66502.5, 19920.0], [66497.5, 42810.0], [66460.0, 50.0], [66450.0, 20190.0], [66442.5, 50000.0], [66410.0, 39880.0], [66347.5, 160.0], [66345.0, 41800.0], [66342.5, 41100.0], [66307.5, 50000.0]], "asks": [[66640.0, 5540.0], [66657.5, 1500.0], [66660.0, 600.0], [66662.5, 2600.0], [66665.0, 2000.0], [66667.5, 600.0], [66670.0, 2000.0], [66672.5, 340.0], [66675.0, 1000.0], [66680.0, 1530.0], [66682.5, 5540.0], [66700.0, 3070.0], [66702.5, 10590.0], [66705.0, 1000.0], [66735.0, 1000.0], [66767.5, 50000.0], [66770.0, 45780.0], [66772.5, 20350.0], [66842.5, 20090.0], [66870.0, 50000.0]]}}}
{"jsonrpc": "2.0", "method": "subscription", "params": {"channel": "book.BTC-20FEB26.none.20.100ms", "data": {"timestamp": 1771469013037, "change_id": 141146935390, "instrument_name": "BTC-20FEB26", "bids": [[66637.5, 7540.0], [66630.0, 20.0], [66605.0, 450.0], [66602.5, 1500.0], [66600.0, 1650.0], [66597.5, 5540.0], [66580.0, 500.0], [66560.0, 900.0], [66557.5, 3000.0], [66550.0, 3040.0], [66547.5, 10190.0], [66505.0, 5950.0], [66502.5, 19920.0], [66497.5, 42810.0], [66460.0, 50.0], [66450.0, 20190.0], [66442.5, 50000.0], [66410.0, 39880.0], [66347.5, 160.0], [66345.0, 43890.0]], "asks": [[66640.0, 5540.0], [66657.5, 1500.0], [66660.0, 600.0], [66662.5, 2600.0], [66665.0, 2000.0], [66667.5, 600.0], [66670.0, 2000.0], [66672.5, 340.0], [66675.0, 1000.0], [66680.0, 1530.0], [66682.5, 5540.0], [66700.0, 3070.0], [66702.5, 10590.0], [66705.0, 1000.0], [66735.0, 1000.0], [66767.5, 50000.0], [66770.0, 45780.0], [66772.5, 20350.0], [66842.5, 20090.0], [66870.0, 50000.0]]}}}
{"jsonrpc": "2.0", "method": "subscription", "params": {"channel": "book.BTC-20FEB26.none.20.100ms", "data": {"timestamp": 1771469013389, "change_id": 141146936250, "instrument_name": "BTC-20FEB26", "bids": [[66637.5, 8400.0], [66630.0, 20.0], [66605.0, 450.0], [66602.5, 1500.0], [66600.0, 1650.0], [66597.5, 5540.0], [66580.0, 500.0], [66560.0, 900.0], [66557.5, 3000.0], [66550.0, 3040.0], [66547.5, 10190.0], [66505.0, 5950.0], [66502.5, 19920.0], [66497.5, 42810.0], [66450.0, 20190.0], [66442.5, 50000.0], [66410.0, 39880.0], [66345.0, 43890.0], [66342.5, 41100.0], [66307.5, 50000.0]], "asks": [[66640.0, 5540.0], [66657.5, 1500.0], [66660.0, 600.0], [66662.5, 2600.0], [66665.0, 2000.0], [66667.5, 600.0], [66670.0, 2000.0], [66672.5, 340.0], [66675.0, 1000.0], [66680.0, 1530.0], [66682.5, 5540.0], [66700.0, 3070.0], [66702.5, 10590.0], [66705.0, 1000.0], [66735.0, 1000.0], [66767.5, 50000.0], [66770.0, 45780.0], [66772.5, 20350.0], [66842.5, 20090.0], [66870.0, 50000.0]]}}}
{"jsonrpc": "2.0", "method": "subscription", "params": {"channel": "book.BTC-20FEB26.none.20.100ms", "data": {"timestamp": 1771469013643, "change_id": 141146936835, "instrument_name": "BTC-20FEB26", "bids": [[66637.5, 6400.0], [66630.0, 20.0], [66610.0, 450.0], [66607.5, 1500.0], [66600.0, 1650.0], [66597.5, 5540.0], [66580.0, 500.0], [66560.0, 900.0], [66557.5, 3000.0], [66550.0, 3040.0], [66547.5, 10190.0], [66505.0, 5950.0], [66502.5, 19920.0], [66497.5, 42810.0], [66450.0, 20190.0], [66442.5, 50000.0], [66410.0, 39880.0], [66345.0, 43890.0], [66342.5, 41100.0], [66307.5, 50000.0]], "asks": [[66640.0, 5540.0], [66657.5, 1500.0], [66662.5, 600.0], [66665.0, 2000.0], [66667.5, 600.0], [66670.0, 2000.0], [66672.5, 340.0], [66675.0, 1000.0], [66680.0, 1530.0], [66682.5, 5540.0], [66700.0, 3070.0], [66702.5, 10590.0], [66705.0, 1000.0], [66735.0, 1000.0], [66767.5, 50000.0], [66770.0, 45780.0], [66772.5, 20350.0], [66842.5, 20090.0], [66870.0, 50000.0], [66877.5, 39450.0]]}}}
{"jsonrpc": "2.0", "method": "subscription", "params": {"channel": "book.BTC-20FEB26.none.20.100ms", "data": {"timestamp": 1771469014082, "change_id": 141146937320, "instrument_name": "BTC-20FEB26", "bids": [[66637.5, 6400.0], [66630.0, 20.0], [66615.0, 450.0], [66612.5, 1500.0], [66600.0, 1650.0], [66597.5, 5540.0], [66580.0, 500.0], [66560.0, 900.0], [66557.5, 3000.0], [66550.0, 3040.0], [66547.5, 10190.0], [66505.0, 5950.0], [66502.5, 19920.0], [66497.5, 42810.0], [66450.0, 20190.0], [66442.5, 50000.0], [66410.0, 39880.0], [66345.0, 43890.0], [66342.5, 41100.0], [66307.5, 50000.0]], "asks": [[66640.0, 5540.0], [66657.5, 1500.0], [66662.5, 600.0], [66665.0, 2000.0], [66667.5, 600.0], [66670.0, 2000.0], [66672.5, 340.0], [66675.0, 1000.0], [66680.0, 1530.0], [66682.5, 5540.0], [66700.0, 3070.0], [66702.5, 10590.0], [66705.0, 1000.0], [66735.0, 1000.0], [66767.5, 50000.0], [66770.0, 45780.0], [66772.5, 20350.0], [66842.5, 20090.0], [66870.0, 50000.0], [66877.5, 39450.0]]}}}
{"jsonrpc": "2.0", "method": "subscription", "params": {"channel": "book.BTC-20FEB26.none.20.100ms", "data": {"timestamp": 1771469014383, "change_id": 141146937845, "instrument_name": "BTC-20FEB26", "bids": [[66637.5, 6400.0], [66635.0, 2000.0], [66630.0, 20.0], [66625.0, 450.0], [66622.5, 1500.0], [66600.0, 1650.0], [66597.5, 5540.0], [66580.0, 500.0], [66560.0, 900.0], [66557.5, 3000.0], [66550.0, 3040.0], [66547.5, 10190.0], [66505.0, 5950.0], [66502.5, 19920.0], [66497.5, 42810.0], [66450.0, 20190.0], [66442.5, 50000.0], [66410.0, 39880.0], [66345.0, 43890.0], [66342.5, 41100.0]], "asks": [[66640.0, 5540.0], [66657.5, 1500.0], [66662.5, 600.0], [66665.0, 2000.0], [66667.5, 600.0], [66670.0, 2000.0], [66672.5, 340.0], [66675.0, 1000.0], [66680.0, 1530.0], [66682.5, 5540.0], [66700.0, 3070.0], [66702.5, 10590.0], [66705.0, 1000.0], [66735.0, 1000.0], [66767.5, 50000.0], [66770.0, 45780.0], [66772.5, 20350.0], [66842.5, 20090.0], [66870.0, 50000.0], [66877.5, 39450.0]]}}}
{"jsonrpc": "2.0", "method": "subscription", "params": {"channel": "book.BTC-20FEB26.none.20.100ms", "data": {"timestamp": 1771469014634, "change_id": 141146938405, "instrument_name": "BTC-20FEB26", "bids": [[66637.5, 8400.0], [66635.0, 2000.0], [66630.0, 20.0], [66627.5, 600.0], [66625.0, 2450.0], [66622.5, 1500.0], [66600.0, 1650.0], [66597.5, 5540.0], [66580.0, 500.0], [66560.0, 900.0], [66557.5, 3000.0], [66550.0, 3040.0], [66547.5, 10190.0], [66505.0, 5950.0], [66502.5, 19920.0], [66497.5, 42810.0], [66450.0, 20190.0], [66442.5, 50000.0], [66410.0, 39880.0], [66345.0, 43890.0]], "asks": [[66640.0, 5540.0], [66657.5, 1500.0], [66662.5, 600.0], [66665.0, 2000.0], [66667.5, 600.0], [66670.0, 2000.0], [66672.5, 340.0], [66675.0, 1000.0], [66680.0, 1530.0], [66682.5, 5540.0], [66700.0, 3070.0], [66702.5, 10590.0], [66705.0, 1000.0], [66735.0, 1000.0], [66767.5, 50000.0], [66770.0, 45780.0], [66772.5, 20350.0], [66842.5, 20090.0], [66870.0, 50000.0], [66877.5, 39450.0]]}}}
{"jsonrpc": "2.0", "method": "subscription", "params": {"channel": "book.BTC-20FEB26.none.20.100ms", "data": {"timestamp": 1771469015108, "change_id": 141146939155, "instrument_name": "BTC-20FEB26", "bids": [[66637.5, 2860.0], [66635.0, 7540.0], [66630.0, 20.0], [66627.5, 600.0], [66625.0, 2450.0], [66622.5, 1500.0], [66600.0, 1650.0], [66597.5, 5540.0], [66580.0, 500.0], [66560.0, 900.0], [66557.5, 3000.0], [66550.0, 3040.0], [66547.5, 10190.0], [66505.0, 5950.0], [66502.5, 19920.0], [66497.5, 42810.0], [66450.0, 20190.0], [66442.5, 50000.0], [66410.0, 39880.0], [66345.0, 43890.0]], "asks": [[66640.0, 5540.0], [66657.5, 1500.0], [66662.5, 600.0], [66665.0, 2000.0], [66667.5, 600.0], [66670.0, 2000.0], [66672.5, 340.0], [66675.0, 1000.0], [66680.0, 1530.0], [66682.5, 5540.0], [66700.0, 3070.0], [66702.5, 10590.0], [66705.0, 1000.0], [66735.0, 1000.0], [66767.5, 50000.0], [66770.0, 45780.0], [66772.5, 20350.0], [66842.5, 20090.0], [66870.0, 50000.0], [66877.5, 39450.0]]}}}
{"jsonrpc": "2.0", "method": "subscription", "params": {"channel": "book.BTC-20FEB26.none.20.100ms", "data": {"timestamp": 1771469015435, "change_id": 141146940895, "instrument_name": "BTC-20FEB26", "bids": [[66637.5, 2860.0], [66635.0, 7540.0], [66630.0, 470.0], [66627.5, 2100.0], [66625.0, 2000.0], [66600.0, 1650.0], [66597.5, 5540.0], [66580.0, 500.0], [66560.0, 900.0], [66557.5, 3000.0], [66550.0, 3040.0], [66547.5, 10190.0], [66505.0, 5950.0], [66502.5, 19920.0], [66497.5, 42810.0], [66450.0, 20190.0], [66442.5, 50000.0], [66410.0, 39880.0], [66345.0, 43890.0], [66342.5, 41100.0]], "asks": [[66640.0, 5540.0], [66657.5, 1500.0], [66662.5, 600.0], [66665.0, 2000.0], [66667.5, 600.0], [66670.0, 2000.0], [66672.5, 340.0], [66675.0, 1000.0], [66680.0, 1530.0], [66682.5, 5540.0], [66700.0, 3070.0], [66702.5, 10590.0], [66705.0, 1000.0], [66712.5, 45620.0], [66735.0, 1000.0], [66767.5, 50000.0], [66772.5, 20350.0], [66842.5, 20090.0], [66870.0, 50000.0], [66877.5, 39450.0]]}}}
{"jsonrpc": "2.0", "method": "subscription", "params": {"channel": "book.BTC-20FEB26.none.20.100ms", "data": {"timestamp": 1771469015621, "change_id": 141146941488, "instrument_name": "BTC-20FEB26", "bids": [[66637.5, 2860.0], [66635.0, 7540.0], [66632.5, 600.0], [66630.0, 2470.0], [66627.5, 1500.0], [66600.0, 1650.0], [66597.5, 5540.0], [66580.0, 500.0], [66560.0, 900.0], [66557.5, 3000.0], [66550.0, 3040.0], [66547.5, 10190.0], [66505.0, 5950.0], [66502.5, 19920.0], [66497.5, 42810.0], [66450.0, 20190.0], [66442.5, 50000.0], [66410.0, 39880.0], [66345.0, 43890.0], [66342.5, 41100.0]], "asks": [[66640.0, 5540.0], [66657.5, 1500.0], [66662.5, 600.0], [66665.0, 2000.0], [66667.5, 600.0], [66670.0, 2000.0], [66672.5, 340.0], [66675.0, 1000.0], [66680.0, 1530.0], [66682.5, 5540.0], [66700.0, 3070.0], [66702.5, 10590.0], [66705.0, 1000.0], [66712.5, 45620.0], [66735.0, 1000.0], [66767.5, 50000.0], [66772.5, 20350.0], [66842.5, 20090.0], [66870.0, 50000.0], [66877.5, 39450.0]]}}}
{"jsonrpc": "2.0", "method": "subscription", "params": {"channel": "book.BTC-20FEB26.none.20.100ms", "data": {"timestamp": 1771469016395, "change_id": 141146942677, "instrument_name": "BTC-20FEB26", "bids": [[66637.5, 2860.0], [66635.0, 7540.0], [66632.5, 600.0], [66630.0, 2470.0], [66627.5, 1500.0], [66600.0, 1650.0], [66597.5, 5540.0], [66585.0, 5950.0], [66582.5, 19920.0], [66580.0, 500.0], [66560.0, 900.0], [66557.5, 3000.0], [66550.0, 3040.0], [66547.5, 10190.0], [66522.5, 20190.0], [66497.5, 42810.0], [66490.0, 39880.0], [66442.5, 50000.0], [66345.0, 43890.0], [66342.5, 41100.0]], "asks": [[66640.0, 5540.0], [66657.5, 1500.0], [66662.5, 600.0], [66665.0, 2000.0], [66667.5, 600.0], [66670.0, 2000.0], [66672.5, 340.0], [66675.0, 1000.0], [66680.0, 1530.0], [66682.5, 5540.0], [66700.0, 3070.0], [66702.5, 10590.0], [66705.0, 1000.0], [66712.5, 45620.0], [66732.5, 20350.0], [66735.0, 1000.0], [66767.5, 50000.0], [66780.0, 20090.0], [66870.0, 50000.0], [66877.5, 39450.0]]}}}
{"jsonrpc": "2.0", "method": "subscription", "params": {"channel": "book.BTC-20FEB26.none.20.100ms", "data": {"timestamp": 1771469016610, "change_id": 141146943219, "instrument_name": "BTC-20FEB26", "bids": [[66637.5, 2860.0], [66635.0, 7990.0], [66632.5, 1500.0], [66630.0, 20.0], [66600.0, 1650.0], [66597.5, 5540.0], [66585.0, 5950.0], [66582.5, 19920.0], [66580.0, 500.0], [66560.0, 900.0], [66557.5, 3000.0], [66550.0, 3040.0], [66547.5, 10190.0], [66522.5, 20190.0], [66497.5, 42810.0], [66490.0, 39880.0], [66442.5, 50000.0], [66345.0, 43890.0], [66342.5, 41100.0], [66307.5, 50000.0]], "asks": [[66640.0, 5540.0], [66657.5, 1500.0], [66662.5, 600.0], [66665.0, 2000.0], [66667.5, 600.0], [66670.0, 2000.0], [66672.5, 340.0], [66675.0, 1000.0], [66680.0, 1530.0], [66682.5, 5540.0], [66700.0, 3070.0], [66702.5, 10590.0], [66705.0, 1000.0], [66712.5, 45620.0], [66732.5, 20350.0], [66735.0, 1000.0], [66767.5, 50000.0], [66780.0, 20090.0], [66870.0, 50000.0], [66877.5, 39450.0]]}}}
{"jsonrpc": "2.0", "method": "subscription", "params": {"channel": "book.BTC-20FEB26.none.20.100ms", "data": {"timestamp": 1771469017477, "change_id": 141146944262, "instrument_name": "BTC-20FEB26", "bids": [[66637.5, 4360.0], [66635.0, 7540.0], [66630.0, 20.0], [66600.0, 1650.0], [66597.5, 5540.0], [66585.0, 5950.0], [66582.5, 19920.0], [66580.0, 500.0], [66560.0, 900.0], [66557.5, 3000.0], [66550.0, 3040.0], [66547.5, 10190.0], [66522.5, 20190.0], [66497.5, 42810.0], [66490.0, 39880.0], [66442.5, 50000.0], [66345.0, 43890.0], [66342.5, 41100.0], [66307.5, 50000.0], [66305.0, 60620.0]], "asks": [[66640.0, 5540.0], [66655.0, 450.0], [66657.5, 1500.0], [66662.5, 600.0], [66665.0, 2000.0], [66667.5, 600.0], [66670.0, 2000.0], [66672.5, 340.0], [66675.0, 1000.0], [66680.0, 1530.0], [66682.5, 5540.0], [66700.0, 3070.0], [66702.5, 10590.0], [66705.0, 1000.0], [66712.5, 45620.0], [66732.5, 20350.0], [66735.0, 1000.0], [66767.5, 50000.0], [66780.0, 20090.0], [66870.0, 50000.0]]}}}
{"jsonrpc": "2.0", "method": "subscription", "params": {"channel": "book.BTC-20FEB26.none.20.100ms", "data": {"timestamp": 1771469018739, "change_id": 141146946629, "instrument_name": "BTC-20FEB26", "bids": [[66637.5, 860.0], [66635.0, 2000.0], [66610.0, 20.0], [66585.0, 5950.0], [66582.5, 19920.0], [66580.0, 500.0], [66560.0, 900.0], [66557.5, 3000.0], [66550.0, 3040.0], [66547.5, 10190.0], [66525.0, 6030.0], [66522.5, 20190.0], [66497.5, 42810.0], [66490.0, 39880.0], [66442.5, 50000.0], [66345.0, 43890.0], [66342.5, 41100.0], [66307.5, 50000.0], [66305.0, 60620.0], [66210.0, 133770.0]], "asks": [[66655.0, 450.0], [66657.5, 1540.0], [66662.5, 600.0], [66665.0, 2000.0], [66667.5, 600.0], [66670.0, 2000.0], [66672.5, 300.0], [66680.0, 1530.0], [66682.5, 5540.0], [66700.0, 3070.0], [66702.5, 10590.0], [66705.0, 1000.0], [66712.5, 45620.0], [66732.5, 20350.0], [66735.0, 1000.0], [66767.5, 50000.0], [66780.0, 20090.0], [66870.0, 50000.0], [66877.5, 39450.0], [66905.0, 2090.0]]}}}
{"jsonrpc": "2.0", "method": "subscription", "params": {"channel": "book.BTC-20FEB26.none.20.100ms", "data": {"timestamp": 1771469018996, "change_id": 141146948484, "instrument_name": "BTC-20FEB26", "bids": [[66622.5, 2000.0], [66620.0, 3500.0], [66617.5, 5560.0], [66580.0, 500.0], [66567.5, 19920.0], [66555.0, 5540.0], [66547.5, 10190.0], [66537.5, 2990.0], [66522.5, 20190.0], [66497.5, 42810.0], [66490.0, 39880.0], [66442.5, 50000.0], [66345.0, 43890.0], [66342.5, 41100.0], [66307.5, 50000.0], [66305.0, 60620.0], [66210.0, 133770.0], [66207.5, 50000.0], [66205.0, 50000.0], [66187.5, 59830.0]], "asks": [[66625.0, 5540.0], [66637.5, 2000.0], [66640.0, 9040.0], [66650.0, 40.0], [66657.5, 990.0], [66665.0, 2000.0], [66670.0, 2000.0], [66687.5, 990.0], [66702.5, 10290.0], [66710.0, 50000.0], [66712.5, 45620.0], [66717.5, 990.0], [66732.5, 20350.0], [66780.0, 20090.0], [66825.0, 50000.0], [66877.5, 39450.0], [66905.0, 2090.0], [66915.0, 39710.0], [67002.5, 8360.0], [67005.0, 50000.0]]}}}
{"jsonrpc": "2.0", "method": "subscription", "params": {"channel": "book.BTC-20FEB26.none.20.100ms", "data": {"timestamp": 1771469019407, "change_id": 141146949757, "instrument_name": "BTC-20FEB26", "bids": [[66622.5, 2000.0], [66620.0, 9690.0], [66617.5, 20.0], [66600.0, 1650.0], [66597.5, 5540.0], [66580.0, 500.0], [66570.0, 5950.0], [66567.5, 19920.0], [66550.0, 3040.0], [66547.5, 10190.0], [66540.0, 890.0], [66537.5, 2990.0], [66525.0, 6030.0], [66522.5, 20190.0], [66497.5, 42810.0], [66490.0, 39880.0], [66442.5, 50000.0], [66345.0, 43890.0], [66342.5, 41100.0], [66307.5, 50000.0]], "asks": [[66625.0, 5540.0], [66635.0, 600.0], [66637.5, 3040.0], [66640.0, 3500.0], [66650.0, 40.0], [66655.0, 300.0], [66657.5, 990.0], [66660.0, 17140.0], [66662.5, 65620.0], [66665.0, 18990.0], [66667.5, 600.0], [66670.0, 2000.0], [66680.0, 1650.0], [66682.5, 5540.0], [66685.0, 300.0], [66687.5, 990.0], [66700.0, 3070.0], [66702.5, 10290.0], [66712.5, 45620.0], [66717.5, 990.0]]}}}
{"jsonrpc": "2.0", "method": "subscription", "params": {"channel": "book.BTC-20FEB26.none.20.100ms", "data": {"timestamp": 1771469019579, "change_id": 141146950369, "instrument_name": "BTC-20FEB26", "bids": [[66622.5, 2000.0], [66620.0, 9040.0], [66617.5, 20.0], [66602.5, 600.0], [66600.0, 3650.0], [66597.5, 5540.0], [66580.0, 500.0], [66570.0, 5950.0], [66567.5, 19920.0], [66550.0, 3040.0], [66547.5, 10190.0], [66540.0, 890.0], [66537.5, 2990.0], [66525.0, 6030.0], [66522.5, 20190.0], [66497.5, 42810.0], [66490.0, 39880.0], [66442.5, 50000.0], [66345.0, 43890.0], [66342.5, 41100.0]], "asks": [[66625.0, 5540.0], [66635.0, 600.0], [66637.5, 2450.0], [66640.0, 1500.0], [66645.0, 600.0], [66647.5, 2000.0], [66650.0, 40.0], [66655.0, 300.0], [66657.5, 990.0], [66660.0, 17140.0], [66662.5, 65620.0], [66665.0, 16990.0], [66680.0, 1650.0], [66682.5, 5540.0], [66685.0, 300.0], [66687.5, 990.0], [66700.0, 3070.0], [66702.5, 10290.0], [66712.5, 45620.0], [66717.5, 990.0]]}}}
{"jsonrpc": "2.0", "method": "subscription", "params": {"channel": "book.BTC-20FEB26.none.20.100ms", "data": {"timestamp": 1771469019989, "change_id": 141146951221, "instrument_name": "BTC-20FEB26", "bids": [[66630.0, 600.0], [66627.5, 2600.0], [66625.0, 2600.0], [66622.5, 3040.0], [66620.0, 3500.0], [66617.5, 20.0], [66615.0, 1990.0], [66612.5, 6650.0], [66580.0, 500.0], [66570.0, 5950.0], [66567.5, 19920.0], [66550.0, 3040.0], [66547.5, 10190.0], [66540.0, 890.0], [66537.5, 2990.0], [66525.0, 6030.0], [66522.5, 20190.0], [66497.5, 42810.0], [66490.0, 39880.0], [66442.5, 50000.0]], "asks": [[66635.0, 600.0], [66637.5, 2450.0], [66640.0, 1500.0], [66645.0, 600.0], [66647.5, 2000.0], [66650.0, 40.0], [66660.0, 17140.0], [66662.5, 65620.0], [66665.0, 16990.0], [66672.5, 990.0], [66680.0, 1650.0], [66682.5, 5540.0], [66700.0, 3070.0], [66702.5, 11280.0], [66710.0, 13620.0], [66712.5, 45620.0], [66732.5, 21340.0], [66780.0, 20090.0], [66825.0, 50000.0], [66877.5, 39450.0]]}}}
{"jsonrpc": "2.0", "method": "subscription", "params": {"channel": "book.BTC-20FEB26.none.20.100ms", "data": {"timestamp": 1771469020410, "change_id": 141146952187, "instrument_name": "BTC-20FEB26", "bids": [[66630.0, 1210.0], [66627.5, 2600.0], [66625.0, 2600.0], [66622.5, 3040.0], [66620.0, 3500.0], [66617.5, 20.0], [66615.0, 1990.0], [66612.5, 6650.0], [66580.0, 500.0], [66570.0, 5950.0], [66567.5, 19920.0], [66550.0, 3040.0], [66547.5, 10190.0], [66540.0, 890.0], [66537.5, 2990.0], [66525.0, 6030.0], [66522.5, 20190.0], [66497.5, 42810.0], [66490.0, 39880.0], [66442.5, 50000.0]], "asks": [[66635.0, 600.0], [66637.5, 2450.0], [66640.0, 1500.0], [66645.0, 600.0], [66647.5, 2000.0], [66650.0, 40.0], [66660.0, 17140.0], [66662.5, 65620.0], [66665.0, 16990.0], [66672.5, 990.0], [66680.0, 1650.0], [66682.5, 5540.0], [66700.0, 3070.0], [66702.5, 11280.0], [66710.0, 13620.0], [66712.5, 45620.0], [66732.5, 21340.0], [66780.0, 20090.0], [66825.0, 50000.0], [66877.5, 39450.0]]}}}
{"jsonrpc": "2.0", "method": "subscription", "params": {"channel": "book.BTC-20FEB26.none.20.100ms", "data": {"timestamp": 1771469020566, "change_id": 141146952535, "instrument_name": "BTC-20FEB26", "bids": [[66630.0, 600.0], [66627.5, 2600.0], [66625.0, 2600.0], [66622.5, 3040.0], [66620.0, 3500.0], [66617.5, 20.0], [66615.0, 1990.0], [66612.5, 6650.0], [66580.0, 500.0], [66570.0, 5950.0], [66567.5, 19920.0], [66550.0, 3040.0], [66547.5, 10190.0], [66540.0, 890.0], [66537.5, 2990.0], [66525.0, 6030.0], [66522.5, 20190.0], [66497.5, 42810.0], [66490.0, 39880.0], [66442.5, 50000.0]], "asks": [[66635.0, 2600.0], [66637.5, 2450.0], [66640.0, 1500.0], [66645.0, 600.0], [66647.5, 2000.0], [66650.0, 40.0], [66655.0, 600.0], [66657.5, 2000.0], [66660.0, 17140.0], [66662.5, 65620.0], [66665.0, 16990.0], [66672.5, 990.0], [66680.0, 1650.0], [66682.5, 5540.0], [66700.0, 3070.0], [66702.5, 11280.0], [66710.0, 13620.0], [66712.5, 45620.0], [66732.5, 21340.0], [66780.0, 20090.0]]}}}
{"jsonrpc": "2.0", "method": "subscription", "params": {"channel": "book.BTC-20FEB26.none.20.100ms", "data": {"timestamp": 1771469020955, "change_id": 141146953411, "instrument_name": "BTC-20FEB26", "bids": [[66630.0, 600.0], [66627.5, 3890.0], [66625.0, 6100.0], [66622.5, 2000.0], [66620.0, 1990.0], [66617.5, 6670.0], [66580.0, 500.0], [66575.0, 5950.0], [66572.5, 19920.0], [66550.0, 3040.0], [66547.5, 10190.0], [66540.0, 890.0], [66537.5, 2990.0], [66525.0, 6030.0], [66522.5, 20190.0], [66497.5, 42810.0], [66490.0, 39880.0], [66442.5, 50000.0], [66345.0, 43890.0], [66342.5, 41100.0]], "asks": [[66645.0, 2100.0], [66647.5, 2000.0], [66650.0, 40.0], [66655.0, 600.0], [66657.5, 2000.0], [66660.0, 17140.0], [66662.5, 65620.0], [66665.0, 16990.0], [66680.0, 1650.0], [66682.5, 6530.0], [66700.0, 3070.0], [66702.5, 10290.0], [66710.0, 13620.0], [66712.5, 46610.0], [66732.5, 20350.0], [66742.5, 990.0], [66780.0, 20090.0], [66825.0, 50000.0], [66877.5, 39450.0], [66905.0, 2090.0]]}}}
{"jsonrpc": "2.0", "method": "subscription", "params": {"channel": "book.BTC-20FEB26.none.20.100ms", "data": {"timestamp": 1771469021132, "change_id": 141146953946, "instrument_name": "BTC-20FEB26", "bids": [[66630.0, 600.0], [66627.5, 3120.0], [66625.0, 6100.0], [66622.5, 2000.0], [66620.0, 1990.0], [66617.5, 6670.0], [66580.0, 500.0], [66575.0, 5950.0], [66572.5, 19920.0], [66550.0, 3040.0], [66547.5, 10190.0], [66540.0, 890.0], [66537.5, 2990.0], [66525.0, 6030.0], [66522.5, 20190.0], [66497.5, 42810.0], [66490.0, 39880.0], [66442.5, 50000.0], [66345.0, 43890.0], [66342.5, 41100.0]], "asks": [[66640.0, 2600.0], [66642.5, 2450.0], [66645.0, 2100.0], [66647.5, 2000.0], [66650.0, 40.0], [66655.0, 600.0], [66657.5, 2000.0], [66660.0, 17140.0], [66662.5, 65620.0], [66665.0, 16990.0], [66680.0, 1650.0], [66682.5, 6530.0], [66700.0, 3070.0], [66702.5, 10290.0], [66710.0, 13620.0], [66712.5, 46610.0], [66732.5, 20350.0], [66742.5, 990.0], [66780.0, 20090.0], [66825.0, 50000.0]]}}}
{"jsonrpc": "2.0", "method": "subscription", "params": {"channel": "book.BTC-20FEB26.none.20.100ms", "data": {"timestamp": 1771469021684, "change_id": 141146955195, "instrument_name": "BTC-20FEB26", "bids": [[66632.5, 210.0], [66630.0, 1300.0], [66627.5, 3120.0], [66625.0, 4100.0], [66622.5, 2000.0], [66620.0, 1990.0], [66617.5, 6670.0], [66580.0, 500.0], [66575.0, 5950.0], [66572.5, 19920.0], [66550.0, 3040.0], [66547.5, 10190.0], [66540.0, 890.0], [66537.5, 2990.0], [66525.0, 6030.0], [66522.5, 20190.0], [66497.5, 42810.0], [66490.0, 39880.0], [66442.5, 50000.0], [66345.0, 43890.0]], "asks": [[66640.0, 2000.0], [66642.5, 2450.0], [66645.0, 2100.0], [66647.5, 2000.0], [66650.0, 40.0], [66655.0, 600.0], [66657.5, 2600.0], [66660.0, 19140.0], [66662.5, 65620.0], [66665.0, 16990.0], [66680.0, 1650.0], [66682.5, 6530.0], [66700.0, 3070.0], [66702.5, 10290.0], [66710.0, 13620.0], [66712.5, 46610.0], [66732.5, 20350.0], [66742.5, 990.0], [66780.0, 20090.0], [66825.0, 50000.0]]}}}
{"jsonrpc": "2.0", "method": "subscription", "params": {"channel": "book.BTC-20FEB26.none.20.100ms", "data": {"timestamp": 1771469021943, "change_id": 141146955373, "instrument_name": "BTC-20FEB26", "bids": [[66630.0, 600.0], [66627.5, 3120.0], [66625.0, 4100.0], [66622.5, 2000.0], [66620.0, 1990.0], [66617.5, 6670.0], [66580.0, 500.0], [66575.0, 5950.0], [66572.5, 19920.0], [66550.0, 3040.0], [66547.5, 10190.0], [66540.0, 890.0], [66537.5, 2990.0], [66525.0, 6030.0], [66522.5, 20190.0], [66497.5, 42810.0], [66490.0, 39880.0], [66442.5, 50000.0], [66345.0, 43890.0], [66342.5, 41100.0]], "asks": [[66640.0, 2600.0], [66642.5, 2450.0], [66645.0, 2100.0], [66647.5, 2000.0], [66650.0, 40.0], [66655.0, 600.0], [66657.5, 2600.0], [66660.0, 19140.0], [66662.5, 65620.0], [66665.0, 16990.0], [66680.0, 1650.0], [66682.5, 6530.0], [66700.0, 3070.0], [66702.5, 10290.0], [66710.0, 13620.0], [66712.5, 46610.0], [66732.5, 20350.0], [66742.5, 990.0], [66780.0, 20090.0], [66825.0, 50000.0]]}}}
{"jsonrpc": "2.0", "method": "subscription", "params": {"channel": "book.BTC-20FEB26.none.20.100ms", "data": {"timestamp": 1771469022188, "change_id": 141146955734, "instrument_name": "BTC-20FEB26", "bids": [[66630.0, 600.0], [66627.5, 3700.0], [66625.0, 4100.0], [66622.5, 2000.0], [66620.0, 1990.0], [66617.5, 6670.0], [66580.0, 500.0], [66575.0, 5950.0], [66572.5, 19920.0], [66550.0, 3040.0], [66547.5, 10190.0], [66540.0, 890.0], [66537.5, 2990.0], [66525.0, 6030.0], [66522.5, 20190.0], [66497.5, 42810.0], [66490.0, 39880.0], [66442.5, 50000.0], [66345.0, 43890.0], [66342.5, 41100.0]], "asks": [[66640.0, 2600.0], [66642.5, 2450.0], [66645.0, 2100.0], [66647.5, 2000.0], [66650.0, 40.0], [66655.0, 600.0], [66657.5, 2600.0], [66660.0, 19140.0], [66662.5, 65620.0], [66665.0, 16990.0], [66680.0, 1650.0], [66682.5, 6530.0], [66700.0, 3070.0], [66702.5, 10290.0], [66710.0, 13620.0], [66712.5, 46610.0], [66732.5, 20350.0], [66742.5, 990.0], [66780.0, 20090.0], [66825.0, 50000.0]]}}}
{"jsonrpc": "2.0", "method": "subscription", "params": {"channel": "book.BTC-20FEB26.none.20.100ms", "data": {"timestamp": 1771469022544, "change_id": 141146956562, "instrument_name": "BTC-20FEB26", "bids": [[66632.5, 600.0], [66630.0, 2600.0], [66627.5, 3120.0], [66625.0, 4100.0], [66622.5, 2000.0], [66620.0, 1990.0], [66617.5, 6670.0], [66580.0, 500.0], [66575.0, 5950.0], [66572.5, 19920.0], [66550.0, 3040.0], [66547.5, 10190.0], [66540.0, 890.0], [66537.5, 2990.0], [66525.0, 6030.0], [66522.5, 20190.0], [66497.5, 42810.0], [66490.0, 39880.0], [66442.5, 50000.0], [66345.0, 43890.0]], "asks": [[66640.0, 2600.0], [66642.5, 2450.0], [66645.0, 2100.0], [66647.5, 2000.0], [66650.0, 40.0], [66655.0, 600.0], [66657.5, 2600.0], [66660.0, 19140.0], [66662.5, 65620.0], [66665.0, 16990.0], [66680.0, 1650.0], [66682.5, 6530.0], [66700.0, 3070.0], [66702.5, 10290.0], [66710.0, 13620.0], [66712.5, 46610.0], [66732.5, 20350.0], [66742.5, 990.0], [66780.0, 20090.0], [66825.0, 50000.0]]}}}
{"jsonrpc": "2.0", "method": "subscription", "params": {"channel": "book.BTC-20FEB26.none.20.100ms", "data": {"timestamp": 1771469023033, "change_id": 141146957405, "instrument_name": "BTC-20FEB26", "bids": [[66630.0, 600.0], [66627.5, 3120.0], [66625.0, 4100.0], [66622.5, 2000.0], [66620.0, 1990.0], [66617.5, 6670.0], [66580.0, 500.0], [66575.0, 5950.0], [66572.5, 19920.0], [66550.0, 3040.0], [66547.5, 10190.0], [66540.0, 890.0], [66537.5, 2990.0], [66525.0, 6030.0], [66522.5, 20190.0], [66497.5, 42810.0], [66490.0, 39880.0], [66442.5, 50000.0], [66345.0, 43890.0], [66342.5, 41100.0]], "asks": [[66637.5, 970.0], [66640.0, 4100.0], [66642.5, 2000.0], [66645.0, 600.0], [66647.5, 2000.0], [66650.0, 40.0], [66655.0, 600.0], [66657.5, 2600.0], [66660.0, 19140.0], [66662.5, 65620.0], [66665.0, 16990.0], [66680.0, 1650.0], [66682.5, 6530.0], [66700.0, 3070.0], [66702.5, 10290.0], [66710.0, 13620.0], [66712.5, 46610.0], [66732.5, 20350.0], [66742.5, 990.0], [66780.0, 20090.0]]}}}
{"jsonrpc": "2.0", "method": "subscription", "params": {"channel": "book.BTC-20FEB26.none.20.100ms", "data": {"timestamp": 1771469023258, "change_id": 141146957963, "instrument_name": "BTC-20FEB26", "bids": [[66632.5, 460.0], [66630.0, 600.0], [66627.5, 3120.0], [66625.0, 4100.0], [66622.5, 2000.0], [66620.0, 1990.0], [66617.5, 6670.0], [66580.0, 500.0], [66575.0, 5950.0], [66572.5, 19920.0], [66550.0, 3040.0], [66547.5, 10190.0], [66540.0, 890.0], [66537.5, 2990.0], [66525.0, 6030.0], [66522.5, 20190.0], [66497.5, 42810.0], [66490.0, 39880.0], [66442.5, 50000.0], [66345.0, 43890.0]], "asks": [[66637.5, 970.0], [66640.0, 4100.0], [66642.5, 2000.0], [66645.0, 600.0], [66647.5, 2000.0], [66650.0, 40.0], [66655.0, 600.0], [66657.5, 2600.0], [66660.0, 19140.0], [66662.5, 65620.0], [66665.0, 16990.0], [66680.0, 1650.0], [66682.5, 6530.0], [66700.0, 3070.0], [66702.5, 10290.0], [66710.0, 13620.0], [66712.5, 46610.0], [66732.5, 20350.0], [66742.5, 990.0], [66780.0, 20090.0]]}}}
{"jsonrpc": "2.0", "method": "subscription", "params": {"channel": "book.BTC-20FEB26.none.20.100ms", "data": {"timestamp": 1771469023533, "change_id": 141146958383, "instrument_name": "BTC-20FEB26", "bids": [[66630.0, 600.0], [66627.5, 3120.0], [66625.0, 4100.0], [66622.5, 2000.0], [66620.0, 1990.0], [66617.5, 6670.0], [66580.0, 500.0], [66575.0, 5950.0], [66572.5, 19920.0], [66550.0, 3040.0], [66547.5, 10190.0], [66540.0, 890.0], [66537.5, 2990.0], [66525.0, 6030.0], [66522.5, 20190.0], [66497.5, 42810.0], [66490.0, 39880.0], [66442.5, 50000.0], [66345.0, 43890.0], [66342.5, 41100.0]], "asks": [[66637.5, 600.0], [66640.0, 2100.0], [66642.5, 2000.0], [66645.0, 600.0], [66647.5, 2000.0], [66650.0, 40.0], [66655.0, 600.0], [66657.5, 2600.0], [66660.0, 19140.0], [66662.5, 65620.0], [66665.0, 16990.0], [66680.0, 1650.0], [66682.5, 6530.0], [66700.0, 3070.0], [66702.5, 10290.0], [66710.0, 13620.0], [66712.5, 46610.0], [66732.5, 20350.0], [66742.5, 990.0], [66780.0, 20090.0]]}}}
{"jsonrpc": "2.0", "method": "subscription", "params": {"channel": "book.BTC-20FEB26.none.20.100ms", "data": {"timestamp": 1771469023819, "change_id": 141146958900, "instrument_name": "BTC-20FEB26", "bids": [[66632.5, 200.0], [66630.0, 1260.0], [66627.5, 3120.0], [66625.0, 4100.0], [66622.5, 2000.0], [66620.0, 1990.0], [66617.5, 6670.0], [66580.0, 500.0], [66575.0, 5950.0], [66572.5, 19920.0], [66550.0, 3040.0], [66547.5, 10190.0], [66540.0, 890.0], [66537.5, 2990.0], [66525.0, 6030.0], [66522.5, 20190.0], [66497.5, 42810.0], [66490.0, 39880.0], [66442.5, 50000.0], [66345.0, 43890.0]], "asks": [[66637.5, 600.0], [66640.0, 2100.0], [66642.5, 2000.0], [66645.0, 600.0], [66647.5, 2000.0], [66650.0, 40.0], [66655.0, 600.0], [66657.5, 2600.0], [66660.0, 19140.0], [66662.5, 65620.0], [66665.0, 16990.0], [66680.0, 1650.0], [66682.5, 6530.0], [66700.0, 3070.0], [66702.5, 10290.0], [66710.0, 13620.0], [66712.5, 46610.0], [66732.5, 20350.0], [66742.5, 990.0], [66780.0, 20090.0]]}}}
{"jsonrpc": "2.0", "method": "subscription", "params": {"channel": "book.BTC-20FEB26.none.20.100ms", "data": {"timestamp": 1771469024260, "change_id": 141146959613, "instrument_name": "BTC-20FEB26", "bids": [[66630.0, 600.0], [66627.5, 3120.0], [66625.0, 4100.0], [66622.5, 2000.0], [66620.0, 1990.0], [66617.5, 6670.0], [66580.0, 500.0], [66575.0, 5950.0], [66572.5, 19920.0], [66550.0, 3040.0], [66547.5, 10190.0], [66540.0, 890.0], [66537.5, 2990.0], [66525.0, 6030.0], [66522.5, 20190.0], [66497.5, 42810.0], [66490.0, 39880.0], [66442.5, 50000.0], [66345.0, 43890.0], [66342.5, 41100.0]], "asks": [[66637.5, 600.0], [66640.0, 2100.0], [66642.5, 2000.0], [66645.0, 600.0], [66647.5, 2000.0], [66650.0, 40.0], [66655.0, 600.0], [66657.5, 2600.0], [66660.0, 19140.0], [66662.5, 65620.0], [66665.0, 16990.0], [66680.0, 1650.0], [66682.5, 6530.0], [66700.0, 3070.0], [66702.5, 10290.0], [66710.0, 13620.0], [66712.5, 46610.0], [66732.5, 20350.0], [66742.5, 990.0], [66780.0, 20090.0]]}}}
{"jsonrpc": "2.0", "method": "subscription", "params": {"channel": "book.BTC-20FEB26.none.20.100ms", "data": {"timestamp": 1771469024519, "change_id": 141146959951, "instrument_name": "BTC-20FEB26", "bids": [[66627.5, 1590.0], [66625.0, 4100.0], [66617.5, 20.0], [66615.0, 1990.0], [66612.5, 6650.0], [66580.0, 500.0], [66575.0, 5950.0], [66572.5, 19920.0], [66550.0, 3040.0], [66547.5, 10190.0], [66540.0, 890.0], [66537.5, 2990.0], [66525.0, 6030.0], [66522.5, 20190.0], [66497.5, 42810.0], [66490.0, 39880.0], [66442.5, 50000.0], [66345.0, 43890.0], [66342.5, 41100.0], [66307.5, 50000.0]], "asks": [[66637.5, 600.0], [66640.0, 2100.0], [66642.5, 2000.0], [66645.0, 600.0], [66647.5, 2000.0], [66650.0, 40.0], [66655.0, 600.0], [66657.5, 2600.0], [66660.0, 19140.0], [66662.5, 65620.0], [66665.0, 16990.0], [66680.0, 1650.0], [66682.5, 6530.0], [66700.0, 3070.0], [66702.5, 10290.0], [66710.0, 13620.0], [66712.5, 46610.0], [66732.5, 20350.0], [66742.5, 990.0], [66780.0, 20090.0]]}}}
{"jsonrpc": "2.0", "method": "subscription", "params": {"channel": "book.BTC-20FEB26.none.20.100ms", "data": {"timestamp": 1771469024994, "change_id": 141146960754, "instrument_name": "BTC-20FEB26", "bids": [[66627.5, 1770.0], [66625.0, 4100.0], [66617.5, 20.0], [66615.0, 1990.0], [66612.5, 6650.0], [66580.0, 500.0], [66575.0, 5950.0], [66572.5, 19920.0], [66550.0, 3040.0], [66547.5, 10190.0], [66540.0, 890.0], [66537.5, 2990.0], [66525.0, 6030.0], [66522.5, 20190.0], [66497.5, 42810.0], [66490.0, 39880.0], [66442.5, 50000.0], [66345.0, 43890.0], [66342.5, 41100.0], [66307.5, 50000.0]], "asks": [[66637.5, 600.0], [66640.0, 2100.0], [66642.5, 2000.0], [66645.0, 600.0], [66647.5, 2000.0], [66650.0, 40.0], [66655.0, 600.0], [66657.5, 2600.0], [66660.0, 19140.0], [66662.5, 65620.0], [66665.0, 16990.0], [66680.0, 1650.0], [66682.5, 6530.0], [66700.0, 3070.0], [66702.5, 10290.0], [66710.0, 13620.0], [66712.5, 46610.0], [66732.5, 20350.0], [66742.5, 990.0], [66780.0, 20090.0]]}}}
{"jsonrpc": "2.0", "method": "subscription", "params": {"channel": "book.BTC-20FEB26.none.20.100ms", "data": {"timestamp": 1771469025510, "change_id": 141146961446, "instrument_name": "BTC-20FEB26", "bids": [[66630.0, 790.0], [66627.5, 3770.0], [66625.0, 4100.0], [66617.5, 20.0], [66615.0, 1990.0], [66612.5, 6650.0], [66580.0, 6450.0], [66577.5, 19920.0], [66550.0, 3040.0], [66547.5, 10190.0], [66540.0, 890.0], [66537.5, 2990.0], [66525.0, 6030.0], [66522.5, 20190.0], [66497.5, 42810.0], [66490.0, 39880.0], [66442.5, 50000.0], [66345.0, 43890.0], [66342.5, 41100.0], [66307.5, 50000.0]], "asks": [[66637.5, 600.0], [66640.0, 2100.0], [66642.5, 2000.0], [66645.0, 600.0], [66647.5, 2000.0], [66650.0, 40.0], [66655.0, 600.0], [66657.5, 2600.0], [66660.0, 19140.0], [66662.5, 65620.0], [66665.0, 16990.0], [66680.0, 1650.0], [66682.5, 6530.0], [66700.0, 3070.0], [66702.5, 10290.0], [66710.0, 13620.0], [66712.5, 46610.0], [66732.5, 20350.0], [66742.5, 990.0], [66780.0, 20090.0]]}}}
{"jsonrpc": "2.0", "method": "subscription", "params": {"channel": "book.BTC-20FEB26.none.20.100ms", "data": {"timestamp": 1771469025948, "change_id": 141146961973, "instrument_name": "BTC-20FEB26", "bids": [[66627.5, 600.0], [66625.0, 1500.0], [66622.5, 600.0], [66620.0, 2000.0], [66617.5, 20.0], [66615.0, 1990.0], [66612.5, 6650.0], [66580.0, 500.0], [66555.0, 5950.0], [66552.5, 19920.0], [66550.0, 3040.0], [66547.5, 10190.0], [66540.0, 890.0], [66537.5, 2990.0], [66525.0, 6030.0], [66522.5, 20190.0], [66497.5, 42810.0], [66490.0, 39880.0], [66442.5, 50000.0], [66345.0, 43890.0]], "asks": [[66637.5, 600.0], [66640.0, 2100.0], [66642.5, 2000.0], [66645.0, 600.0], [66647.5, 2000.0], [66650.0, 40.0], [66655.0, 600.0], [66657.5, 2600.0], [66660.0, 19140.0], [66662.5, 65620.0], [66665.0, 16990.0], [66680.0, 1650.0], [66682.5, 6530.0], [66700.0, 3070.0], [66702.5, 10290.0], [66710.0, 13620.0], [66712.5, 46610.0], [66732.5, 20350.0], [66742.5, 990.0], [66780.0, 20090.0]]}}}
{"jsonrpc": "2.0", "method": "subscription", "params": {"channel": "book.BTC-20FEB26.none.20.100ms", "data": {"timestamp": 1771469026343, "change_id": 141146962920, "instrument_name": "BTC-20FEB26", "bids": [[66620.0, 450.0], [66617.5, 1520.0], [66610.0, 1990.0], [66607.5, 6650.0], [66580.0, 500.0], [66555.0, 5950.0], [66552.5, 19920.0], [66550.0, 3040.0], [66547.5, 10190.0], [66540.0, 890.0], [66537.5, 2990.0], [66525.0, 6030.0], [66522.5, 20190.0], [66497.5, 42810.0], [66490.0, 39880.0], [66442.5, 50000.0], [66345.0, 43890.0], [66342.5, 41100.0], [66307.5, 50000.0], [66305.0, 60620.0]], "asks": [[66632.5, 450.0], [66635.0, 1500.0], [66640.0, 600.0], [66642.5, 2040.0], [66645.0, 600.0], [66647.5, 2000.0], [66655.0, 600.0], [66657.5, 2600.0], [66660.0, 19140.0], [66662.5, 65620.0], [66665.0, 16990.0], [66680.0, 1650.0], [66682.5, 6530.0], [66700.0, 3070.0], [66702.5, 10290.0], [66710.0, 13620.0], [66712.5, 46610.0], [66732.5, 20350.0], [66742.5, 990.0], [66780.0, 20090.0]]}}}
{"jsonrpc": "2.0", "method": "subscription", "params": {"channel": "book.BTC-20FEB26.none.20.100ms", "data": {"timestamp": 1771469026586, "change_id": 141146963499, "instrument_name": "BTC-20FEB26", "bids": [[66620.0, 900.0], [66617.5, 1500.0], [66610.0, 1990.0], [66607.5, 6670.0], [66580.0, 500.0], [66555.0, 5950.0], [66552.5, 19920.0], [66550.0, 3040.0], [66547.5, 10190.0], [66540.0, 890.0], [66537.5, 2990.0], [66525.0, 6030.0], [66522.5, 20190.0], [66500.0, 40.0], [66497.5, 42810.0], [66490.0, 39880.0], [66442.5, 50000.0], [66345.0, 43890.0], [66342.5, 41100.0], [66307.5, 50000.0]], "asks": [[66632.5, 450.0], [66635.0, 1500.0], [66640.0, 600.0], [66642.5, 2040.0], [66655.0, 600.0], [66657.5, 2600.0], [66660.0, 19140.0], [66662.5, 65620.0], [66665.0, 16990.0], [66680.0, 1650.0], [66682.5, 6530.0], [66700.0, 3070.0], [66702.5, 10290.0], [66710.0, 13620.0], [66712.5, 46610.0], [66732.5, 20350.0], [66742.5, 990.0], [66780.0, 20090.0], [66825.0, 50000.0], [66877.5, 39450.0]]}}}
{"jsonrpc": "2.0", "method": "subscription", "params": {"channel": "book.BTC-20FEB26.none.20.100ms", "data": {"timestamp": 1771469027004, "change_id": 141146964172, "instrument_name": "BTC-20FEB26", "bids": [[66620.0, 450.0], [66607.5, 20.0], [66580.0, 500.0], [66555.0, 5950.0], [66552.5, 19920.0], [66540.0, 890.0], [66537.5, 2990.0], [66525.0, 6030.0], [66522.5, 20190.0], [66520.0, 3100.0], [66517.5, 10380.0], [66500.0, 12820.0], [66497.5, 42810.0], [66490.0, 39880.0], [66442.5, 50000.0], [66345.0, 43890.0], [66342.5, 41100.0], [66307.5, 50000.0], [66305.0, 60620.0], [66210.0, 133770.0]], "asks": [[66632.5, 450.0], [66635.0, 1500.0], [66640.0, 600.0], [66642.5, 2040.0], [66655.0, 600.0], [66657.5, 2600.0], [66660.0, 19140.0], [66662.5, 65620.0], [66665.0, 16990.0], [66680.0, 1650.0], [66682.5, 6530.0], [66700.0, 3070.0], [66702.5, 10290.0], [66710.0, 13620.0], [66712.5, 46610.0], [66732.5, 20350.0], [66742.5, 990.0], [66780.0, 20090.0], [66825.0, 50000.0], [66877.5, 39450.0]]}}}
{"jsonrpc": "2.0", "method": "subscription", "params": {"channel": "book.BTC-20FEB26.none.20.100ms", "data": {"timestamp": 1771469027296, "change_id": 141146965088, "instrument_name": "BTC-20FEB26", "bids": [[66617.5, 450.0], [66615.0, 1500.0], [66610.0, 1990.0], [66607.5, 6670.0], [66580.0, 500.0], [66557.5, 19920.0], [66540.0, 890.0], [66537.5, 2990.0], [66527.5, 10.0], [66525.0, 6030.0], [66522.5, 20190.0], [66520.0, 3100.0], [66517.5, 10380.0], [66500.0, 12820.0], [66497.5, 42810.0], [66490.0, 39880.0], [66442.5, 50000.0], [66345.0, 43890.0], [66342.5, 41100.0], [66307.5, 50000.0]], "asks": [[66632.5, 450.0], [66635.0, 1500.0], [66642.5, 40.0], [66655.0, 600.0], [66657.5, 2600.0], [66660.0, 19140.0], [66662.5, 65620.0], [66665.0, 16990.0], [66680.0, 1650.0], [66682.5, 6530.0], [66700.0, 3070.0], [66702.5, 10290.0], [66710.0, 13620.0], [66712.5, 46610.0], [66732.5, 20350.0], [66742.5, 990.0], [66780.0, 20090.0], [66825.0, 50000.0], [66877.5, 39450.0], [66905.0, 2090.0]]}}}
{"jsonrpc": "2.0", "method": "subscription", "params": {"channel": "book.BTC-20FEB26.none.20.100ms", "data": {"timestamp": 1771469027491, "change_id": 141146965281, "instrument_name": "BTC-20FEB26", "bids": [[66622.5, 600.0], [66620.0, 2600.0], [66617.5, 2450.0], [66615.0, 1700.0], [66612.5, 680.0], [66610.0, 1990.0], [66607.5, 6670.0], [66580.0, 500.0], [66560.0, 5950.0], [66557.5, 19920.0], [66540.0, 890.0], [66537.5, 2990.0], [66527.5, 10.0], [66525.0, 6030.0], [66522.5, 20190.0], [66520.0, 3100.0], [66517.5, 10380.0], [66500.0, 12820.0], [66497.5, 42810.0], [66490.0, 39880.0]], "asks": [[66632.5, 450.0], [66635.0, 1500.0], [66642.5, 40.0], [66655.0, 600.0], [66657.5, 2600.0], [66660.0, 19140.0], [66662.5, 65620.0], [66665.0, 16990.0], [66680.0, 1650.0], [66682.5, 6530.0], [66700.0, 3070.0], [66702.5, 10290.0], [66710.0, 13620.0], [66712.5, 46610.0], [66732.5, 20350.0], [66742.5, 990.0], [66780.0, 20090.0], [66825.0, 50000.0], [66877.5, 39450.0], [66905.0, 2090.0]]}}}
{"jsonrpc": "2.0", "method": "subscription", "params": {"channel": "book.BTC-20FEB26.none.20.100ms", "data": {"timestamp": 1771469027701, "change_id": 141146965809, "instrument_name": "BTC-20FEB26", "bids": [[66622.5, 600.0], [66620.0, 2600.0], [66617.5, 2450.0], [66615.0, 1500.0], [66610.0, 1990.0], [66607.5, 6670.0], [66580.0, 500.0], [66560.0, 5950.0], [66557.5, 19920.0], [66540.0, 890.0], [66537.5, 2990.0], [66527.5, 10.0], [66525.0, 6030.0], [66522.5, 20190.0], [66520.0, 3100.0], [66517.5, 10380.0], [66500.0, 12820.0], [66497.5, 42810.0], [66490.0, 39880.0], [66442.5, 50000.0]], "asks": [[66632.5, 450.0], [66635.0, 1500.0], [66642.5, 40.0], [66655.0, 600.0], [66657.5, 2600.0], [66660.0, 19140.0], [66662.5, 65620.0], [66665.0, 16990.0], [66680.0, 1650.0], [66682.5, 6530.0], [66700.0, 3070.0], [66702.5, 10290.0], [66710.0, 13620.0], [66712.5, 46610.0], [66732.5, 20350.0], [66742.5, 990.0], [66780.0, 20090.0], [66825.0, 50000.0], [66877.5, 39450.0], [66905.0, 2090.0]]}}}
{"jsonrpc": "2.0", "method": "subscription", "params": {"channel": "book.BTC-20FEB26.none.20.100ms", "data": {"timestamp": 1771469028270, "change_id": 141146966323, "instrument_name": "BTC-20FEB26", "bids": [[66622.5, 1170.0], [66620.0, 2600.0], [66617.5, 2990.0], [66615.0, 3500.0], [66610.0, 1990.0], [66607.5, 6670.0], [66580.0, 500.0], [66560.0, 5950.0], [66557.5, 19920.0], [66540.0, 890.0], [66537.5, 2990.0], [66527.5, 10.0], [66525.0, 6030.0], [66522.5, 20190.0], [66520.0, 3100.0], [66517.5, 10380.0], [66500.0, 12820.0], [66497.5, 42810.0], [66490.0, 39880.0], [66442.5, 50000.0]], "asks": [[66632.5, 450.0], [66635.0, 1500.0], [66642.5, 40.0], [66655.0, 600.0], [66657.5, 2600.0], [66660.0, 19140.0], [66662.5, 65620.0], [66665.0, 16990.0], [66680.0, 1650.0], [66682.5, 6530.0], [66700.0, 3070.0], [66702.5, 10290.0], [66710.0, 13620.0], [66712.5, 46610.0], [66732.5, 20350.0], [66742.5, 990.0], [66780.0, 20090.0], [66825.0, 50000.0], [66877.5, 39450.0], [66905.0, 2090.0]]}}}
{"jsonrpc": "2.0", "method": "subscription", "params": {"channel": "book.BTC-20FEB26.none.20.100ms", "data": {"timestamp": 1771469028597, "change_id": 141146966890, "instrument_name": "BTC-20FEB26", "bids": [[66622.5, 1170.0], [66620.0, 2600.0], [66617.5, 2990.0], [66615.0, 3500.0], [66610.0, 1990.0], [66607.5, 6670.0], [66580.0, 500.0], [66560.0, 5950.0], [66557.5, 19920.0], [66540.0, 890.0], [66537.5, 2990.0], [66527.5, 10.0], [66525.0, 6030.0], [66522.5, 20190.0], [66520.0, 3100.0], [66517.5, 10380.0], [66500.0, 12820.0], [66497.5, 42810.0], [66490.0, 39880.0], [66445.0, 160.0]], "asks": [[66632.5, 450.0], [66635.0, 1500.0], [66642.5, 40.0], [66655.0, 600.0], [66657.5, 2600.0], [66660.0, 19140.0], [66662.5, 65620.0], [66665.0, 16990.0], [66680.0, 1650.0], [66682.5, 6530.0], [66700.0, 3070.0], [66702.5, 10290.0], [66710.0, 13620.0], [66712.5, 46610.0], [66732.5, 20350.0], [66742.5, 990.0], [66780.0, 20090.0], [66825.0, 50000.0], [66877.5, 39450.0], [66905.0, 2090.0]]}}}
{"jsonrpc": "2.0", "method": "subscription", "params": {"channel": "book.BTC-20FEB26.none.20.100ms", "data": {"timestamp": 1771469029466, "change_id": 141146967862, "instrument_name": "BTC-20FEB26", "bids": [[66625.0, 770.0], [66622.5, 3170.0], [66620.0, 2600.0], [66617.5, 2990.0], [66615.0, 3500.0], [66612.5, 600.0], [66610.0, 3990.0], [66607.5, 6670.0], [66580.0, 500.0], [66560.0, 5950.0], [66557.5, 19920.0], [66540.0, 890.0], [66537.5, 2990.0], [66527.5, 10.0], [66525.0, 6030.0], [66522.5, 20190.0], [66520.0, 3100.0], [66517.5, 10380.0], [66500.0, 12820.0], [66497.5, 42810.0]], "asks": [[66632.5, 450.0], [66635.0, 1500.0], [66642.5, 40.0], [66655.0, 600.0], [66657.5, 2600.0], [66660.0, 19140.0], [66662.5, 65620.0], [66665.0, 16990.0], [66680.0, 1650.0], [66682.5, 6530.0], [66700.0, 3070.0], [66702.5, 10290.0], [66710.0, 13620.0], [66712.5, 46610.0], [66732.5, 20350.0], [66742.5, 990.0], [66780.0, 20090.0], [66825.0, 50000.0], [66877.5, 39450.0], [66905.0, 2090.0]]}}}
{"jsonrpc": "2.0", "method": "subscription", "params": {"channel": "book.BTC-20FEB26.none.20.100ms", "data": {"timestamp": 1771469030003, "change_id": 141146968763, "instrument_name": "BTC-20FEB26", "bids": [[66625.0, 530.0], [66620.0, 600.0], [66617.5, 2450.0], [66615.0, 2000.0], [66612.5, 600.0], [66610.0, 3990.0], [66607.5, 8170.0], [66580.0, 500.0], [66560.0, 5950.0], [66557.5, 19920.0], [66540.0, 890.0], [66537.5, 2990.0], [66527.5, 10.0], [66525.0, 6030.0], [66522.5, 20190.0], [66520.0, 3100.0], [66517.5, 10380.0], [66500.0, 12820.0], [66497.5, 42810.0], [66490.0, 39880.0]], "asks": [[66632.5, 450.0], [66635.0, 1500.0], [66642.5, 40.0], [66655.0, 600.0], [66657.5, 2600.0], [66660.0, 19140.0], [66662.5, 50000.0], [66680.0, 1650.0], [66682.5, 6530.0], [66700.0, 3070.0], [66702.5, 10290.0], [66710.0, 13620.0], [66712.5, 46610.0], [66732.5, 20350.0], [66742.5, 990.0], [66780.0, 20090.0], [66825.0, 50000.0], [66877.5, 39450.0], [66905.0, 2090.0], [66915.0, 39710.0]]}}}
{"jsonrpc": "2.0", "method": "subscription", "params": {"channel": "book.BTC-20FEB26.none.20.100ms", "data": {"timestamp": 1771469030315, "change_id": 141146969547, "instrument_name": "BTC-20FEB26", "bids": [[66622.5, 600.0], [66620.0, 2600.0], [66617.5, 2000.0], [66615.0, 2380.0], [66612.5, 8750.0], [66610.0, 2000.0], [66607.5, 20.0], [66580.0, 500.0], [66560.0, 5950.0], [66557.5, 19920.0], [66540.0, 890.0], [66537.5, 2990.0], [66527.5, 10.0], [66525.0, 6030.0], [66522.5, 20190.0], [66520.0, 3100.0], [66517.5, 10380.0], [66500.0, 12820.0], [66497.5, 42810.0], [66490.0, 39880.0]], "asks": [[66642.5, 40.0], [66655.0, 600.0], [66657.5, 2000.0], [66680.0, 1650.0], [66682.5, 6530.0], [66700.0, 3070.0], [66702.5, 10290.0], [66710.0, 63620.0], [66712.5, 46610.0], [66730.0, 6070.0], [66732.5, 20350.0], [66742.5, 990.0], [66780.0, 20090.0], [66825.0, 50000.0], [66877.5, 39450.0], [66905.0, 2090.0], [66915.0, 39710.0], [67002.5, 8360.0], [67005.0, 50000.0], [67037.5, 58300.0]]}}}
{"jsonrpc": "2.0", "method": "subscription", "params": {"channel": "book.BTC-20FEB26.none.20.100ms", "data": {"timestamp": 1771469030622, "change_id": 141146970376, "instrument_name": "BTC-20FEB26", "bids": [[66622.5, 1150.0], [66620.0, 4710.0], [66617.5, 2000.0], [66615.0, 2410.0], [66612.5, 7250.0], [66580.0, 500.0], [66565.0, 5950.0], [66562.5, 19920.0], [66540.0, 890.0], [66537.5, 2990.0], [66527.5, 10.0], [66525.0, 6030.0], [66522.5, 20190.0], [66520.0, 3100.0], [66517.5, 10380.0], [66500.0, 12820.0], [66497.5, 42810.0], [66490.0, 39880.0], [66445.0, 160.0], [66442.5, 50000.0]], "asks": [[66637.5, 450.0], [66640.0, 1500.0], [66642.5, 40.0], [66650.0, 11200.0], [66652.5, 76110.0], [66655.0, 31990.0], [66680.0, 1650.0], [66682.5, 6530.0], [66700.0, 3070.0], [66702.5, 10290.0], [66710.0, 13620.0], [66712.5, 46610.0], [66730.0, 6070.0], [66732.5, 20350.0], [66742.5, 990.0], [66780.0, 20090.0], [66825.0, 50000.0], [66867.5, 160.0], [66877.5, 39450.0], [66905.0, 2090.0]]}}}
