{"jsonrpc": "2.0", "method": "subscription", "params": {"channel": "book.BTC-7MAR25.none.20.100ms", "data": {"timestamp": 1741015939488, "change_id": 90640975445, "instrument_name": "BTC-7MAR25", "bids": [[90710.0, 7390.0], [90707.5, 26360.0], [90705.0, 40.0], [90680.0, 7000.0], [90670.0, 8140.0], [90660.0, 17040.0], [90650.0, 7000.0], [90632.5, 40.0], [90610.0, 7000.0], [90602.5, 105000.0], [90570.0, 7000.0], [90560.0, 7040.0], [90550.0, 7000.0], [90540.0, 7000.0], [90530.0, 7000.0], [90525.0, 58490.0], [90512.5, 500.0], [90510.0, 7000.0], [90487.5, 40.0], [90480.0, 7000.0]], "asks": [[90747.5, 14000.0], [90752.5, 7000.0], [90757.5, 31390.0], [90760.0, 2000.0], [90765.0, 12000.0], [90767.5, 7000.0], [90780.0, 120.0], [90782.5, 70000.0], [90787.5, 7000.0], [90800.0, 7000.0], [90807.5, 21740.0], [90810.0, 7000.0], [90840.0, 7000.0], [90850.0, 7040.0], [90860.0, 7000.0], [90870.0, 7000.0], [90912.5, 7000.0], [90922.5, 7040.0], [90925.0, 1130.0], [90932.5, 7000.0]]}}}
{"jsonrpc": "2.0", "method": "subscription", "params": {"channel": "book.BTC-14MAR25.none.20.100ms", "data": {"timestamp": 1741015939714, "change_id": 90640977115, "instrument_name": "BTC-14MAR25", "bids": [[90782.5, 15230.0], [90780.0, 30000.0], [90777.5, 20.0], [90775.0, 80040.0], [90760.0, 4850.0], [90722.5, 1460.0], [90720.0, 4850.0], [90705.0, 20.0], [90700.0, 4850.0], [90692.5, 32960.0], [90690.0, 109850.0], [90680.0, 4850.0], [90670.0, 4850.0], [90660.0, 4850.0], [90642.5, 1460.0], [90640.0, 4850.0], [90632.5, 20.0], [90630.0, 4850.0], [90620.0, 5300.0], [90610.0, 4850.0]], "asks": [[90830.0, 12230.0], [90835.0, 4850.0], [90837.5, 10000.0], [90850.0, 3000.0], [90852.5, 7850.0], [90855.0, 3000.0], [90880.0, 74970.0], [90890.0, 4850.0], [90900.0, 1460.0], [90902.5, 4850.0], [90912.5, 4850.0], [90922.5, 20.0], [90925.0, 4850.0], [90927.5, 24750.0], [90935.0, 4850.0], [90945.0, 4850.0], [90985.0, 4850.0], [90995.0, 20.0], [91005.0, 4850.0], [91020.0, 4850.0]]}}}
{"jsonrpc": "2.0", "method": "subscription", "params": {"channel": "book.BTC-7MAR25.none.20.100ms", "data": {"timestamp": 1741015939824, "change_id": 90640977281, "instrument_name": "BTC-7MAR25", "bids": [[90707.5, 26360.0], [90705.0, 40.0], [90697.5, 17000.0], [90682.5, 7390.0], [90680.0, 7000.0], [90670.0, 8140.0], [90650.0, 7000.0], [90632.5, 40.0], [90610.0, 7000.0], [90570.0, 7000.0], [90560.0, 7040.0], [90550.0, 7000.0], [90540.0, 7000.0], [90530.0, 7000.0], [90512.5, 500.0], [90510.0, 7000.0], [90487.5, 40.0], [90480.0, 7000.0], [90460.0, 217000.0], [90437.5, 50000.0]], "asks": [[90725.0, 7000.0], [90727.5, 7390.0], [90737.5, 14000.0], [90745.0, 5000.0], [90747.5, 12000.0], [90750.0, 120.0], [90757.5, 17000.0], [90765.0, 5000.0], [90767.5, 7000.0], [90782.5, 70000.0], [90787.5, 7000.0], [90800.0, 7000.0], [90807.5, 16740.0], [90810.0, 7000.0], [90840.0, 7000.0], [90850.0, 7040.0], [90860.0, 7000.0], [90870.0, 7000.0], [90912.5, 7000.0], [90922.5, 7040.0]]}}}
{"jsonrpc": "2.0", "method": "subscription", "params": {"channel": "book.BTC-14MAR25.none.20.100ms", "data": {"timestamp": 1741015940128, "change_id": 90640980189, "instrument_name": "BTC-14MAR25", "bids": [[90787.5, 3000.0], [90785.0, 3000.0], [90782.5, 15230.0], [90780.0, 20000.0], [90777.5, 20.0], [90770.0, 3000.0], [90767.5, 10000.0], [90760.0, 4850.0], [90720.0, 4850.0], [90717.5, 25550.0], [90705.0, 20.0], [90700.0, 4850.0], [90692.5, 32960.0], [90690.0, 109850.0], [90680.0, 4850.0], [90670.0, 4850.0], [90660.0, 4850.0], [90642.5, 1460.0], [90640.0, 4850.0], [90632.5, 1480.0]], "asks": [[90827.5, 14850.0], [90830.0, 12230.0], [90832.5, 20000.0], [90837.5, 120.0], [90850.0, 3000.0], [90852.5, 7850.0], [90855.0, 3000.0], [90877.5, 50000.0], [90880.0, 4850.0], [90890.0, 4850.0], [90900.0, 1460.0], [90902.5, 4850.0], [90912.5, 4850.0], [90922.5, 20.0], [90925.0, 4850.0], [90927.5, 24750.0], [90935.0, 4850.0], [90945.0, 4850.0], [90985.0, 4850.0], [90995.0, 20.0]]}}}
{"jsonrpc": "2.0", "method": "subscription", "params": {"channel": "book.BTC-7MAR25.none.20.100ms", "data": {"timestamp": 1741015940138, "change_id": 90640980097, "instrument_name": "BTC-7MAR25", "bids": [[90707.5, 26360.0], [90705.0, 40.0], [90685.0, 14320.0], [90682.5, 7390.0], [90680.0, 7000.0], [90672.5, 2440.0], [90670.0, 8140.0], [90652.5, 2100.0], [90650.0, 7000.0], [90632.5, 40.0], [90615.0, 7250.0], [90612.5, 17170.0], [90610.0, 7000.0], [90570.0, 7000.0], [90560.0, 7040.0], [90550.0, 7000.0], [90540.0, 7000.0], [90530.0, 112000.0], [90512.5, 119120.0], [90510.0, 7000.0]], "asks": [[90725.0, 14000.0], [90727.5, 7390.0], [90735.0, 20000.0], [90737.5, 14000.0], [90740.0, 120.0], [90742.5, 50000.0], [90745.0, 5000.0], [90747.5, 22000.0], [90757.5, 7000.0], [90765.0, 5000.0], [90767.5, 7000.0], [90787.5, 7000.0], [90800.0, 7000.0], [90807.5, 16740.0], [90810.0, 7000.0], [90840.0, 7000.0], [90850.0, 7040.0], [90860.0, 7000.0], [90870.0, 7000.0], [90912.5, 7000.0]]}}}
{"jsonrpc": "2.0", "method": "subscription", "params": {"channel": "book.BTC-14MAR25.none.20.100ms", "data": {"timestamp": 1741015940455, "change_id": 90640981922, "instrument_name": "BTC-14MAR25", "bids": [[90782.5, 3000.0], [90780.0, 120.0], [90777.5, 20.0], [90775.0, 27380.0], [90767.5, 10000.0], [90762.5, 4850.0], [90732.5, 25750.0], [90720.0, 4850.0], [90705.0, 20.0], [90700.0, 4850.0], [90690.0, 4850.0], [90680.0, 4850.0], [90670.0, 4850.0], [90660.0, 4850.0], [90640.0, 4850.0], [90632.5, 20.0], [90630.0, 4850.0], [90620.0, 5300.0], [90610.0, 4850.0], [90600.0, 4850.0]], "asks": [[90817.5, 12700.0], [90820.0, 7380.0], [90827.5, 4970.0], [90830.0, 4850.0], [90832.5, 20000.0], [90850.0, 3000.0], [90852.5, 4850.0], [90877.5, 50000.0], [90890.0, 4850.0], [90902.5, 4850.0], [90912.5, 4850.0], [90922.5, 20.0], [90925.0, 4850.0], [90927.5, 24750.0], [90935.0, 4850.0], [90945.0, 4850.0], [90985.0, 4850.0], [90995.0, 20.0], [91005.0, 4850.0], [91020.0, 4850.0]]}}}
{"jsonrpc": "2.0", "method": "subscription", "params": {"channel": "book.BTC-7MAR25.none.20.100ms", "data": {"timestamp": 1741015940420, "change_id": 90640981787, "instrument_name": "BTC-7MAR25", "bids": [[90707.5, 26360.0], [90705.0, 40.0], [90685.0, 10000.0], [90680.0, 7000.0], [90675.0, 7510.0], [90670.0, 8140.0], [90650.0, 7000.0], [90632.5, 40.0], [90630.0, 17590.0], [90610.0, 7000.0], [90570.0, 7000.0], [90560.0, 7040.0], [90550.0, 7000.0], [90540.0, 7000.0], [90530.0, 112000.0], [90512.5, 500.0], [90510.0, 7000.0], [90505.0, 118620.0], [90487.5, 40.0], [90480.0, 7000.0]], "asks": [[90712.5, 7000.0], [90715.0, 7000.0], [90720.0, 12000.0], [90722.5, 5000.0], [90725.0, 7000.0], [90727.5, 7390.0], [90730.0, 120.0], [90732.5, 50000.0], [90735.0, 20000.0], [90737.5, 17000.0], [90747.5, 7000.0], [90757.5, 7000.0], [90767.5, 7000.0], [90787.5, 7000.0], [90800.0, 7000.0], [90807.5, 16740.0], [90810.0, 7000.0], [90840.0, 7000.0], [90850.0, 7040.0], [90860.0, 7000.0]]}}}
{"jsonrpc": "2.0", "method": "subscription", "params": {"channel": "book.BTC-14MAR25.none.20.100ms", "data": {"timestamp": 1741015940716, "change_id": 90640983085, "instrument_name": "BTC-14MAR25", "bids": [[90782.5, 3000.0], [90780.0, 120.0], [90777.5, 8230.0], [90775.0, 27380.0], [90770.0, 3000.0], [90767.5, 10000.0], [90722.5, 1460.0], [90720.0, 4850.0], [90705.0, 9270.0], [90702.5, 25980.0], [90700.0, 4850.0], [90692.5, 1460.0], [90690.0, 4850.0], [90680.0, 4850.0], [90672.5, 1460.0], [90670.0, 4850.0], [90660.0, 4850.0], [90642.5, 32770.0], [90640.0, 109850.0], [90632.5, 20.0]], "asks": [[90815.0, 5210.0], [90817.5, 10000.0], [90820.0, 7380.0], [90825.0, 2950.0], [90827.5, 4970.0], [90830.0, 27310.0], [90832.5, 70000.0], [90840.0, 4850.0], [90850.0, 3000.0], [90852.5, 4850.0], [90890.0, 4850.0], [90902.5, 4850.0], [90912.5, 4850.0], [90922.5, 20.0], [90925.0, 4850.0], [90927.5, 24750.0], [90935.0, 4850.0], [90945.0, 4850.0], [90985.0, 4850.0], [90995.0, 20.0]]}}}
{"jsonrpc": "2.0", "method": "subscription", "params": {"channel": "book.BTC-7MAR25.none.20.100ms", "data": {"timestamp": 1741015940803, "change_id": 90640983423, "instrument_name": "BTC-7MAR25", "bids": [[90707.5, 26360.0], [90705.0, 40.0], [90690.0, 5100.0], [90687.5, 3000.0], [90685.0, 10000.0], [90682.5, 2100.0], [90680.0, 7000.0], [90677.5, 2250.0], [90675.0, 7510.0], [90672.5, 2440.0], [90670.0, 8140.0], [90652.5, 2100.0], [90650.0, 7000.0], [90632.5, 40.0], [90612.5, 2100.0], [90610.0, 7000.0], [90597.5, 16930.0], [90570.0, 7000.0], [90560.0, 7040.0], [90550.0, 7000.0]], "asks": [[90712.5, 7000.0], [90715.0, 3750.0], [90717.5, 7390.0], [90720.0, 8720.0], [90722.5, 5000.0], [90725.0, 7000.0], [90732.5, 70000.0], [90737.5, 17000.0], [90747.5, 7000.0], [90757.5, 7000.0], [90767.5, 7000.0], [90787.5, 7000.0], [90800.0, 7000.0], [90807.5, 16740.0], [90810.0, 7000.0], [90840.0, 7000.0], [90850.0, 7040.0], [90860.0, 7000.0], [90870.0, 7000.0], [90912.5, 7000.0]]}}}
{"jsonrpc": "2.0", "method": "subscription", "params": {"channel": "book.BTC-7MAR25.none.20.100ms", "data": {"timestamp": 1741015941150, "change_id": 90640986279, "instrument_name": "BTC-7MAR25", "bids": [[90705.0, 40.0], [90672.5, 10000.0], [90670.0, 8140.0], [90650.0, 7000.0], [90645.0, 120.0], [90632.5, 40.0], [90610.0, 7000.0], [90600.0, 7000.0], [90570.0, 7000.0], [90560.0, 7040.0], [90550.0, 7000.0], [90540.0, 7000.0], [90530.0, 112000.0], [90510.0, 7000.0], [90490.0, 44970.0], [90487.5, 540.0], [90480.0, 7000.0], [90460.0, 217000.0], [90430.0, 7000.0], [90420.0, 7000.0]], "asks": [[90712.5, 14000.0], [90717.5, 7390.0], [90720.0, 25120.0], [90722.5, 5000.0], [90725.0, 7000.0], [90732.5, 50000.0], [90737.5, 17000.0], [90745.0, 2000.0], [90747.5, 7000.0], [90757.5, 7000.0], [90767.5, 7000.0], [90787.5, 7000.0], [90800.0, 7000.0], [90807.5, 16740.0], [90810.0, 7000.0], [90840.0, 7000.0], [90850.0, 7040.0], [90860.0, 7000.0], [90870.0, 7000.0], [90912.5, 7000.0]]}}}
{"jsonrpc": "2.0", "method": "subscription", "params": {"channel": "book.BTC-14MAR25.none.20.100ms", "data": {"timestamp": 1741015941105, "change_id": 90640986290, "instrument_name": "BTC-14MAR25", "bids": [[90777.5, 20.0], [90770.0, 20000.0], [90757.5, 7850.0], [90755.0, 10000.0], [90750.0, 120.0], [90722.5, 1460.0], [90720.0, 4850.0], [90705.0, 20.0], [90702.5, 1460.0], [90700.0, 4850.0], [90692.5, 1460.0], [90690.0, 4850.0], [90680.0, 4850.0], [90670.0, 4850.0], [90660.0, 4850.0], [90640.0, 109850.0], [90632.5, 20.0], [90630.0, 4850.0], [90620.0, 4850.0], [90610.0, 4850.0]], "asks": [[90815.0, 4850.0], [90817.5, 30000.0], [90820.0, 7380.0], [90825.0, 1490.0], [90827.5, 4970.0], [90837.5, 50000.0], [90840.0, 4850.0], [90850.0, 3000.0], [90852.5, 4850.0], [90882.5, 2000.0], [90890.0, 4850.0], [90902.5, 4850.0], [90912.5, 4850.0], [90922.5, 20.0], [90925.0, 4850.0], [90927.5, 24750.0], [90935.0, 4850.0], [90945.0, 4850.0], [90985.0, 4850.0], [90995.0, 20.0]]}}}
{"jsonrpc": "2.0", "method": "subscription", "params": {"channel": "book.BTC-7MAR25.none.20.100ms", "data": {"timestamp": 1741015941461, "change_id": 90640987753, "instrument_name": "BTC-7MAR25", "bids": [[90705.0, 40.0], [90672.5, 10000.0], [90670.0, 1140.0], [90667.5, 7390.0], [90662.5, 120.0], [90650.0, 7000.0], [90632.5, 40.0], [90630.0, 16900.0], [90600.0, 7000.0], [90570.0, 7000.0], [90560.0, 7040.0], [90550.0, 7000.0], [90540.0, 7000.0], [90530.0, 112000.0], [90510.0, 7000.0], [90487.5, 118660.0], [90480.0, 7000.0], [90465.0, 500.0], [90460.0, 217000.0], [90430.0, 7000.0]], "asks": [[90707.5, 14390.0], [90710.0, 120.0], [90712.5, 14000.0], [90720.0, 25000.0], [90722.5, 5000.0], [90725.0, 17000.0], [90732.5, 50000.0], [90737.5, 7000.0], [90745.0, 2000.0], [90757.5, 7000.0], [90767.5, 7000.0], [90787.5, 7000.0], [90800.0, 7000.0], [90807.5, 16740.0], [90810.0, 7000.0], [90840.0, 7000.0], [90850.0, 7040.0], [90860.0, 7000.0], [90870.0, 7000.0], [90912.5, 7000.0]]}}}
{"jsonrpc": "2.0", "method": "subscription", "params": {"channel": "book.BTC-14MAR25.none.20.100ms", "data": {"timestamp": 1741015941470, "change_id": 90640987790, "instrument_name": "BTC-14MAR25", "bids": [[90777.5, 3020.0], [90767.5, 120.0], [90765.0, 7380.0], [90755.0, 10000.0], [90737.5, 4850.0], [90725.0, 25160.0], [90720.0, 4850.0], [90705.0, 20.0], [90702.5, 1460.0], [90700.0, 4850.0], [90690.0, 4850.0], [90680.0, 4850.0], [90670.0, 4850.0], [90662.5, 1460.0], [90660.0, 4850.0], [90640.0, 109850.0], [90632.5, 20.0], [90630.0, 4850.0], [90622.5, 1460.0], [90620.0, 4850.0]], "asks": [[90800.0, 4850.0], [90807.5, 10000.0], [90810.0, 7380.0], [90817.5, 20120.0], [90830.0, 4850.0], [90837.5, 50000.0], [90840.0, 4850.0], [90850.0, 3000.0], [90852.5, 4850.0], [90880.0, 26560.0], [90882.5, 2000.0], [90890.0, 4850.0], [90902.5, 4850.0], [90912.5, 4850.0], [90922.5, 20.0], [90925.0, 4850.0], [90935.0, 4850.0], [90945.0, 4850.0], [90985.0, 4850.0], [90995.0, 20.0]]}}}
{"jsonrpc": "2.0", "method": "subscription", "params": {"channel": "book.BTC-14MAR25.none.20.100ms", "data": {"timestamp": 1741015941680, "change_id": 90640988642, "instrument_name": "BTC-14MAR25", "bids": [[90777.5, 3020.0], [90767.5, 120.0], [90757.5, 2210.0], [90755.0, 7380.0], [90750.0, 1460.0], [90747.5, 4850.0], [90742.5, 3000.0], [90740.0, 11460.0], [90737.5, 4850.0], [90720.0, 4850.0], [90717.5, 25880.0], [90705.0, 20.0], [90700.0, 4850.0], [90690.0, 4850.0], [90680.0, 4850.0], [90670.0, 4850.0], [90660.0, 4850.0], [90640.0, 109850.0], [90632.5, 20.0], [90630.0, 4850.0]], "asks": [[90800.0, 4850.0], [90807.5, 10000.0], [90810.0, 7380.0], [90817.5, 20120.0], [90830.0, 4850.0], [90837.5, 50000.0], [90840.0, 4850.0], [90850.0, 3000.0], [90852.5, 4850.0], [90880.0, 26560.0], [90882.5, 2000.0], [90890.0, 4850.0], [90902.5, 4850.0], [90912.5, 4850.0], [90922.5, 20.0], [90925.0, 4850.0], [90935.0, 4850.0], [90945.0, 4850.0], [90985.0, 4850.0], [90995.0, 20.0]]}}}
{"jsonrpc": "2.0", "method": "subscription", "params": {"channel": "book.BTC-7MAR25.none.20.100ms", "data": {"timestamp": 1741015941726, "change_id": 90640988830, "instrument_name": "BTC-7MAR25", "bids": [[90705.0, 40.0], [90672.5, 340.0], [90670.0, 1140.0], [90662.5, 120.0], [90657.5, 17390.0], [90652.5, 2100.0], [90650.0, 7000.0], [90632.5, 40.0], [90622.5, 2100.0], [90620.0, 12020.0], [90617.5, 16720.0], [90602.5, 2100.0], [90600.0, 7000.0], [90572.5, 2100.0], [90570.0, 7000.0], [90560.0, 7040.0], [90552.5, 2100.0], [90550.0, 7000.0], [90540.0, 7000.0], [90530.0, 112000.0]], "asks": [[90707.5, 14390.0], [90710.0, 4320.0], [90712.5, 14000.0], [90720.0, 34180.0], [90722.5, 55000.0], [90725.0, 17000.0], [90735.0, 2100.0], [90737.5, 7000.0], [90745.0, 2000.0], [90757.5, 7000.0], [90767.5, 7000.0], [90787.5, 7000.0], [90800.0, 7000.0], [90807.5, 16740.0], [90810.0, 7000.0], [90840.0, 7000.0], [90850.0, 7040.0], [90860.0, 7000.0], [90870.0, 7000.0], [90912.5, 7000.0]]}}}
{"jsonrpc": "2.0", "method": "subscription", "params": {"channel": "book.BTC-7MAR25.none.20.100ms", "data": {"timestamp": 1741015942142, "change_id": 90640991138, "instrument_name": "BTC-7MAR25", "bids": [[90670.0, 1140.0], [90667.5, 20000.0], [90657.5, 17390.0], [90650.0, 7000.0], [90645.0, 120.0], [90632.5, 40.0], [90620.0, 7000.0], [90600.0, 7000.0], [90570.0, 7000.0], [90560.0, 7040.0], [90550.0, 7000.0], [90540.0, 7000.0], [90530.0, 112000.0], [90510.0, 7000.0], [90487.5, 40.0], [90482.5, 118620.0], [90480.0, 7000.0], [90465.0, 500.0], [90460.0, 217000.0], [90430.0, 7000.0]], "asks": [[90697.5, 7000.0], [90700.0, 14120.0], [90707.5, 7390.0], [90710.0, 20000.0], [90712.5, 7000.0], [90715.0, 10000.0], [90722.5, 55000.0], [90725.0, 7000.0], [90737.5, 7000.0], [90745.0, 2000.0], [90757.5, 7000.0], [90767.5, 7000.0], [90787.5, 7000.0], [90800.0, 7000.0], [90807.5, 16740.0], [90810.0, 7000.0], [90840.0, 7000.0], [90850.0, 7040.0], [90860.0, 7000.0], [90870.0, 7000.0]]}}}
{"jsonrpc": "2.0", "method": "subscription", "params": {"channel": "book.BTC-14MAR25.none.20.100ms", "data": {"timestamp": 1741015942110, "change_id": 90640991120, "instrument_name": "BTC-14MAR25", "bids": [[90777.5, 20.0], [90757.5, 2210.0], [90755.0, 7380.0], [90750.0, 120.0], [90742.5, 2560.0], [90740.0, 10000.0], [90722.5, 1460.0], [90720.0, 4850.0], [90705.0, 20.0], [90702.5, 1460.0], [90700.0, 4850.0], [90692.5, 1460.0], [90690.0, 4850.0], [90682.5, 1460.0], [90680.0, 4850.0], [90672.5, 1460.0], [90670.0, 4850.0], [90662.5, 1460.0], [90660.0, 4850.0], [90642.5, 32960.0]], "asks": [[90792.5, 3000.0], [90795.0, 4850.0], [90797.5, 14850.0], [90800.0, 7380.0], [90802.5, 20000.0], [90807.5, 120.0], [90830.0, 4850.0], [90837.5, 50000.0], [90840.0, 4850.0], [90850.0, 3000.0], [90852.5, 4850.0], [90880.0, 26560.0], [90882.5, 2000.0], [90890.0, 4850.0], [90902.5, 4850.0], [90912.5, 4850.0], [90922.5, 20.0], [90925.0, 4850.0], [90935.0, 4850.0], [90945.0, 4850.0]]}}}
{"jsonrpc": "2.0", "method": "subscription", "params": {"channel": "book.BTC-14MAR25.none.20.100ms", "data": {"timestamp": 1741015942456, "change_id": 90640992812, "instrument_name": "BTC-14MAR25", "bids": [[90777.5, 3020.0], [90755.0, 7380.0], [90750.0, 1580.0], [90747.5, 4850.0], [90742.5, 2560.0], [90740.0, 10000.0], [90720.0, 4850.0], [90705.0, 20.0], [90702.5, 1460.0], [90700.0, 12670.0], [90697.5, 26070.0], [90692.5, 1460.0], [90690.0, 4850.0], [90682.5, 1460.0], [90680.0, 4850.0], [90670.0, 4850.0], [90660.0, 4850.0], [90642.5, 32960.0], [90640.0, 109850.0], [90632.5, 1480.0]], "asks": [[90795.0, 12670.0], [90797.5, 14850.0], [90800.0, 27380.0], [90807.5, 120.0], [90827.5, 1460.0], [90830.0, 4850.0], [90835.0, 16460.0], [90837.5, 50000.0], [90840.0, 4850.0], [90850.0, 1460.0], [90852.5, 4850.0], [90877.5, 7970.0], [90880.0, 27160.0], [90882.5, 2000.0], [90887.5, 1460.0], [90890.0, 4850.0], [90902.5, 4850.0], [90910.0, 1460.0], [90912.5, 4850.0], [90922.5, 20.0]]}}}
{"jsonrpc": "2.0", "method": "subscription", "params": {"channel": "book.BTC-7MAR25.none.20.100ms", "data": {"timestamp": 1741015942456, "change_id": 90640992810, "instrument_name": "BTC-7MAR25", "bids": [[90672.5, 12100.0], [90670.0, 15140.0], [90665.0, 8100.0], [90662.5, 20000.0], [90660.0, 10000.0], [90657.5, 10000.0], [90650.0, 9250.0], [90647.5, 7390.0], [90645.0, 120.0], [90632.5, 40.0], [90622.5, 2100.0], [90620.0, 7000.0], [90600.0, 7000.0], [90595.0, 5320.0], [90592.5, 17720.0], [90570.0, 7000.0], [90560.0, 7040.0], [90550.0, 7000.0], [90540.0, 7000.0], [90530.0, 112000.0]], "asks": [[90690.0, 7000.0], [90692.5, 7390.0], [90700.0, 7120.0], [90705.0, 20000.0], [90712.5, 57000.0], [90715.0, 10000.0], [90722.5, 5000.0], [90725.0, 7000.0], [90737.5, 7000.0], [90745.0, 2000.0], [90757.5, 7000.0], [90765.0, 16920.0], [90767.5, 7000.0], [90777.5, 40.0], [90787.5, 7000.0], [90800.0, 7000.0], [90810.0, 7000.0], [90840.0, 7000.0], [90850.0, 7040.0], [90860.0, 7000.0]]}}}
{"jsonrpc": "2.0", "method": "subscription", "params": {"channel": "book.BTC-14MAR25.none.20.100ms", "data": {"timestamp": 1741015942808, "change_id": 90640994268, "instrument_name": "BTC-14MAR25", "bids": [[90777.5, 20.0], [90760.0, 120.0], [90757.5, 2210.0], [90755.0, 7380.0], [90742.5, 3000.0], [90740.0, 10000.0], [90722.5, 1460.0], [90720.0, 4850.0], [90705.0, 20.0], [90702.5, 1460.0], [90700.0, 12670.0], [90697.5, 26070.0], [90692.5, 1460.0], [90690.0, 4850.0], [90680.0, 4850.0], [90672.5, 1460.0], [90670.0, 4850.0], [90662.5, 1460.0], [90660.0, 4850.0], [90640.0, 109850.0]], "asks": [[90795.0, 6030.0], [90797.5, 7850.0], [90800.0, 12230.0], [90807.5, 20120.0], [90810.0, 10000.0], [90820.0, 4850.0], [90830.0, 4850.0], [90837.5, 50000.0], [90840.0, 4850.0], [90852.5, 4850.0], [90880.0, 26560.0], [90882.5, 2000.0], [90890.0, 4850.0], [90902.5, 4850.0], [90912.5, 4850.0], [90922.5, 20.0], [90935.0, 4850.0], [90945.0, 4850.0], [90985.0, 4850.0], [90995.0, 20.0]]}}}
{"jsonrpc": "2.0", "method": "subscription", "params": {"channel": "book.BTC-7MAR25.none.20.100ms", "data": {"timestamp": 1741015942791, "change_id": 90640994246, "instrument_name": "BTC-7MAR25", "bids": [[90672.5, 20000.0], [90670.0, 1140.0], [90660.0, 14390.0], [90657.5, 10000.0], [90655.0, 120.0], [90650.0, 7000.0], [90632.5, 40.0], [90620.0, 7000.0], [90600.0, 7000.0], [90592.5, 17720.0], [90570.0, 7000.0], [90560.0, 7040.0], [90550.0, 7000.0], [90540.0, 7000.0], [90530.0, 112000.0], [90510.0, 7000.0], [90487.5, 40.0], [90482.5, 118620.0], [90480.0, 7000.0], [90465.0, 500.0]], "asks": [[90690.0, 7000.0], [90697.5, 7390.0], [90700.0, 7120.0], [90710.0, 20000.0], [90712.5, 7000.0], [90725.0, 7000.0], [90727.5, 10000.0], [90737.5, 7000.0], [90742.5, 50000.0], [90745.0, 2000.0], [90757.5, 7000.0], [90765.0, 17730.0], [90767.5, 7000.0], [90777.5, 40.0], [90787.5, 7000.0], [90800.0, 7000.0], [90810.0, 7000.0], [90840.0, 7000.0], [90850.0, 7040.0], [90860.0, 7000.0]]}}}
{"jsonrpc": "2.0", "method": "subscription", "params": {"channel": "book.BTC-14MAR25.none.20.100ms", "data": {"timestamp": 1741015942948, "change_id": 90640994804, "instrument_name": "BTC-14MAR25", "bids": [[90777.5, 20.0], [90760.0, 120.0], [90757.5, 2210.0], [90755.0, 7380.0], [90750.0, 1460.0], [90747.5, 4850.0], [90742.5, 3000.0], [90740.0, 10000.0], [90722.5, 1460.0], [90720.0, 4850.0], [90705.0, 20.0], [90700.0, 4850.0], [90697.5, 26070.0], [90692.5, 1460.0], [90690.0, 4850.0], [90680.0, 4850.0], [90672.5, 1460.0], [90670.0, 4850.0], [90662.5, 1460.0], [90660.0, 4850.0]], "asks": [[90800.0, 37380.0], [90807.5, 120.0], [90827.5, 1460.0], [90830.0, 4850.0], [90835.0, 16460.0], [90837.5, 50000.0], [90840.0, 4850.0], [90852.5, 4850.0], [90880.0, 26560.0], [90882.5, 2000.0], [90890.0, 4850.0], [90902.5, 4850.0], [90912.5, 4850.0], [90922.5, 20.0], [90935.0, 4850.0], [90945.0, 4850.0], [90985.0, 4850.0], [90995.0, 20.0], [91000.0, 450.0], [91005.0, 4850.0]]}}}
{"jsonrpc": "2.0", "method": "subscription", "params": {"channel": "book.BTC-7MAR25.none.20.100ms", "data": {"timestamp": 1741015943134, "change_id": 90640995878, "instrument_name": "BTC-7MAR25", "bids": [[90680.0, 12100.0], [90675.0, 15020.0], [90672.5, 32100.0], [90670.0, 15140.0], [90662.5, 4320.0], [90660.0, 17430.0], [90657.5, 10000.0], [90655.0, 120.0], [90652.5, 2100.0], [90650.0, 7000.0], [90632.5, 40.0], [90622.5, 2100.0], [90620.0, 7000.0], [90600.0, 7000.0], [90592.5, 17720.0], [90570.0, 7000.0], [90560.0, 7040.0], [90550.0, 7000.0], [90540.0, 7000.0], [90530.0, 112000.0]], "asks": [[90690.0, 7000.0], [90695.0, 2250.0], [90697.5, 7390.0], [90700.0, 120.0], [90707.5, 6000.0], [90710.0, 20000.0], [90712.5, 7000.0], [90715.0, 50000.0], [90717.5, 10000.0], [90725.0, 7000.0], [90737.5, 7000.0], [90745.0, 2000.0], [90757.5, 7000.0], [90765.0, 17730.0], [90767.5, 7000.0], [90777.5, 40.0], [90787.5, 7000.0], [90800.0, 7000.0], [90810.0, 7000.0], [90840.0, 7000.0]]}}}
{"jsonrpc": "2.0", "method": "subscription", "params": {"channel": "book.BTC-7MAR25.none.20.100ms", "data": {"timestamp": 1741015943464, "change_id": 90640997066, "instrument_name": "BTC-7MAR25", "bids": [[90670.0, 1140.0], [90662.5, 4320.0], [90660.0, 7000.0], [90655.0, 120.0], [90652.5, 2100.0], [90650.0, 7000.0], [90632.5, 40.0], [90622.5, 2100.0], [90620.0, 7000.0], [90600.0, 7000.0], [90592.5, 17720.0], [90572.5, 2100.0], [90570.0, 7000.0], [90560.0, 7040.0], [90552.5, 2100.0], [90550.0, 7000.0], [90540.0, 7000.0], [90530.0, 112000.0], [90510.0, 7000.0], [90487.5, 40.0]], "asks": [[90690.0, 7000.0], [90697.5, 27390.0], [90700.0, 7120.0], [90707.5, 2100.0], [90710.0, 7000.0], [90715.0, 50000.0], [90717.5, 10000.0], [90722.5, 2100.0], [90725.0, 7000.0], [90735.0, 2100.0], [90737.5, 7000.0], [90742.5, 600.0], [90745.0, 2000.0], [90757.5, 7000.0], [90767.5, 24380.0], [90777.5, 40.0], [90800.0, 7000.0], [90810.0, 7000.0], [90840.0, 7000.0], [90850.0, 7040.0]]}}}
{"jsonrpc": "2.0", "method": "subscription", "params": {"channel": "book.BTC-14MAR25.none.20.100ms", "data": {"timestamp": 1741015943461, "change_id": 90640997061, "instrument_name": "BTC-14MAR25", "bids": [[90777.5, 20.0], [90760.0, 120.0], [90757.5, 2210.0], [90755.0, 7380.0], [90722.5, 1460.0], [90720.0, 4850.0], [90705.0, 20.0], [90702.5, 1460.0], [90700.0, 12670.0], [90697.5, 26070.0], [90692.5, 1460.0], [90690.0, 4850.0], [90682.5, 1460.0], [90680.0, 4850.0], [90672.5, 1460.0], [90670.0, 4850.0], [90662.5, 1460.0], [90660.0, 4850.0], [90642.5, 32960.0], [90640.0, 109850.0]], "asks": [[90797.5, 11210.0], [90800.0, 37380.0], [90820.0, 120.0], [90827.5, 1460.0], [90830.0, 4850.0], [90835.0, 16460.0], [90837.5, 50000.0], [90840.0, 4850.0], [90850.0, 1460.0], [90852.5, 4850.0], [90875.0, 7980.0], [90877.5, 26600.0], [90880.0, 600.0], [90882.5, 2000.0], [90887.5, 1460.0], [90890.0, 4850.0], [90900.0, 1460.0], [90902.5, 4850.0], [90910.0, 1460.0], [90912.5, 4850.0]]}}}
{"jsonrpc": "2.0", "method": "subscription", "params": {"channel": "book.BTC-7MAR25.none.20.100ms", "data": {"timestamp": 1741015943799, "change_id": 90640998401, "instrument_name": "BTC-7MAR25", "bids": [[90672.5, 9910.0], [90670.0, 6240.0], [90667.5, 5100.0], [90665.0, 20000.0], [90662.5, 2100.0], [90660.0, 7000.0], [90657.5, 3000.0], [90655.0, 10000.0], [90650.0, 14390.0], [90642.5, 120.0], [90632.5, 40.0], [90620.0, 7000.0], [90610.0, 16980.0], [90600.0, 7000.0], [90570.0, 7000.0], [90560.0, 7040.0], [90550.0, 7000.0], [90540.0, 7000.0], [90530.0, 112000.0], [90510.0, 7000.0]], "asks": [[90690.0, 7000.0], [90700.0, 120.0], [90707.5, 20000.0], [90710.0, 7000.0], [90717.5, 10000.0], [90722.5, 50000.0], [90725.0, 7000.0], [90737.5, 7000.0], [90745.0, 2000.0], [90757.5, 7000.0], [90767.5, 7000.0], [90777.5, 40.0], [90800.0, 7000.0], [90810.0, 7000.0], [90840.0, 7000.0], [90850.0, 7040.0], [90860.0, 7000.0], [90870.0, 7000.0], [90885.0, 500.0], [90912.5, 7000.0]]}}}
{"jsonrpc": "2.0", "method": "subscription", "params": {"channel": "book.BTC-14MAR25.none.20.100ms", "data": {"timestamp": 1741015943775, "change_id": 90640998318, "instrument_name": "BTC-14MAR25", "bids": [[90777.5, 20.0], [90752.5, 2210.0], [90750.0, 7380.0], [90747.5, 120.0], [90740.0, 3000.0], [90737.5, 10000.0], [90722.5, 1460.0], [90720.0, 4850.0], [90717.5, 7930.0], [90715.0, 26430.0], [90705.0, 20.0], [90702.5, 1460.0], [90700.0, 4850.0], [90692.5, 1460.0], [90690.0, 4850.0], [90682.5, 1460.0], [90680.0, 4850.0], [90672.5, 1460.0], [90670.0, 4850.0], [90662.5, 1460.0]], "asks": [[90797.5, 4850.0], [90800.0, 34850.0], [90810.0, 120.0], [90827.5, 1460.0], [90830.0, 4850.0], [90835.0, 16460.0], [90837.5, 50000.0], [90840.0, 4850.0], [90850.0, 1460.0], [90852.5, 4850.0], [90880.0, 600.0], [90882.5, 2000.0], [90887.5, 1460.0], [90890.0, 4850.0], [90900.0, 1460.0], [90902.5, 4850.0], [90910.0, 1460.0], [90912.5, 4850.0], [90922.5, 20.0], [90932.5, 1460.0]]}}}
{"jsonrpc": "2.0", "method": "subscription", "params": {"channel": "book.BTC-7MAR25.none.20.100ms", "data": {"timestamp": 1741015944128, "change_id": 90641000127, "instrument_name": "BTC-7MAR25", "bids": [[90682.5, 14000.0], [90680.0, 15160.0], [90677.5, 5100.0], [90675.0, 5100.0], [90672.5, 16910.0], [90670.0, 13770.0], [90665.0, 30000.0], [90662.5, 1950.0], [90660.0, 14390.0], [90650.0, 7000.0], [90642.5, 120.0], [90632.5, 40.0], [90622.5, 2100.0], [90620.0, 7000.0], [90610.0, 16980.0], [90602.5, 2100.0], [90600.0, 7000.0], [90570.0, 7000.0], [90560.0, 7040.0], [90550.0, 7000.0]], "asks": [[90700.0, 120.0], [90705.0, 7390.0], [90707.5, 20000.0], [90725.0, 7000.0], [90737.5, 7000.0], [90742.5, 50000.0], [90745.0, 2000.0], [90757.5, 7000.0], [90767.5, 7000.0], [90777.5, 40.0], [90800.0, 7000.0], [90805.0, 17410.0], [90810.0, 7000.0], [90840.0, 7000.0], [90850.0, 7040.0], [90860.0, 7000.0], [90870.0, 7000.0], [90885.0, 500.0], [90912.5, 7000.0], [90922.5, 112040.0]]}}}
{"jsonrpc": "2.0", "method": "subscription", "params": {"channel": "book.BTC-14MAR25.none.20.100ms", "data": {"timestamp": 1741015944127, "change_id": 90641000119, "instrument_name": "BTC-14MAR25", "bids": [[90777.5, 20.0], [90762.5, 2210.0], [90760.0, 7380.0], [90750.0, 1490.0], [90747.5, 4970.0], [90740.0, 3000.0], [90737.5, 10000.0], [90720.0, 4850.0], [90715.0, 26430.0], [90705.0, 20.0], [90700.0, 4850.0], [90692.5, 1460.0], [90690.0, 4850.0], [90682.5, 1460.0], [90680.0, 4850.0], [90672.5, 1460.0], [90670.0, 4850.0], [90662.5, 1460.0], [90660.0, 4850.0], [90642.5, 32960.0]], "asks": [[90802.5, 2210.0], [90805.0, 7380.0], [90810.0, 120.0], [90825.0, 20000.0], [90827.5, 1460.0], [90835.0, 16460.0], [90837.5, 50000.0], [90840.0, 4850.0], [90850.0, 1460.0], [90852.5, 4850.0], [90882.5, 2000.0], [90887.5, 1460.0], [90890.0, 4850.0], [90900.0, 1460.0], [90902.5, 4850.0], [90910.0, 28090.0], [90912.5, 4850.0], [90922.5, 20.0], [90932.5, 1460.0], [90935.0, 4850.0]]}}}
{"jsonrpc": "2.0", "method": "subscription", "params": {"channel": "book.BTC-7MAR25.none.20.100ms", "data": {"timestamp": 1741015944460, "change_id": 90641001178, "instrument_name": "BTC-7MAR25", "bids": [[90680.0, 5100.0], [90677.5, 5100.0], [90675.0, 20000.0], [90672.5, 7000.0], [90670.0, 1140.0], [90665.0, 10000.0], [90660.0, 14390.0], [90650.0, 7000.0], [90642.5, 120.0], [90632.5, 40.0], [90620.0, 7000.0], [90610.0, 16980.0], [90600.0, 7000.0], [90570.0, 7000.0], [90560.0, 7040.0], [90550.0, 7000.0], [90540.0, 7000.0], [90530.0, 112000.0], [90510.0, 7000.0], [90492.5, 118620.0]], "asks": [[90700.0, 7120.0], [90710.0, 14390.0], [90722.5, 20000.0], [90725.0, 7000.0], [90730.0, 10000.0], [90737.5, 7000.0], [90745.0, 2000.0], [90755.0, 50000.0], [90757.5, 7000.0], [90767.5, 7000.0], [90777.5, 40.0], [90800.0, 7000.0], [90805.0, 17410.0], [90810.0, 7000.0], [90840.0, 7000.0], [90850.0, 7040.0], [90860.0, 7000.0], [90870.0, 7000.0], [90885.0, 500.0], [90912.5, 7000.0]]}}}
{"jsonrpc": "2.0", "method": "subscription", "params": {"channel": "book.BTC-14MAR25.none.20.100ms", "data": {"timestamp": 1741015944444, "change_id": 90641001163, "instrument_name": "BTC-14MAR25", "bids": [[90777.5, 3020.0], [90762.5, 2210.0], [90760.0, 7380.0], [90755.0, 3000.0], [90752.5, 10000.0], [90750.0, 1490.0], [90747.5, 4970.0], [90722.5, 1460.0], [90720.0, 4850.0], [90717.5, 7930.0], [90715.0, 26430.0], [90705.0, 20.0], [90702.5, 1460.0], [90700.0, 4850.0], [90692.5, 1460.0], [90690.0, 4850.0], [90680.0, 4850.0], [90670.0, 4850.0], [90660.0, 4850.0], [90640.0, 109850.0]], "asks": [[90800.0, 900.0], [90802.5, 3000.0], [90805.0, 8210.0], [90807.5, 73000.0], [90810.0, 7380.0], [90812.5, 10000.0], [90822.5, 120.0], [90827.5, 1460.0], [90830.0, 4850.0], [90840.0, 4850.0], [90852.5, 4850.0], [90882.5, 2000.0], [90890.0, 4850.0], [90902.5, 4850.0], [90910.0, 26630.0], [90912.5, 4850.0], [90922.5, 20.0], [90935.0, 4850.0], [90945.0, 4850.0], [90985.0, 4850.0]]}}}
{"jsonrpc": "2.0", "method": "subscription", "params": {"channel": "book.BTC-14MAR25.none.20.100ms", "data": {"timestamp": 1741015944792, "change_id": 90641002596, "instrument_name": "BTC-14MAR25", "bids": [[90787.5, 13210.0], [90785.0, 27850.0], [90782.5, 5360.0], [90780.0, 7850.0], [90777.5, 3020.0], [90767.5, 4850.0], [90757.5, 4850.0], [90752.5, 10000.0], [90747.5, 4970.0], [90720.0, 4850.0], [90715.0, 26430.0], [90705.0, 20.0], [90700.0, 4850.0], [90680.0, 4850.0], [90670.0, 4850.0], [90660.0, 4850.0], [90640.0, 109850.0], [90632.5, 20.0], [90630.0, 4850.0], [90620.0, 4850.0]], "asks": [[90822.5, 120.0], [90852.5, 4850.0], [90882.5, 2000.0], [90890.0, 20000.0], [90892.5, 4850.0], [90902.5, 4850.0], [90912.5, 4850.0], [90922.5, 20.0], [90935.0, 4850.0], [90937.5, 50000.0], [90945.0, 4850.0], [90985.0, 4850.0], [90995.0, 20.0], [91000.0, 450.0], [91005.0, 4850.0], [91020.0, 19560.0], [91040.0, 4850.0], [91060.0, 105000.0], [91065.0, 4850.0], [91070.0, 20.0]]}}}
{"jsonrpc": "2.0", "method": "subscription", "params": {"channel": "book.BTC-7MAR25.none.20.100ms", "data": {"timestamp": 1741015944789, "change_id": 90641002586, "instrument_name": "BTC-7MAR25", "bids": [[90702.5, 34000.0], [90695.0, 7000.0], [90692.5, 12100.0], [90685.0, 5100.0], [90682.5, 26910.0], [90680.0, 5100.0], [90677.5, 15100.0], [90672.5, 7000.0], [90670.0, 1140.0], [90660.0, 7000.0], [90650.0, 7000.0], [90642.5, 120.0], [90632.5, 40.0], [90620.0, 7000.0], [90610.0, 16980.0], [90600.0, 7000.0], [90570.0, 7000.0], [90560.0, 7040.0], [90550.0, 7000.0], [90540.0, 7000.0]], "asks": [[90725.0, 7000.0], [90737.5, 7000.0], [90745.0, 2000.0], [90752.5, 20000.0], [90757.5, 7000.0], [90767.5, 7000.0], [90777.5, 40.0], [90797.5, 50000.0], [90800.0, 7000.0], [90810.0, 7000.0], [90840.0, 7000.0], [90850.0, 7040.0], [90860.0, 7000.0], [90870.0, 7000.0], [90885.0, 500.0], [90912.5, 7000.0], [90922.5, 112040.0], [90925.0, 1130.0], [90932.5, 7000.0], [90960.0, 113170.0]]}}}
{"jsonrpc": "2.0", "method": "subscription", "params": {"channel": "book.BTC-14MAR25.none.20.100ms", "data": {"timestamp": 1741015945013, "change_id": 90641004433, "instrument_name": "BTC-14MAR25", "bids": [[90790.0, 3000.0], [90787.5, 7850.0], [90785.0, 27850.0], [90782.5, 10380.0], [90780.0, 3000.0], [90777.5, 10020.0], [90767.5, 4970.0], [90757.5, 4850.0], [90747.5, 4850.0], [90720.0, 4850.0], [90715.0, 26430.0], [90705.0, 20.0], [90700.0, 4850.0], [90680.0, 4850.0], [90670.0, 4850.0], [90660.0, 4850.0], [90640.0, 109850.0], [90632.5, 20.0], [90630.0, 4850.0], [90620.0, 4850.0]], "asks": [[90830.0, 7380.0], [90835.0, 10000.0], [90842.5, 120.0], [90852.5, 4850.0], [90882.5, 2000.0], [90890.0, 20000.0], [90892.5, 4850.0], [90902.5, 4850.0], [90905.0, 50000.0], [90910.0, 25350.0], [90912.5, 4850.0], [90922.5, 20.0], [90935.0, 4850.0], [90945.0, 4850.0], [90985.0, 4850.0], [90995.0, 20.0], [91000.0, 450.0], [91005.0, 4850.0], [91020.0, 19560.0], [91040.0, 4850.0]]}}}
{"jsonrpc": "2.0", "method": "subscription", "params": {"channel": "book.BTC-7MAR25.none.20.100ms", "data": {"timestamp": 1741015945096, "change_id": 90641004607, "instrument_name": "BTC-7MAR25", "bids": [[90705.0, 12100.0], [90702.5, 20000.0], [90695.0, 7000.0], [90692.5, 22100.0], [90685.0, 5100.0], [90682.5, 14390.0], [90680.0, 5100.0], [90677.5, 5100.0], [90672.5, 7000.0], [90670.0, 1140.0], [90662.5, 120.0], [90660.0, 7000.0], [90650.0, 7000.0], [90632.5, 40.0], [90620.0, 7000.0], [90610.0, 16980.0], [90600.0, 7000.0], [90570.0, 7000.0], [90560.0, 7040.0], [90550.0, 7000.0]], "asks": [[90725.0, 7000.0], [90732.5, 7510.0], [90735.0, 20000.0], [90737.5, 7000.0], [90745.0, 2000.0], [90750.0, 50000.0], [90752.5, 10000.0], [90757.5, 7000.0], [90767.5, 7000.0], [90772.5, 26270.0], [90777.5, 7040.0], [90797.5, 16780.0], [90800.0, 7000.0], [90810.0, 7000.0], [90840.0, 7000.0], [90850.0, 7040.0], [90860.0, 7000.0], [90870.0, 7000.0], [90912.5, 7000.0], [90917.5, 500.0]]}}}
{"jsonrpc": "2.0", "method": "subscription", "params": {"channel": "book.BTC-7MAR25.none.20.100ms", "data": {"timestamp": 1741015945350, "change_id": 90641005652, "instrument_name": "BTC-7MAR25", "bids": [[90715.0, 5100.0], [90710.0, 9360.0], [90707.5, 12100.0], [90705.0, 25100.0], [90702.5, 20000.0], [90695.0, 5100.0], [90692.5, 17000.0], [90687.5, 1530.0], [90685.0, 9420.0], [90682.5, 14390.0], [90675.0, 2440.0], [90672.5, 7000.0], [90670.0, 1140.0], [90662.5, 2220.0], [90660.0, 7000.0], [90652.5, 2100.0], [90650.0, 7000.0], [90632.5, 40.0], [90622.5, 2100.0], [90620.0, 7000.0]], "asks": [[90725.0, 7000.0], [90730.0, 8250.0], [90732.5, 7510.0], [90735.0, 20000.0], [90742.5, 2630.0], [90745.0, 9000.0], [90750.0, 18000.0], [90752.5, 60000.0], [90755.0, 2100.0], [90757.5, 7000.0], [90765.0, 2100.0], [90767.5, 7000.0], [90770.0, 7880.0], [90772.5, 26270.0], [90775.0, 2110.0], [90777.5, 7040.0], [90797.5, 2100.0], [90800.0, 7000.0], [90807.5, 2100.0], [90810.0, 7000.0]]}}}
{"jsonrpc": "2.0", "method": "subscription", "params": {"channel": "book.BTC-14MAR25.none.20.100ms", "data": {"timestamp": 1741015945329, "change_id": 90641005675, "instrument_name": "BTC-14MAR25", "bids": [[90797.5, 10850.0], [90795.0, 20000.0], [90792.5, 900.0], [90790.0, 4800.0], [90787.5, 3000.0], [90785.0, 7010.0], [90782.5, 15230.0], [90780.0, 6010.0], [90777.5, 10020.0], [90767.5, 29470.0], [90765.0, 81680.0], [90760.0, 1460.0], [90757.5, 4850.0], [90747.5, 4850.0], [90720.0, 4850.0], [90715.0, 26430.0], [90705.0, 20.0], [90700.0, 4850.0], [90680.0, 4850.0], [90670.0, 4850.0]], "asks": [[90830.0, 7380.0], [90832.5, 3000.0], [90835.0, 10000.0], [90842.5, 120.0], [90870.0, 4850.0], [90882.5, 2000.0], [90890.0, 70000.0], [90892.5, 4850.0], [90902.5, 4850.0], [90912.5, 4850.0], [90922.5, 20.0], [90932.5, 26580.0], [90935.0, 4850.0], [90945.0, 4850.0], [90985.0, 4850.0], [90995.0, 20.0], [91000.0, 450.0], [91005.0, 4850.0], [91020.0, 19560.0], [91040.0, 4850.0]]}}}
{"jsonrpc": "2.0", "method": "subscription", "params": {"channel": "book.BTC-7MAR25.none.20.100ms", "data": {"timestamp": 1741015945771, "change_id": 90641007873, "instrument_name": "BTC-7MAR25", "bids": [[90687.5, 1530.0], [90685.0, 2100.0], [90682.5, 7000.0], [90680.0, 20000.0], [90677.5, 10000.0], [90675.0, 2480.0], [90672.5, 7120.0], [90670.0, 1140.0], [90650.0, 7000.0], [90632.5, 40.0], [90620.0, 7000.0], [90600.0, 7000.0], [90570.0, 7000.0], [90560.0, 7040.0], [90550.0, 7000.0], [90540.0, 7000.0], [90530.0, 112000.0], [90510.0, 7000.0], [90500.0, 44970.0], [90487.5, 40.0]], "asks": [[90712.5, 12100.0], [90715.0, 19100.0], [90720.0, 120.0], [90722.5, 20000.0], [90725.0, 7000.0], [90735.0, 7000.0], [90740.0, 10000.0], [90745.0, 9000.0], [90752.5, 50000.0], [90757.5, 7000.0], [90767.5, 7000.0], [90772.5, 26270.0], [90777.5, 23780.0], [90800.0, 7000.0], [90807.5, 2100.0], [90810.0, 7000.0], [90840.0, 7000.0], [90850.0, 7040.0], [90870.0, 7000.0], [90912.5, 7000.0]]}}}
{"jsonrpc": "2.0", "method": "subscription", "params": {"channel": "book.BTC-14MAR25.none.20.100ms", "data": {"timestamp": 1741015945732, "change_id": 90641007906, "instrument_name": "BTC-14MAR25", "bids": [[90785.0, 3000.0], [90782.5, 3000.0], [90780.0, 3000.0], [90777.5, 20020.0], [90767.5, 120.0], [90765.0, 91680.0], [90757.5, 4850.0], [90747.5, 4850.0], [90720.0, 4850.0], [90705.0, 20.0], [90700.0, 4850.0], [90680.0, 4850.0], [90670.0, 4850.0], [90660.0, 4850.0], [90640.0, 109850.0], [90632.5, 20.0], [90630.0, 4850.0], [90620.0, 4850.0], [90600.0, 4850.0], [90597.5, 21970.0]], "asks": [[90820.0, 7850.0], [90822.5, 17850.0], [90832.5, 120.0], [90835.0, 20000.0], [90837.5, 4850.0], [90847.5, 4850.0], [90862.5, 50000.0], [90870.0, 4850.0], [90882.5, 2000.0], [90887.5, 25350.0], [90892.5, 4850.0], [90902.5, 4850.0], [90912.5, 4850.0], [90922.5, 20.0], [90935.0, 4850.0], [90945.0, 4850.0], [90985.0, 4850.0], [90995.0, 20.0], [91000.0, 450.0], [91005.0, 4850.0]]}}}
{"jsonrpc": "2.0", "method": "subscription", "params": {"channel": "book.BTC-7MAR25.none.20.100ms", "data": {"timestamp": 1741015946115, "change_id": 90641010384, "instrument_name": "BTC-7MAR25", "bids": [[90670.0, 1140.0], [90655.0, 120.0], [90632.5, 40.0], [90625.0, 10000.0], [90620.0, 7000.0], [90605.0, 17680.0], [90600.0, 7000.0], [90570.0, 7000.0], [90560.0, 7040.0], [90550.0, 7000.0], [90540.0, 7000.0], [90530.0, 112000.0], [90510.0, 7000.0], [90487.5, 40.0], [90480.0, 7000.0], [90472.5, 60130.0], [90470.0, 7000.0], [90465.0, 500.0], [90460.0, 217000.0], [90420.0, 7000.0]], "asks": [[90685.0, 7000.0], [90690.0, 7000.0], [90695.0, 7000.0], [90700.0, 5100.0], [90702.5, 5100.0], [90705.0, 7000.0], [90710.0, 7100.0], [90712.5, 65100.0], [90715.0, 27000.0], [90720.0, 120.0], [90725.0, 7000.0], [90735.0, 7000.0], [90745.0, 7000.0], [90757.5, 7000.0], [90767.5, 7000.0], [90772.5, 26270.0], [90777.5, 23780.0], [90800.0, 7000.0], [90807.5, 2100.0], [90810.0, 7000.0]]}}}
{"jsonrpc": "2.0", "method": "subscription", "params": {"channel": "book.BTC-14MAR25.none.20.100ms", "data": {"timestamp": 1741015945983, "change_id": 90641010319, "instrument_name": "BTC-14MAR25", "bids": [[90767.5, 120.0], [90705.0, 10020.0], [90702.5, 25520.0], [90700.0, 4850.0], [90680.0, 4850.0], [90670.0, 4850.0], [90660.0, 4850.0], [90640.0, 109850.0], [90632.5, 20.0], [90630.0, 4850.0], [90620.0, 4850.0], [90600.0, 4850.0], [90590.0, 4850.0], [90580.0, 4850.0], [90572.5, 450.0], [90570.0, 4850.0], [90560.0, 20.0], [90550.0, 4850.0], [90532.5, 67940.0], [90530.0, 4850.0]], "asks": [[90792.5, 4850.0], [90795.0, 10000.0], [90812.5, 79700.0], [90815.0, 3000.0], [90820.0, 3000.0], [90832.5, 120.0], [90837.5, 4850.0], [90847.5, 4850.0], [90850.0, 2020.0], [90870.0, 4850.0], [90887.5, 25350.0], [90892.5, 4850.0], [90902.5, 4850.0], [90912.5, 4850.0], [90922.5, 20.0], [90935.0, 4850.0], [90945.0, 4850.0], [90985.0, 4850.0], [90995.0, 20.0], [91000.0, 450.0]]}}}
{"jsonrpc": "2.0", "method": "subscription", "params": {"channel": "book.BTC-7MAR25.none.20.100ms", "data": {"timestamp": 1741015946429, "change_id": 90641012409, "instrument_name": "BTC-7MAR25", "bids": [[90672.5, 5100.0], [90670.0, 8140.0], [90665.0, 2100.0], [90662.5, 7000.0], [90652.5, 14390.0], [90645.0, 5100.0], [90642.5, 10000.0], [90640.0, 7000.0], [90632.5, 40.0], [90630.0, 7000.0], [90622.5, 2100.0], [90620.0, 7000.0], [90605.0, 17680.0], [90602.5, 2100.0], [90600.0, 7000.0], [90572.5, 2100.0], [90570.0, 7000.0], [90560.0, 7040.0], [90550.0, 7000.0], [90540.0, 7000.0]], "asks": [[90687.5, 7000.0], [90690.0, 7000.0], [90695.0, 7000.0], [90697.5, 7510.0], [90700.0, 5100.0], [90702.5, 5100.0], [90705.0, 7000.0], [90710.0, 7100.0], [90712.5, 85100.0], [90715.0, 7000.0], [90725.0, 7000.0], [90735.0, 7000.0], [90745.0, 7000.0], [90757.5, 7000.0], [90767.5, 7000.0], [90772.5, 26270.0], [90777.5, 23780.0], [90800.0, 7000.0], [90807.5, 2100.0], [90810.0, 7000.0]]}}}
{"jsonrpc": "2.0", "method": "subscription", "params": {"channel": "book.BTC-14MAR25.none.20.100ms", "data": {"timestamp": 1741015946387, "change_id": 90641012410, "instrument_name": "BTC-14MAR25", "bids": [[90752.5, 12230.0], [90750.0, 20000.0], [90747.5, 7850.0], [90745.0, 3000.0], [90742.5, 3000.0], [90740.0, 3000.0], [90737.5, 4970.0], [90727.5, 4850.0], [90725.0, 10000.0], [90717.5, 4850.0], [90705.0, 20.0], [90702.5, 25520.0], [90700.0, 4850.0], [90680.0, 4850.0], [90670.0, 4850.0], [90660.0, 4850.0], [90640.0, 4850.0], [90632.5, 1480.0], [90630.0, 4850.0], [90620.0, 4850.0]], "asks": [[90795.0, 10000.0], [90797.5, 7380.0], [90810.0, 44930.0], [90812.5, 54850.0], [90837.5, 4850.0], [90847.5, 4850.0], [90850.0, 2020.0], [90870.0, 4850.0], [90887.5, 25350.0], [90890.0, 1460.0], [90892.5, 4850.0], [90902.5, 4850.0], [90912.5, 4850.0], [90922.5, 20.0], [90932.5, 1460.0], [90935.0, 4850.0], [90945.0, 4850.0], [90985.0, 4850.0], [90995.0, 20.0], [91000.0, 450.0]]}}}
{"jsonrpc": "2.0", "method": "subscription", "params": {"channel": "book.BTC-7MAR25.none.20.100ms", "data": {"timestamp": 1741015946738, "change_id": 90641013654, "instrument_name": "BTC-7MAR25", "bids": [[90670.0, 13240.0], [90662.5, 20000.0], [90657.5, 3000.0], [90655.0, 14320.0], [90652.5, 14390.0], [90642.5, 2100.0], [90640.0, 7000.0], [90635.0, 120.0], [90632.5, 2140.0], [90630.0, 7000.0], [90620.0, 7000.0], [90605.0, 17680.0], [90600.0, 7000.0], [90570.0, 7000.0], [90560.0, 7040.0], [90550.0, 7000.0], [90540.0, 7000.0], [90530.0, 7000.0], [90510.0, 7000.0], [90487.5, 40.0]], "asks": [[90687.5, 7000.0], [90690.0, 7000.0], [90697.5, 7510.0], [90700.0, 5100.0], [90702.5, 5100.0], [90705.0, 7000.0], [90710.0, 7100.0], [90712.5, 85100.0], [90715.0, 7000.0], [90725.0, 7000.0], [90735.0, 7000.0], [90745.0, 7000.0], [90757.5, 7000.0], [90767.5, 7000.0], [90772.5, 26270.0], [90777.5, 23780.0], [90800.0, 7000.0], [90810.0, 7000.0], [90840.0, 7000.0], [90850.0, 7040.0]]}}}
{"jsonrpc": "2.0", "method": "subscription", "params": {"channel": "book.BTC-14MAR25.none.20.100ms", "data": {"timestamp": 1741015946708, "change_id": 90641013478, "instrument_name": "BTC-14MAR25", "bids": [[90752.5, 12230.0], [90750.0, 20000.0], [90747.5, 7850.0], [90745.0, 3000.0], [90742.5, 3000.0], [90740.0, 3000.0], [90737.5, 4970.0], [90735.0, 10000.0], [90727.5, 4850.0], [90717.5, 4850.0], [90705.0, 20.0], [90702.5, 25520.0], [90700.0, 4850.0], [90680.0, 4850.0], [90670.0, 4850.0], [90660.0, 4850.0], [90640.0, 4850.0], [90632.5, 1480.0], [90630.0, 4850.0], [90620.0, 4850.0]], "asks": [[90795.0, 10000.0], [90797.5, 7380.0], [90810.0, 20120.0], [90812.5, 4850.0], [90837.5, 4850.0], [90845.0, 50000.0], [90847.5, 4850.0], [90850.0, 2020.0], [90870.0, 4850.0], [90887.5, 25350.0], [90890.0, 1460.0], [90892.5, 4850.0], [90902.5, 4850.0], [90912.5, 4850.0], [90922.5, 20.0], [90932.5, 1460.0], [90935.0, 4850.0], [90945.0, 4850.0], [90985.0, 4850.0], [90995.0, 20.0]]}}}
{"jsonrpc": "2.0", "method": "subscription", "params": {"channel": "book.BTC-7MAR25.none.20.100ms", "data": {"timestamp": 1741015947109, "change_id": 90641015801, "instrument_name": "BTC-7MAR25", "bids": [[90677.5, 7000.0], [90675.0, 5100.0], [90672.5, 22010.0], [90670.0, 1140.0], [90665.0, 10000.0], [90662.5, 27000.0], [90652.5, 14390.0], [90645.0, 120.0], [90640.0, 7000.0], [90632.5, 40.0], [90630.0, 7000.0], [90620.0, 7000.0], [90605.0, 17680.0], [90600.0, 7000.0], [90570.0, 7000.0], [90560.0, 7040.0], [90550.0, 7000.0], [90540.0, 7000.0], [90530.0, 7000.0], [90510.0, 7000.0]], "asks": [[90692.5, 12100.0], [90695.0, 7000.0], [90697.5, 7510.0], [90702.5, 20000.0], [90705.0, 7000.0], [90707.5, 50000.0], [90710.0, 5100.0], [90715.0, 7000.0], [90725.0, 17000.0], [90735.0, 7000.0], [90745.0, 7000.0], [90757.5, 7000.0], [90765.0, 17070.0], [90767.5, 7000.0], [90772.5, 26270.0], [90777.5, 7040.0], [90800.0, 7000.0], [90810.0, 7000.0], [90840.0, 7000.0], [90850.0, 7040.0]]}}}
{"jsonrpc": "2.0", "method": "subscription", "params": {"channel": "book.BTC-14MAR25.none.20.100ms", "data": {"timestamp": 1741015947052, "change_id": 90641015812, "instrument_name": "BTC-14MAR25", "bids": [[90770.0, 1460.0], [90767.5, 4850.0], [90765.0, 6000.0], [90762.5, 20000.0], [90755.0, 2210.0], [90752.5, 7380.0], [90750.0, 1800.0], [90747.5, 17970.0], [90745.0, 4800.0], [90742.5, 3000.0], [90740.0, 3000.0], [90737.5, 4850.0], [90717.5, 4850.0], [90705.0, 20.0], [90702.5, 25520.0], [90700.0, 4850.0], [90680.0, 4850.0], [90670.0, 4850.0], [90660.0, 4850.0], [90640.0, 4850.0]], "asks": [[90797.5, 7380.0], [90807.5, 10000.0], [90810.0, 20120.0], [90812.5, 4850.0], [90837.5, 4850.0], [90845.0, 50000.0], [90847.5, 4850.0], [90850.0, 20.0], [90870.0, 4850.0], [90872.5, 25550.0], [90902.5, 4850.0], [90912.5, 4850.0], [90922.5, 20.0], [90932.5, 1460.0], [90935.0, 4850.0], [90945.0, 4850.0], [90985.0, 4850.0], [90995.0, 20.0], [91000.0, 450.0], [91005.0, 4850.0]]}}}
{"jsonrpc": "2.0", "method": "subscription", "params": {"channel": "book.BTC-7MAR25.none.20.100ms", "data": {"timestamp": 1741015947438, "change_id": 90641016957, "instrument_name": "BTC-7MAR25", "bids": [[90670.0, 1140.0], [90652.5, 24390.0], [90645.0, 120.0], [90640.0, 7000.0], [90632.5, 40.0], [90630.0, 7000.0], [90620.0, 7000.0], [90605.0, 17690.0], [90600.0, 7000.0], [90570.0, 7000.0], [90560.0, 7040.0], [90550.0, 7000.0], [90540.0, 7000.0], [90530.0, 7000.0], [90510.0, 7000.0], [90492.5, 118620.0], [90487.5, 40.0], [90480.0, 7000.0], [90470.0, 7000.0], [90460.0, 7000.0]], "asks": [[90675.0, 7000.0], [90677.5, 12100.0], [90685.0, 5100.0], [90687.5, 32100.0], [90697.5, 7510.0], [90705.0, 7000.0], [90707.5, 50000.0], [90715.0, 17000.0], [90725.0, 7000.0], [90735.0, 7000.0], [90745.0, 7000.0], [90757.5, 7000.0], [90765.0, 17070.0], [90767.5, 7000.0], [90772.5, 26270.0], [90777.5, 7040.0], [90800.0, 7000.0], [90810.0, 7000.0], [90840.0, 7000.0], [90850.0, 7040.0]]}}}
{"jsonrpc": "2.0", "method": "subscription", "params": {"channel": "book.BTC-14MAR25.none.20.100ms", "data": {"timestamp": 1741015947439, "change_id": 90641016960, "instrument_name": "BTC-14MAR25", "bids": [[90752.5, 3900.0], [90750.0, 4840.0], [90747.5, 3120.0], [90745.0, 13010.0], [90742.5, 27380.0], [90735.0, 6000.0], [90732.5, 10000.0], [90717.5, 4850.0], [90707.5, 26320.0], [90705.0, 20.0], [90700.0, 4850.0], [90680.0, 4850.0], [90670.0, 4850.0], [90660.0, 4850.0], [90640.0, 4850.0], [90632.5, 20.0], [90630.0, 4850.0], [90620.0, 4850.0], [90602.5, 1460.0], [90600.0, 4850.0]], "asks": [[90787.5, 7850.0], [90790.0, 7850.0], [90792.5, 3000.0], [90795.0, 20000.0], [90797.5, 17380.0], [90810.0, 120.0], [90837.5, 4850.0], [90845.0, 50000.0], [90847.5, 4850.0], [90850.0, 20.0], [90870.0, 4850.0], [90872.5, 25550.0], [90902.5, 4850.0], [90912.5, 4850.0], [90922.5, 20.0], [90935.0, 4850.0], [90945.0, 4850.0], [90985.0, 4850.0], [90995.0, 20.0], [91000.0, 450.0]]}}}
{"jsonrpc": "2.0", "method": "subscription", "params": {"channel": "book.BTC-7MAR25.none.20.100ms", "data": {"timestamp": 1741015947764, "change_id": 90641018638, "instrument_name": "BTC-7MAR25", "bids": [[90670.0, 1140.0], [90632.5, 40.0], [90630.0, 7000.0], [90625.0, 3690.0], [90622.5, 17390.0], [90620.0, 7000.0], [90612.5, 120.0], [90600.0, 7000.0], [90590.0, 12300.0], [90587.5, 17680.0], [90570.0, 7000.0], [90560.0, 7040.0], [90550.0, 7000.0], [90542.5, 2100.0], [90540.0, 7000.0], [90532.5, 2100.0], [90530.0, 7000.0], [90510.0, 7000.0], [90487.5, 40.0], [90480.0, 7000.0]], "asks": [[90672.5, 14390.0], [90675.0, 14120.0], [90685.0, 16240.0], [90687.5, 27000.0], [90690.0, 10000.0], [90705.0, 7000.0], [90707.5, 50000.0], [90710.0, 2000.0], [90715.0, 7000.0], [90725.0, 7000.0], [90735.0, 7000.0], [90745.0, 7000.0], [90757.5, 7000.0], [90765.0, 17070.0], [90767.5, 7000.0], [90772.5, 26270.0], [90777.5, 7040.0], [90800.0, 7000.0], [90810.0, 7000.0], [90840.0, 7000.0]]}}}
{"jsonrpc": "2.0", "method": "subscription", "params": {"channel": "book.BTC-14MAR25.none.20.100ms", "data": {"timestamp": 1741015947714, "change_id": 90641018634, "instrument_name": "BTC-14MAR25", "bids": [[90727.5, 4850.0], [90725.0, 7850.0], [90722.5, 10380.0], [90720.0, 20000.0], [90715.0, 120.0], [90705.0, 20.0], [90700.0, 4850.0], [90690.0, 26340.0], [90682.5, 1460.0], [90680.0, 4850.0], [90672.5, 1460.0], [90670.0, 4850.0], [90660.0, 4850.0], [90640.0, 4850.0], [90632.5, 20.0], [90630.0, 4850.0], [90620.0, 4850.0], [90600.0, 4850.0], [90590.0, 4850.0], [90580.0, 4850.0]], "asks": [[90767.5, 7380.0], [90772.5, 14850.0], [90785.0, 27850.0], [90787.5, 7970.0], [90790.0, 3000.0], [90792.5, 3000.0], [90837.5, 4850.0], [90845.0, 50000.0], [90847.5, 4850.0], [90850.0, 20.0], [90852.5, 2000.0], [90870.0, 4850.0], [90872.5, 25550.0], [90902.5, 4850.0], [90912.5, 4850.0], [90922.5, 20.0], [90935.0, 4850.0], [90945.0, 4850.0], [90985.0, 4850.0], [90995.0, 20.0]]}}}
{"jsonrpc": "2.0", "method": "subscription", "params": {"channel": "book.BTC-7MAR25.none.20.100ms", "data": {"timestamp": 1741015947982, "change_id": 90641019785, "instrument_name": "BTC-7MAR25", "bids": [[90670.0, 1140.0], [90632.5, 40.0], [90630.0, 7000.0], [90622.5, 17390.0], [90620.0, 7000.0], [90612.5, 120.0], [90590.0, 7000.0], [90587.5, 16900.0], [90570.0, 7000.0], [90560.0, 7040.0], [90550.0, 7000.0], [90540.0, 7000.0], [90530.0, 7000.0], [90510.0, 7000.0], [90487.5, 40.0], [90480.0, 7000.0], [90470.0, 7000.0], [90460.0, 7000.0], [90457.5, 105000.0], [90455.0, 73650.0]], "asks": [[90672.5, 14390.0], [90675.0, 14120.0], [90682.5, 20000.0], [90685.0, 5100.0], [90687.5, 7000.0], [90690.0, 10000.0], [90705.0, 7000.0], [90707.5, 50000.0], [90710.0, 2000.0], [90725.0, 7000.0], [90735.0, 7000.0], [90745.0, 7000.0], [90757.5, 7000.0], [90765.0, 17070.0], [90767.5, 7000.0], [90772.5, 26270.0], [90777.5, 7040.0], [90800.0, 7000.0], [90810.0, 7000.0], [90840.0, 7000.0]]}}}
{"jsonrpc": "2.0", "method": "subscription", "params": {"channel": "book.BTC-14MAR25.none.20.100ms", "data": {"timestamp": 1741015948100, "change_id": 90641020778, "instrument_name": "BTC-14MAR25", "bids": [[90732.5, 4850.0], [90725.0, 12110.0], [90722.5, 10380.0], [90720.0, 20000.0], [90715.0, 4580.0], [90712.5, 4850.0], [90705.0, 20.0], [90702.5, 1460.0], [90700.0, 4850.0], [90687.5, 25330.0], [90682.5, 1460.0], [90680.0, 4850.0], [90672.5, 1460.0], [90670.0, 4850.0], [90660.0, 4850.0], [90640.0, 4850.0], [90632.5, 20.0], [90630.0, 4850.0], [90620.0, 4850.0], [90600.0, 4850.0]], "asks": [[90767.5, 7380.0], [90772.5, 14850.0], [90780.0, 20000.0], [90785.0, 7850.0], [90787.5, 3120.0], [90790.0, 3000.0], [90792.5, 3000.0], [90837.5, 4850.0], [90842.5, 50000.0], [90847.5, 4850.0], [90850.0, 20.0], [90852.5, 2000.0], [90870.0, 4850.0], [90872.5, 25550.0], [90902.5, 4850.0], [90912.5, 4850.0], [90922.5, 20.0], [90935.0, 4850.0], [90945.0, 4850.0], [90985.0, 4850.0]]}}}
{"jsonrpc": "2.0", "method": "subscription", "params": {"channel": "book.BTC-7MAR25.none.20.100ms", "data": {"timestamp": 1741015948430, "change_id": 90641022332, "instrument_name": "BTC-7MAR25", "bids": [[90635.0, 9910.0], [90632.5, 40.0], [90625.0, 5100.0], [90622.5, 10000.0], [90620.0, 7000.0], [90617.5, 2220.0], [90615.0, 7390.0], [90612.5, 120.0], [90592.5, 2100.0], [90590.0, 7000.0], [90572.5, 2100.0], [90570.0, 7000.0], [90562.5, 2110.0], [90560.0, 7040.0], [90552.5, 2100.0], [90550.0, 7000.0], [90547.5, 5280.0], [90545.0, 17600.0], [90542.5, 2100.0], [90540.0, 7000.0]], "asks": [[90647.5, 19000.0], [90650.0, 10700.0], [90652.5, 12000.0], [90662.5, 7390.0], [90665.0, 7120.0], [90675.0, 27000.0], [90680.0, 10000.0], [90682.5, 50000.0], [90685.0, 5100.0], [90687.5, 7000.0], [90697.5, 26270.0], [90705.0, 7000.0], [90710.0, 2000.0], [90725.0, 7000.0], [90735.0, 7000.0], [90745.0, 7000.0], [90757.5, 7000.0], [90765.0, 17070.0], [90767.5, 7000.0], [90777.5, 7040.0]]}}}
{"jsonrpc": "2.0", "method": "subscription", "params": {"channel": "book.BTC-14MAR25.none.20.100ms", "data": {"timestamp": 1741015948434, "change_id": 90641022344, "instrument_name": "BTC-14MAR25", "bids": [[90725.0, 3000.0], [90715.0, 7500.0], [90705.0, 20.0], [90697.5, 10000.0], [90690.0, 4850.0], [90680.0, 4850.0], [90670.0, 4850.0], [90660.0, 4850.0], [90647.5, 26330.0], [90640.0, 4850.0], [90632.5, 20.0], [90630.0, 4850.0], [90620.0, 4850.0], [90600.0, 4850.0], [90590.0, 4850.0], [90580.0, 4850.0], [90570.0, 109850.0], [90560.0, 20.0], [90550.0, 4850.0], [90530.0, 4850.0]], "asks": [[90755.0, 7850.0], [90757.5, 10380.0], [90762.5, 14850.0], [90775.0, 20120.0], [90777.5, 4850.0], [90785.0, 53000.0], [90787.5, 4850.0], [90837.5, 4850.0], [90847.5, 4850.0], [90850.0, 20.0], [90852.5, 2000.0], [90870.0, 4850.0], [90872.5, 25550.0], [90902.5, 4850.0], [90912.5, 4850.0], [90922.5, 20.0], [90935.0, 4850.0], [90945.0, 4850.0], [90972.5, 105000.0], [90985.0, 4850.0]]}}}
{"jsonrpc": "2.0", "method": "subscription", "params": {"channel": "book.BTC-7MAR25.none.20.100ms", "data": {"timestamp": 1741015948728, "change_id": 90641023544, "instrument_name": "BTC-7MAR25", "bids": [[90632.5, 40.0], [90607.5, 7390.0], [90602.5, 10000.0], [90590.0, 7000.0], [90570.0, 7000.0], [90560.0, 7040.0], [90550.0, 7000.0], [90540.0, 7000.0], [90532.5, 20.0], [90530.0, 7000.0], [90510.0, 7000.0], [90487.5, 40.0], [90480.0, 7000.0], [90470.0, 7000.0], [90460.0, 7000.0], [90457.5, 105000.0], [90450.0, 7000.0], [90435.0, 103460.0], [90420.0, 7500.0], [90415.0, 40.0]], "asks": [[90642.5, 14000.0], [90645.0, 12100.0], [90647.5, 5000.0], [90650.0, 12390.0], [90652.5, 7000.0], [90655.0, 120.0], [90665.0, 7000.0], [90670.0, 10000.0], [90675.0, 29000.0], [90680.0, 50000.0], [90687.5, 7000.0], [90697.5, 26270.0], [90705.0, 7000.0], [90720.0, 17350.0], [90725.0, 7000.0], [90735.0, 7000.0], [90745.0, 7000.0], [90757.5, 7000.0], [90767.5, 7000.0], [90777.5, 7040.0]]}}}
{"jsonrpc": "2.0", "method": "subscription", "params": {"channel": "book.BTC-14MAR25.none.20.100ms", "data": {"timestamp": 1741015948666, "change_id": 90641023714, "instrument_name": "BTC-14MAR25", "bids": [[90710.0, 7850.0], [90707.5, 12230.0], [90705.0, 20.0], [90695.0, 120.0], [90692.5, 1460.0], [90690.0, 4850.0], [90687.5, 3000.0], [90685.0, 10000.0], [90682.5, 1460.0], [90680.0, 4850.0], [90672.5, 1460.0], [90670.0, 4850.0], [90660.0, 4850.0], [90642.5, 1460.0], [90640.0, 4850.0], [90632.5, 20.0], [90630.0, 4850.0], [90622.5, 1460.0], [90620.0, 4850.0], [90600.0, 4850.0]], "asks": [[90747.5, 5360.0], [90750.0, 7850.0], [90752.5, 22230.0], [90762.5, 120.0], [90767.5, 4850.0], [90772.5, 20000.0], [90777.5, 4850.0], [90782.5, 50000.0], [90785.0, 3000.0], [90787.5, 4850.0], [90815.0, 27670.0], [90837.5, 4850.0], [90847.5, 4850.0], [90850.0, 20.0], [90870.0, 4850.0], [90902.5, 4850.0], [90912.5, 4850.0], [90922.5, 20.0], [90935.0, 4850.0], [90945.0, 4850.0]]}}}
{"jsonrpc": "2.0", "method": "subscription", "params": {"channel": "book.BTC-7MAR25.none.20.100ms", "data": {"timestamp": 1741015949091, "change_id": 90641025398, "instrument_name": "BTC-7MAR25", "bids": [[90632.5, 40.0], [90605.0, 4730.0], [90602.5, 17000.0], [90595.0, 7390.0], [90592.5, 2140.0], [90590.0, 7120.0], [90572.5, 7400.0], [90570.0, 24680.0], [90562.5, 2110.0], [90560.0, 7040.0], [90550.0, 7000.0], [90540.0, 7000.0], [90532.5, 20.0], [90530.0, 7000.0], [90510.0, 7000.0], [90487.5, 40.0], [90482.5, 2100.0], [90480.0, 7000.0], [90470.0, 7000.0], [90460.0, 7000.0]], "asks": [[90640.0, 9210.0], [90642.5, 7000.0], [90645.0, 26720.0], [90647.5, 5000.0], [90650.0, 7100.0], [90652.5, 7000.0], [90657.5, 3000.0], [90660.0, 10000.0], [90665.0, 7000.0], [90675.0, 9000.0], [90680.0, 50000.0], [90687.5, 7000.0], [90697.5, 26270.0], [90705.0, 7000.0], [90720.0, 17350.0], [90725.0, 7000.0], [90735.0, 7000.0], [90745.0, 7000.0], [90757.5, 7000.0], [90767.5, 7000.0]]}}}
{"jsonrpc": "2.0", "method": "subscription", "params": {"channel": "book.BTC-14MAR25.none.20.100ms", "data": {"timestamp": 1741015949008, "change_id": 90641025417, "instrument_name": "BTC-14MAR25", "bids": [[90712.5, 3000.0], [90710.0, 3000.0], [90707.5, 4850.0], [90705.0, 20.0], [90697.5, 7380.0], [90695.0, 120.0], [90690.0, 4850.0], [90685.0, 10000.0], [90670.0, 4850.0], [90660.0, 31250.0], [90640.0, 4850.0], [90632.5, 20.0], [90630.0, 4850.0], [90620.0, 4850.0], [90600.0, 4850.0], [90590.0, 4850.0], [90580.0, 4850.0], [90570.0, 109850.0], [90560.0, 20.0], [90550.0, 4850.0]], "asks": [[90742.5, 17380.0], [90747.5, 3000.0], [90750.0, 27850.0], [90752.5, 4850.0], [90762.5, 120.0], [90767.5, 4850.0], [90777.5, 4850.0], [90782.5, 50000.0], [90785.0, 3000.0], [90787.5, 4850.0], [90815.0, 27670.0], [90847.5, 4850.0], [90850.0, 20.0], [90870.0, 4850.0], [90902.5, 4850.0], [90912.5, 4850.0], [90922.5, 20.0], [90935.0, 4850.0], [90945.0, 4850.0], [90972.5, 105000.0]]}}}
{"jsonrpc": "2.0", "method": "subscription", "params": {"channel": "book.BTC-7MAR25.none.20.100ms", "data": {"timestamp": 1741015949348, "change_id": 90641026440, "instrument_name": "BTC-7MAR25", "bids": [[90632.5, 40.0], [90610.0, 7390.0], [90602.5, 17000.0], [90600.0, 120.0], [90597.5, 2220.0], [90590.0, 7000.0], [90570.0, 24680.0], [90560.0, 7040.0], [90552.5, 2100.0], [90550.0, 7000.0], [90540.0, 7000.0], [90532.5, 20.0], [90530.0, 7000.0], [90510.0, 7000.0], [90487.5, 40.0], [90482.5, 2100.0], [90480.0, 7000.0], [90470.0, 7000.0], [90460.0, 7000.0], [90457.5, 105000.0]], "asks": [[90645.0, 14000.0], [90652.5, 7390.0], [90655.0, 7000.0], [90657.5, 20000.0], [90660.0, 120.0], [90665.0, 7000.0], [90672.5, 10000.0], [90675.0, 59000.0], [90687.5, 7000.0], [90697.5, 26270.0], [90705.0, 7000.0], [90720.0, 17350.0], [90725.0, 7000.0], [90735.0, 7000.0], [90745.0, 7000.0], [90757.5, 7000.0], [90767.5, 7000.0], [90777.5, 7040.0], [90800.0, 7000.0], [90810.0, 7000.0]]}}}
{"jsonrpc": "2.0", "method": "subscription", "params": {"channel": "book.BTC-14MAR25.none.20.100ms", "data": {"timestamp": 1741015949378, "change_id": 90641026491, "instrument_name": "BTC-14MAR25", "bids": [[90717.5, 3000.0], [90715.0, 11520.0], [90712.5, 12230.0], [90707.5, 3000.0], [90705.0, 20140.0], [90690.0, 4850.0], [90685.0, 10000.0], [90670.0, 4850.0], [90660.0, 31250.0], [90640.0, 4850.0], [90632.5, 20.0], [90630.0, 4850.0], [90620.0, 4850.0], [90600.0, 4850.0], [90590.0, 4850.0], [90580.0, 4850.0], [90570.0, 109850.0], [90560.0, 20.0], [90550.0, 4850.0], [90530.0, 4850.0]], "asks": [[90752.5, 23000.0], [90755.0, 10000.0], [90757.5, 7380.0], [90762.5, 120.0], [90777.5, 4850.0], [90785.0, 3000.0], [90787.5, 4850.0], [90815.0, 2000.0], [90837.5, 50000.0], [90840.0, 25610.0], [90847.5, 4850.0], [90850.0, 20.0], [90870.0, 4850.0], [90902.5, 4850.0], [90912.5, 4850.0], [90922.5, 20.0], [90935.0, 4850.0], [90945.0, 4850.0], [90972.5, 105000.0], [90985.0, 4850.0]]}}}
{"jsonrpc": "2.0", "method": "subscription", "params": {"channel": "book.BTC-14MAR25.none.20.100ms", "data": {"timestamp": 1741015949734, "change_id": 90641027907, "instrument_name": "BTC-14MAR25", "bids": [[90727.5, 7850.0], [90725.0, 24850.0], [90717.5, 3000.0], [90715.0, 3000.0], [90712.5, 7380.0], [90707.5, 3000.0], [90705.0, 4990.0], [90695.0, 10000.0], [90690.0, 4850.0], [90670.0, 4850.0], [90660.0, 31250.0], [90640.0, 4850.0], [90632.5, 20.0], [90630.0, 4850.0], [90620.0, 4850.0], [90600.0, 4850.0], [90590.0, 4850.0], [90580.0, 4850.0], [90570.0, 109850.0], [90560.0, 20.0]], "asks": [[90752.5, 20000.0], [90755.0, 10000.0], [90757.5, 7380.0], [90785.0, 3000.0], [90787.5, 4850.0], [90835.0, 50000.0], [90837.5, 4850.0], [90847.5, 4850.0], [90850.0, 20.0], [90857.5, 2000.0], [90870.0, 4850.0], [90902.5, 4850.0], [90912.5, 4850.0], [90922.5, 20.0], [90935.0, 4850.0], [90945.0, 4850.0], [90972.5, 105000.0], [90985.0, 4850.0], [90995.0, 20.0], [91000.0, 450.0]]}}}
{"jsonrpc": "2.0", "method": "subscription", "params": {"channel": "book.BTC-7MAR25.none.20.100ms", "data": {"timestamp": 1741015949747, "change_id": 90641027980, "instrument_name": "BTC-7MAR25", "bids": [[90640.0, 18250.0], [90637.5, 12000.0], [90635.0, 12000.0], [90632.5, 6040.0], [90630.0, 20000.0], [90627.5, 2100.0], [90625.0, 7000.0], [90615.0, 12220.0], [90612.5, 10000.0], [90610.0, 7510.0], [90605.0, 2140.0], [90602.5, 7000.0], [90590.0, 7000.0], [90570.0, 24680.0], [90560.0, 7040.0], [90550.0, 7000.0], [90540.0, 7000.0], [90532.5, 20.0], [90530.0, 7000.0], [90510.0, 7000.0]], "asks": [[90660.0, 120.0], [90667.5, 6000.0], [90670.0, 20000.0], [90672.5, 10000.0], [90675.0, 7000.0], [90687.5, 7000.0], [90695.0, 50000.0], [90697.5, 26270.0], [90705.0, 7000.0], [90715.0, 2000.0], [90725.0, 7000.0], [90735.0, 7000.0], [90745.0, 7000.0], [90757.5, 7000.0], [90767.5, 7000.0], [90777.5, 7040.0], [90800.0, 7000.0], [90810.0, 7000.0], [90840.0, 7000.0], [90850.0, 7040.0]]}}}
{"jsonrpc": "2.0", "method": "subscription", "params": {"channel": "book.BTC-7MAR25.none.20.100ms", "data": {"timestamp": 1741015950056, "change_id": 90641029442, "instrument_name": "BTC-7MAR25", "bids": [[90640.0, 7000.0], [90637.5, 7000.0], [90635.0, 7000.0], [90632.5, 40.0], [90630.0, 7000.0], [90622.5, 10000.0], [90615.0, 7000.0], [90610.0, 7510.0], [90590.0, 7000.0], [90577.5, 17310.0], [90570.0, 7000.0], [90560.0, 7040.0], [90550.0, 7000.0], [90540.0, 7000.0], [90532.5, 20.0], [90530.0, 7000.0], [90510.0, 7000.0], [90487.5, 40.0], [90480.0, 7000.0], [90470.0, 7000.0]], "asks": [[90657.5, 12390.0], [90660.0, 7120.0], [90665.0, 20000.0], [90672.5, 10000.0], [90687.5, 7000.0], [90695.0, 50000.0], [90697.5, 26270.0], [90705.0, 7000.0], [90715.0, 2000.0], [90725.0, 23850.0], [90735.0, 7000.0], [90745.0, 7000.0], [90757.5, 7000.0], [90767.5, 7000.0], [90777.5, 7040.0], [90800.0, 7000.0], [90810.0, 7000.0], [90840.0, 7000.0], [90850.0, 7040.0], [90870.0, 7000.0]]}}}
{"jsonrpc": "2.0", "method": "subscription", "params": {"channel": "book.BTC-14MAR25.none.20.100ms", "data": {"timestamp": 1741015949987, "change_id": 90641029432, "instrument_name": "BTC-14MAR25", "bids": [[90727.5, 7850.0], [90725.0, 4850.0], [90720.0, 7610.0], [90717.5, 23000.0], [90715.0, 5330.0], [90712.5, 7380.0], [90710.0, 3910.0], [90707.5, 7850.0], [90705.0, 10020.0], [90692.5, 1460.0], [90690.0, 4850.0], [90677.5, 7920.0], [90675.0, 26400.0], [90672.5, 1460.0], [90670.0, 4850.0], [90662.5, 1460.0], [90660.0, 4850.0], [90642.5, 1460.0], [90640.0, 4850.0], [90632.5, 20.0]], "asks": [[90752.5, 20000.0], [90755.0, 10000.0], [90757.5, 7380.0], [90780.0, 120.0], [90785.0, 3000.0], [90787.5, 4850.0], [90835.0, 75770.0], [90837.5, 4850.0], [90847.5, 4850.0], [90850.0, 20.0], [90857.5, 2000.0], [90870.0, 4850.0], [90902.5, 4850.0], [90912.5, 4850.0], [90922.5, 20.0], [90935.0, 4850.0], [90945.0, 4850.0], [90972.5, 105000.0], [90985.0, 4850.0], [90995.0, 20.0]]}}}
{"jsonrpc": "2.0", "method": "subscription", "params": {"channel": "book.BTC-14MAR25.none.20.100ms", "data": {"timestamp": 1741015950367, "change_id": 90641030807, "instrument_name": "BTC-14MAR25", "bids": [[90737.5, 7850.0], [90735.0, 13850.0], [90732.5, 20000.0], [90725.0, 2330.0], [90722.5, 7380.0], [90720.0, 1460.0], [90717.5, 4850.0], [90707.5, 7850.0], [90705.0, 10020.0], [90690.0, 4850.0], [90675.0, 26400.0], [90670.0, 4850.0], [90660.0, 4850.0], [90642.5, 1460.0], [90640.0, 4850.0], [90632.5, 1480.0], [90630.0, 4850.0], [90620.0, 4850.0], [90600.0, 4850.0], [90590.0, 4850.0]], "asks": [[90767.5, 7380.0], [90770.0, 10000.0], [90780.0, 120.0], [90802.5, 4850.0], [90832.5, 20000.0], [90837.5, 4850.0], [90845.0, 50000.0], [90847.5, 4850.0], [90850.0, 20.0], [90857.5, 2000.0], [90860.0, 26660.0], [90870.0, 4850.0], [90902.5, 4850.0], [90912.5, 4850.0], [90922.5, 20.0], [90935.0, 4850.0], [90945.0, 4850.0], [90972.5, 105000.0], [90985.0, 4850.0], [90995.0, 20.0]]}}}
{"jsonrpc": "2.0", "method": "subscription", "params": {"channel": "book.BTC-7MAR25.none.20.100ms", "data": {"timestamp": 1741015950380, "change_id": 90641030642, "instrument_name": "BTC-7MAR25", "bids": [[90650.0, 7000.0], [90642.5, 15010.0], [90640.0, 7000.0], [90632.5, 20040.0], [90630.0, 7000.0], [90622.5, 17390.0], [90620.0, 120.0], [90615.0, 7000.0], [90590.0, 7000.0], [90577.5, 17310.0], [90570.0, 7000.0], [90560.0, 7040.0], [90550.0, 7000.0], [90540.0, 7000.0], [90532.5, 20.0], [90530.0, 7000.0], [90510.0, 7000.0], [90487.5, 40.0], [90480.0, 7000.0], [90470.0, 7000.0]], "asks": [[90665.0, 7390.0], [90672.5, 120.0], [90677.5, 7000.0], [90682.5, 20000.0], [90685.0, 10000.0], [90687.5, 7000.0], [90695.0, 50000.0], [90697.5, 26270.0], [90705.0, 7000.0], [90715.0, 2000.0], [90725.0, 7000.0], [90735.0, 7000.0], [90745.0, 7000.0], [90755.0, 17760.0], [90757.5, 7000.0], [90767.5, 7000.0], [90777.5, 7040.0], [90800.0, 7000.0], [90810.0, 7000.0], [90840.0, 7000.0]]}}}
{"jsonrpc": "2.0", "method": "subscription", "params": {"channel": "book.BTC-14MAR25.none.20.100ms", "data": {"timestamp": 1741015950661, "change_id": 90641032536, "instrument_name": "BTC-14MAR25", "bids": [[90750.0, 4850.0], [90747.5, 29700.0], [90740.0, 3000.0], [90737.5, 7850.0], [90735.0, 3120.0], [90727.5, 4850.0], [90717.5, 14850.0], [90707.5, 7850.0], [90705.0, 20.0], [90690.0, 4850.0], [90675.0, 26400.0], [90670.0, 4850.0], [90660.0, 4850.0], [90640.0, 4850.0], [90632.5, 20.0], [90630.0, 4850.0], [90620.0, 4850.0], [90600.0, 4850.0], [90590.0, 4850.0], [90580.0, 4850.0]], "asks": [[90805.0, 3120.0], [90825.0, 4850.0], [90837.5, 4850.0], [90847.5, 4850.0], [90850.0, 20.0], [90855.0, 20000.0], [90857.5, 6850.0], [90862.5, 50000.0], [90870.0, 4850.0], [90902.5, 4850.0], [90912.5, 4850.0], [90922.5, 20.0], [90935.0, 4850.0], [90945.0, 4850.0], [90972.5, 105000.0], [90985.0, 4850.0], [90995.0, 20.0], [91000.0, 450.0], [91005.0, 4850.0], [91020.0, 19560.0]]}}}
{"jsonrpc": "2.0", "method": "subscription", "params": {"channel": "book.BTC-7MAR25.none.20.100ms", "data": {"timestamp": 1741015950746, "change_id": 90641032550, "instrument_name": "BTC-7MAR25", "bids": [[90660.0, 14000.0], [90655.0, 7000.0], [90652.5, 30000.0], [90650.0, 7000.0], [90642.5, 5100.0], [90640.0, 7000.0], [90635.0, 10000.0], [90632.5, 160.0], [90630.0, 7000.0], [90615.0, 7000.0], [90590.0, 7000.0], [90577.5, 17310.0], [90570.0, 7000.0], [90560.0, 7040.0], [90550.0, 7000.0], [90540.0, 7000.0], [90532.5, 20.0], [90530.0, 7000.0], [90510.0, 7000.0], [90487.5, 40.0]], "asks": [[90692.5, 120.0], [90695.0, 20000.0], [90697.5, 26270.0], [90702.5, 50000.0], [90705.0, 7000.0], [90725.0, 7000.0], [90735.0, 7000.0], [90745.0, 7000.0], [90757.5, 7000.0], [90767.5, 7000.0], [90777.5, 7040.0], [90800.0, 7000.0], [90810.0, 7000.0], [90840.0, 7000.0], [90850.0, 7040.0], [90870.0, 7000.0], [90892.5, 106170.0], [90912.5, 7000.0], [90917.5, 500.0], [90922.5, 112040.0]]}}}
{"jsonrpc": "2.0", "method": "subscription", "params": {"channel": "book.BTC-7MAR25.none.20.100ms", "data": {"timestamp": 1741015951077, "change_id": 90641034494, "instrument_name": "BTC-7MAR25", "bids": [[90682.5, 7000.0], [90680.0, 12000.0], [90675.0, 5700.0], [90672.5, 12000.0], [90670.0, 7000.0], [90665.0, 6600.0], [90662.5, 5000.0], [90660.0, 17000.0], [90657.5, 7390.0], [90655.0, 120.0], [90650.0, 7000.0], [90642.5, 5100.0], [90640.0, 7000.0], [90632.5, 40.0], [90630.0, 7000.0], [90615.0, 7000.0], [90590.0, 7000.0], [90582.5, 17090.0], [90570.0, 7000.0], [90560.0, 7040.0]], "asks": [[90695.0, 20000.0], [90697.5, 26270.0], [90700.0, 7390.0], [90712.5, 50000.0], [90715.0, 7000.0], [90720.0, 10000.0], [90725.0, 7000.0], [90735.0, 7000.0], [90745.0, 7000.0], [90757.5, 7000.0], [90767.5, 7000.0], [90777.5, 7040.0], [90800.0, 24270.0], [90810.0, 7000.0], [90840.0, 7000.0], [90850.0, 7040.0], [90870.0, 7000.0], [90892.5, 106170.0], [90912.5, 7000.0], [90917.5, 500.0]]}}}
{"jsonrpc": "2.0", "method": "subscription", "params": {"channel": "book.BTC-14MAR25.none.20.100ms", "data": {"timestamp": 1741015950997, "change_id": 90641034345, "instrument_name": "BTC-14MAR25", "bids": [[90760.0, 4850.0], [90757.5, 27500.0], [90752.5, 3000.0], [90750.0, 4850.0], [90742.5, 10000.0], [90740.0, 3000.0], [90737.5, 7850.0], [90727.5, 46730.0], [90717.5, 4850.0], [90707.5, 4850.0], [90705.0, 20.0], [90690.0, 4850.0], [90675.0, 26400.0], [90670.0, 4850.0], [90660.0, 4850.0], [90640.0, 4850.0], [90632.5, 20.0], [90630.0, 4850.0], [90620.0, 4850.0], [90600.0, 4850.0]], "asks": [[90797.5, 10000.0], [90805.0, 7380.0], [90817.5, 120.0], [90825.0, 4850.0], [90835.0, 20000.0], [90837.5, 4850.0], [90847.5, 4850.0], [90850.0, 20.0], [90855.0, 50000.0], [90857.5, 4850.0], [90870.0, 4850.0], [90902.5, 4850.0], [90905.0, 26480.0], [90912.5, 4850.0], [90922.5, 20.0], [90935.0, 4850.0], [90945.0, 4850.0], [90972.5, 105000.0], [90985.0, 4850.0], [90995.0, 20.0]]}}}
{"jsonrpc": "2.0", "method": "subscription", "params": {"channel": "book.BTC-14MAR25.none.20.100ms", "data": {"timestamp": 1741015951358, "change_id": 90641036345, "instrument_name": "BTC-14MAR25", "bids": [[90767.5, 1460.0], [90765.0, 7210.0], [90762.5, 3000.0], [90760.0, 13100.0], [90757.5, 27500.0], [90752.5, 3000.0], [90750.0, 4850.0], [90742.5, 10000.0], [90740.0, 3000.0], [90737.5, 4850.0], [90727.5, 46730.0], [90717.5, 30690.0], [90707.5, 4850.0], [90705.0, 20.0], [90670.0, 4850.0], [90660.0, 4850.0], [90640.0, 4850.0], [90632.5, 20.0], [90630.0, 4850.0], [90620.0, 4850.0]], "asks": [[90802.5, 3000.0], [90805.0, 10380.0], [90810.0, 10000.0], [90825.0, 120.0], [90832.5, 4850.0], [90835.0, 70000.0], [90837.5, 4850.0], [90847.5, 4850.0], [90850.0, 20.0], [90870.0, 4850.0], [90900.0, 2000.0], [90902.5, 4850.0], [90905.0, 26480.0], [90912.5, 4850.0], [90922.5, 20.0], [90935.0, 4850.0], [90945.0, 4850.0], [90972.5, 105000.0], [90985.0, 4850.0], [90995.0, 20.0]]}}}
{"jsonrpc": "2.0", "method": "subscription", "params": {"channel": "book.BTC-7MAR25.none.20.100ms", "data": {"timestamp": 1741015951364, "change_id": 90641036317, "instrument_name": "BTC-7MAR25", "bids": [[90682.5, 14000.0], [90680.0, 5000.0], [90672.5, 32000.0], [90670.0, 17000.0], [90662.5, 5000.0], [90660.0, 7000.0], [90657.5, 7390.0], [90655.0, 120.0], [90650.0, 7000.0], [90642.5, 5100.0], [90640.0, 7000.0], [90632.5, 40.0], [90630.0, 7000.0], [90615.0, 7000.0], [90590.0, 7000.0], [90582.5, 17090.0], [90570.0, 7000.0], [90560.0, 7040.0], [90550.0, 7000.0], [90540.0, 7000.0]], "asks": [[90695.0, 20000.0], [90697.5, 26270.0], [90700.0, 7390.0], [90710.0, 50000.0], [90715.0, 7120.0], [90720.0, 10000.0], [90725.0, 7000.0], [90735.0, 7000.0], [90745.0, 7000.0], [90757.5, 7000.0], [90767.5, 7000.0], [90777.5, 7040.0], [90800.0, 24270.0], [90810.0, 7000.0], [90840.0, 7000.0], [90850.0, 7040.0], [90870.0, 7000.0], [90892.5, 106170.0], [90912.5, 7000.0], [90917.5, 500.0]]}}}
{"jsonrpc": "2.0", "method": "subscription", "params": {"channel": "book.BTC-14MAR25.none.20.100ms", "data": {"timestamp": 1741015951554, "change_id": 90641037533, "instrument_name": "BTC-14MAR25", "bids": [[90775.0, 4850.0], [90772.5, 3000.0], [90770.0, 32230.0], [90767.5, 120.0], [90762.5, 3000.0], [90760.0, 4850.0], [90752.5, 13000.0], [90750.0, 4850.0], [90737.5, 4850.0], [90727.5, 46730.0], [90717.5, 30690.0], [90707.5, 4850.0], [90705.0, 20.0], [90670.0, 4850.0], [90660.0, 4850.0], [90640.0, 4850.0], [90632.5, 20.0], [90630.0, 4850.0], [90620.0, 4850.0], [90600.0, 4850.0]], "asks": [[90810.0, 10000.0], [90817.5, 7380.0], [90825.0, 120.0], [90830.0, 20000.0], [90837.5, 4850.0], [90847.5, 4850.0], [90850.0, 20.0], [90870.0, 4850.0], [90900.0, 52000.0], [90902.5, 4850.0], [90912.5, 4850.0], [90922.5, 20.0], [90935.0, 4850.0], [90945.0, 4850.0], [90972.5, 105000.0], [90985.0, 4850.0], [90995.0, 20.0], [91000.0, 450.0], [91005.0, 4850.0], [91020.0, 19560.0]]}}}
{"jsonrpc": "2.0", "method": "subscription", "params": {"channel": "book.BTC-7MAR25.none.20.100ms", "data": {"timestamp": 1741015951697, "change_id": 90641037694, "instrument_name": "BTC-7MAR25", "bids": [[90692.5, 7000.0], [90690.0, 4810.0], [90687.5, 7000.0], [90685.0, 15640.0], [90682.5, 32100.0], [90675.0, 6600.0], [90672.5, 5000.0], [90670.0, 17000.0], [90667.5, 2250.0], [90665.0, 11110.0], [90662.5, 5000.0], [90660.0, 7000.0], [90652.5, 2100.0], [90650.0, 7000.0], [90645.0, 3630.0], [90642.5, 5100.0], [90640.0, 7000.0], [90632.5, 2140.0], [90630.0, 7000.0], [90615.0, 7000.0]], "asks": [[90695.0, 20000.0], [90697.5, 26270.0], [90715.0, 14510.0], [90717.5, 50000.0], [90725.0, 7000.0], [90732.5, 10000.0], [90735.0, 7000.0], [90745.0, 7000.0], [90757.5, 7000.0], [90767.5, 7000.0], [90777.5, 7040.0], [90800.0, 7000.0], [90810.0, 7000.0], [90840.0, 7000.0], [90850.0, 7040.0], [90870.0, 7000.0], [90892.5, 106170.0], [90912.5, 7000.0], [90917.5, 500.0], [90922.5, 112040.0]]}}}
{"jsonrpc": "2.0", "method": "subscription", "params": {"channel": "book.BTC-7MAR25.none.20.100ms", "data": {"timestamp": 1741015952065, "change_id": 90641039759, "instrument_name": "BTC-7MAR25", "bids": [[90687.5, 12100.0], [90685.0, 9300.0], [90682.5, 14000.0], [90675.0, 26600.0], [90672.5, 5000.0], [90670.0, 17000.0], [90667.5, 2250.0], [90665.0, 7510.0], [90662.5, 5000.0], [90660.0, 7000.0], [90650.0, 7000.0], [90640.0, 7000.0], [90632.5, 40.0], [90630.0, 7000.0], [90615.0, 7000.0], [90597.5, 16790.0], [90590.0, 7000.0], [90570.0, 7000.0], [90560.0, 7040.0], [90550.0, 7000.0]], "asks": [[90695.0, 20000.0], [90705.0, 7390.0], [90715.0, 7120.0], [90717.5, 50000.0], [90725.0, 7000.0], [90732.5, 10000.0], [90735.0, 7000.0], [90745.0, 7000.0], [90757.5, 9000.0], [90767.5, 7000.0], [90777.5, 7040.0], [90797.5, 17540.0], [90800.0, 7000.0], [90810.0, 7000.0], [90840.0, 7000.0], [90850.0, 7040.0], [90870.0, 7000.0], [90892.5, 106170.0], [90912.5, 7000.0], [90917.5, 500.0]]}}}
{"jsonrpc": "2.0", "method": "subscription", "params": {"channel": "book.BTC-14MAR25.none.20.100ms", "data": {"timestamp": 1741015952010, "change_id": 90641039466, "instrument_name": "BTC-14MAR25", "bids": [[90772.5, 3000.0], [90770.0, 32230.0], [90767.5, 120.0], [90762.5, 3000.0], [90752.5, 13000.0], [90737.5, 4850.0], [90727.5, 4850.0], [90717.5, 30690.0], [90707.5, 4850.0], [90705.0, 20.0], [90670.0, 4850.0], [90660.0, 4850.0], [90640.0, 4850.0], [90632.5, 20.0], [90630.0, 4850.0], [90620.0, 4850.0], [90600.0, 4850.0], [90590.0, 4850.0], [90582.5, 21970.0], [90580.0, 4850.0]], "asks": [[90807.5, 10380.0], [90810.0, 10000.0], [90825.0, 120.0], [90827.5, 4850.0], [90830.0, 20000.0], [90835.0, 50000.0], [90837.5, 4850.0], [90847.5, 4850.0], [90850.0, 20.0], [90870.0, 4850.0], [90900.0, 2000.0], [90902.5, 31150.0], [90912.5, 4850.0], [90922.5, 20.0], [90935.0, 4850.0], [90945.0, 4850.0], [90972.5, 105000.0], [90985.0, 4850.0], [90995.0, 20.0], [91000.0, 450.0]]}}}
{"jsonrpc": "2.0", "method": "subscription", "params": {"channel": "book.BTC-14MAR25.none.20.100ms", "data": {"timestamp": 1741015952346, "change_id": 90641040864, "instrument_name": "BTC-14MAR25", "bids": [[90772.5, 11910.0], [90770.0, 32230.0], [90767.5, 120.0], [90757.5, 900.0], [90755.0, 3000.0], [90752.5, 10000.0], [90737.5, 4850.0], [90727.5, 4850.0], [90717.5, 30690.0], [90707.5, 4850.0], [90705.0, 20.0], [90670.0, 4850.0], [90660.0, 4850.0], [90640.0, 4850.0], [90632.5, 20.0], [90630.0, 4850.0], [90620.0, 4850.0], [90600.0, 4850.0], [90590.0, 4850.0], [90582.5, 21970.0]], "asks": [[90805.0, 3000.0], [90807.5, 10380.0], [90810.0, 10000.0], [90825.0, 120.0], [90827.5, 4850.0], [90830.0, 20000.0], [90835.0, 50000.0], [90837.5, 4850.0], [90847.5, 4850.0], [90850.0, 20.0], [90870.0, 4850.0], [90900.0, 2000.0], [90902.5, 31150.0], [90912.5, 4850.0], [90922.5, 20.0], [90935.0, 4850.0], [90945.0, 4850.0], [90972.5, 105000.0], [90985.0, 4850.0], [90995.0, 20.0]]}}}
{"jsonrpc": "2.0", "method": "subscription", "params": {"channel": "book.BTC-7MAR25.none.20.100ms", "data": {"timestamp": 1741015952270, "change_id": 90641040731, "instrument_name": "BTC-7MAR25", "bids": [[90692.5, 7000.0], [90687.5, 7000.0], [90682.5, 7000.0], [90675.0, 20000.0], [90670.0, 17000.0], [90665.0, 7510.0], [90650.0, 7000.0], [90640.0, 7000.0], [90632.5, 40.0], [90630.0, 7000.0], [90615.0, 7000.0], [90597.5, 16790.0], [90590.0, 7000.0], [90570.0, 7000.0], [90560.0, 7040.0], [90550.0, 7000.0], [90540.0, 7000.0], [90532.5, 20.0], [90530.0, 7000.0], [90510.0, 7000.0]], "asks": [[90702.5, 12100.0], [90705.0, 14390.0], [90712.5, 20000.0], [90715.0, 7120.0], [90725.0, 7000.0], [90732.5, 60000.0], [90745.0, 7000.0], [90757.5, 9000.0], [90767.5, 7000.0], [90777.5, 7040.0], [90797.5, 17540.0], [90800.0, 7000.0], [90810.0, 7000.0], [90840.0, 7000.0], [90850.0, 7040.0], [90870.0, 7000.0], [90892.5, 106170.0], [90912.5, 7000.0], [90917.5, 500.0], [90922.5, 112040.0]]}}}
{"jsonrpc": "2.0", "method": "subscription", "params": {"channel": "book.BTC-14MAR25.none.20.100ms", "data": {"timestamp": 1741015952726, "change_id": 90641041825, "instrument_name": "BTC-14MAR25", "bids": [[90780.0, 27850.0], [90777.5, 7850.0], [90775.0, 3000.0], [90772.5, 3000.0], [90770.0, 7380.0], [90767.5, 120.0], [90765.0, 4850.0], [90755.0, 7850.0], [90752.5, 10000.0], [90737.5, 4850.0], [90727.5, 4850.0], [90717.5, 30690.0], [90707.5, 4850.0], [90705.0, 20.0], [90670.0, 4850.0], [90660.0, 4850.0], [90640.0, 4850.0], [90632.5, 20.0], [90630.0, 4850.0], [90620.0, 4850.0]], "asks": [[90810.0, 10000.0], [90825.0, 120.0], [90830.0, 20000.0], [90837.5, 4850.0], [90847.5, 4850.0], [90850.0, 20.0], [90867.5, 50000.0], [90870.0, 4850.0], [90900.0, 2000.0], [90902.5, 31150.0], [90912.5, 4850.0], [90922.5, 20.0], [90935.0, 4850.0], [90945.0, 4850.0], [90972.5, 105000.0], [90985.0, 4850.0], [90995.0, 20.0], [91000.0, 450.0], [91005.0, 4850.0], [91020.0, 19560.0]]}}}
{"jsonrpc": "2.0", "method": "subscription", "params": {"channel": "book.BTC-7MAR25.none.20.100ms", "data": {"timestamp": 1741015952732, "change_id": 90641041856, "instrument_name": "BTC-7MAR25", "bids": [[90697.5, 7000.0], [90692.5, 7000.0], [90690.0, 9300.0], [90687.5, 14000.0], [90682.5, 3000.0], [90680.0, 10000.0], [90670.0, 7000.0], [90665.0, 7510.0], [90650.0, 7000.0], [90640.0, 7000.0], [90632.5, 40.0], [90630.0, 7000.0], [90615.0, 7000.0], [90597.5, 16790.0], [90590.0, 7000.0], [90570.0, 7000.0], [90560.0, 7040.0], [90550.0, 7000.0], [90540.0, 7000.0], [90532.5, 20.0]], "asks": [[90715.0, 120.0], [90725.0, 7000.0], [90730.0, 20000.0], [90732.5, 10000.0], [90735.0, 7000.0], [90742.5, 50000.0], [90745.0, 7000.0], [90757.5, 9000.0], [90767.5, 7000.0], [90777.5, 7040.0], [90797.5, 17540.0], [90800.0, 7000.0], [90810.0, 7000.0], [90840.0, 7000.0], [90850.0, 7040.0], [90870.0, 7000.0], [90882.5, 25550.0], [90890.0, 7000.0], [90892.5, 106170.0], [90912.5, 7000.0]]}}}
{"jsonrpc": "2.0", "method": "subscription", "params": {"channel": "book.BTC-7MAR25.none.20.100ms", "data": {"timestamp": 1741015953058, "change_id": 90641043149, "instrument_name": "BTC-7MAR25", "bids": [[90682.5, 7000.0], [90670.0, 7000.0], [90662.5, 120.0], [90650.0, 7000.0], [90647.5, 10000.0], [90640.0, 7000.0], [90632.5, 40.0], [90630.0, 7000.0], [90615.0, 7000.0], [90590.0, 7000.0], [90570.0, 7000.0], [90560.0, 7040.0], [90550.0, 7000.0], [90540.0, 7000.0], [90532.5, 20.0], [90530.0, 7000.0], [90510.0, 7000.0], [90497.5, 118620.0], [90487.5, 40.0], [90480.0, 7000.0]], "asks": [[90702.5, 12100.0], [90705.0, 5100.0], [90707.5, 32100.0], [90710.0, 7390.0], [90715.0, 7120.0], [90720.0, 10000.0], [90725.0, 7000.0], [90735.0, 7000.0], [90742.5, 50000.0], [90745.0, 7000.0], [90757.5, 9000.0], [90767.5, 7000.0], [90777.5, 7040.0], [90797.5, 17540.0], [90800.0, 7000.0], [90810.0, 7000.0], [90840.0, 7000.0], [90850.0, 7040.0], [90870.0, 7000.0], [90882.5, 25550.0]]}}}
{"jsonrpc": "2.0", "method": "subscription", "params": {"channel": "book.BTC-14MAR25.none.20.100ms", "data": {"timestamp": 1741015953058, "change_id": 90641043178, "instrument_name": "BTC-14MAR25", "bids": [[90765.0, 120.0], [90755.0, 3000.0], [90737.5, 4850.0], [90727.5, 4850.0], [90725.0, 25300.0], [90717.5, 4850.0], [90707.5, 4850.0], [90705.0, 20.0], [90670.0, 4850.0], [90660.0, 4850.0], [90640.0, 4850.0], [90632.5, 20.0], [90630.0, 4850.0], [90620.0, 4850.0], [90600.0, 4850.0], [90590.0, 4850.0], [90582.5, 21970.0], [90580.0, 4850.0], [90570.0, 109850.0], [90560.0, 20.0]], "asks": [[90807.5, 4850.0], [90810.0, 14850.0], [90825.0, 120.0], [90830.0, 20000.0], [90847.5, 4850.0], [90850.0, 20.0], [90870.0, 4850.0], [90900.0, 52000.0], [90902.5, 31150.0], [90912.5, 4850.0], [90922.5, 20.0], [90935.0, 4850.0], [90945.0, 4850.0], [90972.5, 105000.0], [90985.0, 4850.0], [90995.0, 20.0], [91000.0, 450.0], [91005.0, 4850.0], [91020.0, 19560.0], [91040.0, 4850.0]]}}}
{"jsonrpc": "2.0", "method": "subscription", "params": {"channel": "book.BTC-7MAR25.none.20.100ms", "data": {"timestamp": 1741015953392, "change_id": 90641044816, "instrument_name": "BTC-7MAR25", "bids": [[90672.5, 14000.0], [90667.5, 5100.0], [90665.0, 5100.0], [90662.5, 7000.0], [90655.0, 20000.0], [90650.0, 17000.0], [90640.0, 7000.0], [90635.0, 120.0], [90632.5, 40.0], [90630.0, 7000.0], [90615.0, 7000.0], [90590.0, 7000.0], [90582.5, 17660.0], [90570.0, 7000.0], [90560.0, 7040.0], [90550.0, 7000.0], [90540.0, 7000.0], [90532.5, 20.0], [90530.0, 7000.0], [90510.0, 7000.0]], "asks": [[90690.0, 5100.0], [90695.0, 7390.0], [90700.0, 20000.0], [90702.5, 5220.0], [90705.0, 50000.0], [90710.0, 10000.0], [90715.0, 7000.0], [90725.0, 7000.0], [90735.0, 7000.0], [90745.0, 7000.0], [90757.5, 9000.0], [90762.5, 16760.0], [90767.5, 7000.0], [90777.5, 7040.0], [90800.0, 7000.0], [90810.0, 7000.0], [90840.0, 7000.0], [90850.0, 7040.0], [90870.0, 7000.0], [90882.5, 25550.0]]}}}
{"jsonrpc": "2.0", "method": "subscription", "params": {"channel": "book.BTC-14MAR25.none.20.100ms", "data": {"timestamp": 1741015953342, "change_id": 90641044665, "instrument_name": "BTC-14MAR25", "bids": [[90757.5, 7850.0], [90750.0, 20120.0], [90727.5, 4850.0], [90720.0, 1460.0], [90717.5, 4850.0], [90707.5, 4850.0], [90705.0, 20.0], [90685.0, 26040.0], [90670.0, 4850.0], [90660.0, 4850.0], [90640.0, 4850.0], [90632.5, 20.0], [90630.0, 4850.0], [90620.0, 4850.0], [90600.0, 4850.0], [90590.0, 4850.0], [90582.5, 21970.0], [90580.0, 4850.0], [90570.0, 109850.0], [90560.0, 20.0]], "asks": [[90795.0, 9110.0], [90797.5, 33000.0], [90800.0, 7380.0], [90807.5, 57850.0], [90810.0, 4850.0], [90812.5, 120.0], [90847.5, 4850.0], [90850.0, 20.0], [90870.0, 4850.0], [90900.0, 2000.0], [90902.5, 31150.0], [90912.5, 4850.0], [90922.5, 20.0], [90935.0, 4850.0], [90945.0, 4850.0], [90972.5, 105000.0], [90985.0, 4850.0], [90995.0, 20.0], [91000.0, 450.0], [91005.0, 4850.0]]}}}
{"jsonrpc": "2.0", "method": "subscription", "params": {"channel": "book.BTC-7MAR25.none.20.100ms", "data": {"timestamp": 1741015953725, "change_id": 90641045613, "instrument_name": "BTC-7MAR25", "bids": [[90677.5, 7000.0], [90675.0, 9910.0], [90672.5, 14000.0], [90667.5, 5100.0], [90665.0, 25100.0], [90662.5, 7000.0], [90660.0, 10000.0], [90650.0, 7000.0], [90647.5, 120.0], [90640.0, 7000.0], [90632.5, 40.0], [90630.0, 7000.0], [90615.0, 7000.0], [90590.0, 7000.0], [90582.5, 17660.0], [90570.0, 7000.0], [90560.0, 7040.0], [90550.0, 7000.0], [90540.0, 7000.0], [90532.5, 20.0]], "asks": [[90700.0, 12100.0], [90702.5, 20120.0], [90705.0, 7000.0], [90710.0, 10000.0], [90715.0, 7000.0], [90722.5, 50000.0], [90725.0, 7000.0], [90735.0, 7000.0], [90745.0, 7000.0], [90757.5, 9000.0], [90762.5, 16760.0], [90767.5, 7000.0], [90777.5, 7040.0], [90800.0, 7000.0], [90810.0, 7000.0], [90840.0, 7000.0], [90850.0, 7040.0], [90870.0, 7000.0], [90882.5, 25550.0], [90890.0, 7000.0]]}}}
{"jsonrpc": "2.0", "method": "subscription", "params": {"channel": "book.BTC-14MAR25.none.20.100ms", "data": {"timestamp": 1741015953602, "change_id": 90641045587, "instrument_name": "BTC-14MAR25", "bids": [[90762.5, 7850.0], [90760.0, 7850.0], [90752.5, 20000.0], [90750.0, 120.0], [90742.5, 10000.0], [90740.0, 4850.0], [90727.5, 4850.0], [90717.5, 4850.0], [90707.5, 4850.0], [90705.0, 20.0], [90685.0, 26040.0], [90670.0, 4850.0], [90660.0, 4850.0], [90640.0, 4850.0], [90632.5, 20.0], [90630.0, 4850.0], [90620.0, 4850.0], [90600.0, 4850.0], [90590.0, 4850.0], [90582.5, 21970.0]], "asks": [[90797.5, 30000.0], [90800.0, 7380.0], [90807.5, 57850.0], [90810.0, 4850.0], [90812.5, 120.0], [90847.5, 4850.0], [90850.0, 20.0], [90870.0, 6850.0], [90902.5, 31150.0], [90912.5, 4850.0], [90922.5, 20.0], [90935.0, 4850.0], [90945.0, 4850.0], [90972.5, 105000.0], [90985.0, 4850.0], [90995.0, 20.0], [91000.0, 450.0], [91005.0, 4850.0], [91020.0, 19560.0], [91040.0, 4850.0]]}}}
{"jsonrpc": "2.0", "method": "subscription", "params": {"channel": "book.BTC-7MAR25.none.20.100ms", "data": {"timestamp": 1741015954022, "change_id": 90641046197, "instrument_name": "BTC-7MAR25", "bids": [[90677.5, 7000.0], [90672.5, 7000.0], [90667.5, 12630.0], [90665.0, 32420.0], [90662.5, 7000.0], [90660.0, 17390.0], [90650.0, 7000.0], [90647.5, 120.0], [90640.0, 7000.0], [90632.5, 40.0], [90630.0, 7000.0], [90615.0, 7000.0], [90590.0, 7000.0], [90582.5, 17660.0], [90570.0, 7000.0], [90560.0, 7040.0], [90550.0, 7000.0], [90540.0, 7000.0], [90532.5, 20.0], [90530.0, 7000.0]], "asks": [[90697.5, 12100.0], [90700.0, 12100.0], [90702.5, 27390.0], [90715.0, 7120.0], [90722.5, 50000.0], [90725.0, 17000.0], [90735.0, 7000.0], [90745.0, 7000.0], [90757.5, 9000.0], [90762.5, 16760.0], [90767.5, 7000.0], [90777.5, 7040.0], [90800.0, 7000.0], [90810.0, 7000.0], [90840.0, 7000.0], [90850.0, 7040.0], [90870.0, 7000.0], [90882.5, 25550.0], [90890.0, 7000.0], [90892.5, 106170.0]]}}}
{"jsonrpc": "2.0", "method": "subscription", "params": {"channel": "book.BTC-14MAR25.none.20.100ms", "data": {"timestamp": 1741015954022, "change_id": 90641045895, "instrument_name": "BTC-14MAR25", "bids": [[90762.5, 15230.0], [90760.0, 7850.0], [90752.5, 20000.0], [90750.0, 120.0], [90742.5, 10000.0], [90740.0, 4850.0], [90727.5, 4850.0], [90717.5, 4850.0], [90707.5, 4850.0], [90705.0, 20.0], [90685.0, 26040.0], [90670.0, 4850.0], [90660.0, 4850.0], [90640.0, 4850.0], [90632.5, 20.0], [90630.0, 4850.0], [90620.0, 4850.0], [90600.0, 4850.0], [90590.0, 4850.0], [90582.5, 21970.0]], "asks": [[90797.5, 30000.0], [90800.0, 7380.0], [90807.5, 57850.0], [90810.0, 4850.0], [90825.0, 120.0], [90847.5, 4850.0], [90850.0, 20.0], [90870.0, 6850.0], [90902.5, 31150.0], [90912.5, 4850.0], [90922.5, 20.0], [90935.0, 4850.0], [90945.0, 4850.0], [90972.5, 105000.0], [90985.0, 4850.0], [90995.0, 20.0], [91000.0, 450.0], [91005.0, 4850.0], [91020.0, 19560.0], [91040.0, 4850.0]]}}}
{"jsonrpc": "2.0", "method": "subscription", "params": {"channel": "book.BTC-7MAR25.none.20.100ms", "data": {"timestamp": 1741015954380, "change_id": 90641048148, "instrument_name": "BTC-7MAR25", "bids": [[90677.5, 7000.0], [90650.0, 7000.0], [90647.5, 120.0], [90642.5, 10000.0], [90640.0, 7000.0], [90632.5, 40.0], [90630.0, 7000.0], [90615.0, 7000.0], [90590.0, 7000.0], [90570.0, 7000.0], [90560.0, 7040.0], [90550.0, 7000.0], [90540.0, 7000.0], [90532.5, 20.0], [90530.0, 7000.0], [90510.0, 7000.0], [90487.5, 40.0], [90480.0, 7000.0], [90470.0, 7000.0], [90465.0, 44970.0]], "asks": [[90690.0, 7000.0], [90692.5, 39220.0], [90695.0, 5100.0], [90697.5, 12100.0], [90707.5, 10000.0], [90715.0, 7000.0], [90722.5, 50000.0], [90725.0, 7000.0], [90735.0, 7000.0], [90745.0, 7000.0], [90757.5, 9000.0], [90762.5, 16760.0], [90767.5, 7000.0], [90777.5, 7040.0], [90800.0, 7000.0], [90810.0, 7000.0], [90840.0, 7000.0], [90850.0, 7040.0], [90870.0, 7000.0], [90890.0, 7000.0]]}}}
{"jsonrpc": "2.0", "method": "subscription", "params": {"channel": "book.BTC-14MAR25.none.20.100ms", "data": {"timestamp": 1741015954332, "change_id": 90641047849, "instrument_name": "BTC-14MAR25", "bids": [[90750.0, 3120.0], [90727.5, 4850.0], [90717.5, 4850.0], [90707.5, 4850.0], [90705.0, 20.0], [90670.0, 4850.0], [90660.0, 4850.0], [90640.0, 4850.0], [90632.5, 20.0], [90630.0, 4850.0], [90620.0, 4850.0], [90600.0, 4850.0], [90590.0, 4850.0], [90582.5, 7310.0], [90580.0, 4850.0], [90570.0, 109850.0], [90560.0, 20.0], [90550.0, 4850.0], [90530.0, 4850.0], [90527.5, 450.0]], "asks": [[90782.5, 3000.0], [90785.0, 13000.0], [90795.0, 7850.0], [90797.5, 24850.0], [90800.0, 7380.0], [90805.0, 120.0], [90807.5, 50000.0], [90847.5, 4850.0], [90850.0, 20.0], [90870.0, 6850.0], [90902.5, 31150.0], [90912.5, 4850.0], [90922.5, 20.0], [90935.0, 4850.0], [90945.0, 4850.0], [90972.5, 105000.0], [90985.0, 4850.0], [90995.0, 20.0], [91000.0, 450.0], [91005.0, 4850.0]]}}}
{"jsonrpc": "2.0", "method": "subscription", "params": {"channel": "book.BTC-7MAR25.none.20.100ms", "data": {"timestamp": 1741015954713, "change_id": 90641049079, "instrument_name": "BTC-7MAR25", "bids": [[90670.0, 12100.0], [90662.5, 12100.0], [90660.0, 14000.0], [90655.0, 5100.0], [90652.5, 15010.0], [90650.0, 7000.0], [90642.5, 10000.0], [90640.0, 14390.0], [90632.5, 40.0], [90627.5, 120.0], [90615.0, 7000.0], [90590.0, 7000.0], [90582.5, 17180.0], [90570.0, 7000.0], [90560.0, 7040.0], [90550.0, 7000.0], [90540.0, 7000.0], [90532.5, 20.0], [90530.0, 7000.0], [90510.0, 7000.0]], "asks": [[90682.5, 120.0], [90685.0, 7390.0], [90690.0, 7000.0], [90692.5, 20000.0], [90697.5, 10000.0], [90715.0, 7000.0], [90722.5, 50000.0], [90725.0, 2000.0], [90735.0, 7000.0], [90745.0, 7000.0], [90757.5, 7000.0], [90762.5, 16760.0], [90767.5, 7000.0], [90777.5, 7040.0], [90800.0, 7000.0], [90810.0, 7000.0], [90840.0, 7000.0], [90850.0, 7040.0], [90870.0, 7000.0], [90890.0, 7000.0]]}}}
{"jsonrpc": "2.0", "method": "subscription", "params": {"channel": "book.BTC-14MAR25.none.20.100ms", "data": {"timestamp": 1741015954696, "change_id": 90641049058, "instrument_name": "BTC-14MAR25", "bids": [[90752.5, 7850.0], [90750.0, 7850.0], [90742.5, 20000.0], [90740.0, 4850.0], [90735.0, 7380.0], [90730.0, 120.0], [90727.5, 4850.0], [90722.5, 10000.0], [90717.5, 4850.0], [90707.5, 4850.0], [90705.0, 20.0], [90687.5, 26610.0], [90670.0, 4850.0], [90660.0, 4850.0], [90640.0, 4850.0], [90632.5, 20.0], [90630.0, 4850.0], [90620.0, 4850.0], [90600.0, 4850.0], [90590.0, 4850.0]], "asks": [[90782.5, 7380.0], [90785.0, 10000.0], [90792.5, 20120.0], [90822.5, 4850.0], [90842.5, 50000.0], [90847.5, 4850.0], [90850.0, 20.0], [90855.0, 25400.0], [90870.0, 6850.0], [90902.5, 4850.0], [90912.5, 4850.0], [90922.5, 20.0], [90935.0, 4850.0], [90945.0, 4850.0], [90972.5, 105000.0], [90985.0, 4850.0], [90995.0, 20.0], [91000.0, 450.0], [91005.0, 4850.0], [91020.0, 19560.0]]}}}
{"jsonrpc": "2.0", "method": "subscription", "params": {"channel": "book.BTC-14MAR25.none.20.100ms", "data": {"timestamp": 1741015955049, "change_id": 90641050078, "instrument_name": "BTC-14MAR25", "bids": [[90767.5, 4850.0], [90765.0, 8360.0], [90762.5, 32230.0], [90760.0, 6290.0], [90757.5, 7850.0], [90755.0, 3120.0], [90740.0, 4850.0], [90735.0, 3000.0], [90732.5, 10000.0], [90727.5, 4850.0], [90717.5, 4850.0], [90707.5, 4850.0], [90705.0, 20.0], [90687.5, 26610.0], [90670.0, 4850.0], [90660.0, 4850.0], [90640.0, 4850.0], [90632.5, 20.0], [90630.0, 4850.0], [90620.0, 4850.0]], "asks": [[90802.5, 3000.0], [90805.0, 10000.0], [90820.0, 20000.0], [90822.5, 120.0], [90847.5, 4850.0], [90850.0, 20.0], [90870.0, 6850.0], [90900.0, 50000.0], [90902.5, 4850.0], [90907.5, 26440.0], [90912.5, 4850.0], [90922.5, 20.0], [90935.0, 4850.0], [90945.0, 4850.0], [90972.5, 105000.0], [90985.0, 4850.0], [90995.0, 20.0], [91000.0, 450.0], [91005.0, 4850.0], [91020.0, 19560.0]]}}}
{"jsonrpc": "2.0", "method": "subscription", "params": {"channel": "book.BTC-7MAR25.none.20.100ms", "data": {"timestamp": 1741015955049, "change_id": 90641050071, "instrument_name": "BTC-7MAR25", "bids": [[90682.5, 7000.0], [90675.0, 9910.0], [90672.5, 14000.0], [90670.0, 5100.0], [90667.5, 10000.0], [90662.5, 12100.0], [90660.0, 14000.0], [90655.0, 5100.0], [90652.5, 12610.0], [90650.0, 7000.0], [90640.0, 7000.0], [90632.5, 40.0], [90615.0, 7000.0], [90590.0, 7000.0], [90582.5, 17180.0], [90570.0, 7000.0], [90560.0, 7040.0], [90550.0, 7000.0], [90540.0, 7000.0], [90532.5, 20.0]], "asks": [[90690.0, 7000.0], [90702.5, 20000.0], [90712.5, 120.0], [90715.0, 7000.0], [90725.0, 2000.0], [90727.5, 10000.0], [90732.5, 50000.0], [90735.0, 7000.0], [90745.0, 7000.0], [90757.5, 7000.0], [90767.5, 7000.0], [90777.5, 7040.0], [90800.0, 7000.0], [90805.0, 17420.0], [90810.0, 7000.0], [90840.0, 7000.0], [90850.0, 7040.0], [90870.0, 7000.0], [90890.0, 7000.0], [90892.5, 106170.0]]}}}
{"jsonrpc": "2.0", "method": "subscription", "params": {"channel": "book.BTC-7MAR25.none.20.100ms", "data": {"timestamp": 1741015955375, "change_id": 90641051451, "instrument_name": "BTC-7MAR25", "bids": [[90682.5, 14000.0], [90677.5, 10000.0], [90675.0, 20000.0], [90672.5, 14000.0], [90670.0, 5100.0], [90665.0, 7510.0], [90662.5, 5100.0], [90660.0, 7000.0], [90655.0, 5100.0], [90652.5, 5100.0], [90650.0, 7000.0], [90640.0, 7000.0], [90632.5, 40.0], [90625.0, 16920.0], [90615.0, 7000.0], [90590.0, 7000.0], [90570.0, 7000.0], [90560.0, 7040.0], [90550.0, 7000.0], [90540.0, 7000.0]], "asks": [[90705.0, 7390.0], [90712.5, 120.0], [90722.5, 7000.0], [90725.0, 2000.0], [90730.0, 20000.0], [90735.0, 7000.0], [90742.5, 60000.0], [90745.0, 7000.0], [90757.5, 7000.0], [90767.5, 7000.0], [90777.5, 7040.0], [90800.0, 7000.0], [90805.0, 17420.0], [90810.0, 7000.0], [90840.0, 7000.0], [90850.0, 7040.0], [90870.0, 7000.0], [90890.0, 7000.0], [90892.5, 106170.0], [90912.5, 7000.0]]}}}
{"jsonrpc": "2.0", "method": "subscription", "params": {"channel": "book.BTC-14MAR25.none.20.100ms", "data": {"timestamp": 1741015955262, "change_id": 90641051445, "instrument_name": "BTC-14MAR25", "bids": [[90772.5, 24850.0], [90765.0, 120.0], [90762.5, 12230.0], [90760.0, 13000.0], [90757.5, 3000.0], [90755.0, 3000.0], [90752.5, 4850.0], [90740.0, 4850.0], [90727.5, 4850.0], [90717.5, 4850.0], [90707.5, 4850.0], [90705.0, 20.0], [90687.5, 26610.0], [90670.0, 4850.0], [90660.0, 4850.0], [90640.0, 4850.0], [90632.5, 20.0], [90630.0, 4850.0], [90620.0, 4850.0], [90600.0, 4850.0]], "asks": [[90810.0, 7380.0], [90822.5, 3120.0], [90825.0, 10000.0], [90830.0, 20000.0], [90847.5, 4850.0], [90850.0, 20.0], [90867.5, 50000.0], [90870.0, 6850.0], [90902.5, 4850.0], [90907.5, 26440.0], [90912.5, 4850.0], [90922.5, 20.0], [90935.0, 4850.0], [90945.0, 4850.0], [90972.5, 105000.0], [90985.0, 4850.0], [90995.0, 20.0], [91000.0, 450.0], [91005.0, 4850.0], [91020.0, 19560.0]]}}}
{"jsonrpc": "2.0", "method": "subscription", "params": {"channel": "book.BTC-14MAR25.none.20.100ms", "data": {"timestamp": 1741015955634, "change_id": 90641052067, "instrument_name": "BTC-14MAR25", "bids": [[90772.5, 32230.0], [90765.0, 120.0], [90760.0, 13000.0], [90757.5, 3000.0], [90755.0, 3000.0], [90752.5, 4850.0], [90747.5, 59960.0], [90740.0, 4850.0], [90737.5, 26040.0], [90727.5, 4850.0], [90717.5, 4850.0], [90707.5, 4850.0], [90705.0, 20.0], [90670.0, 4850.0], [90660.0, 4850.0], [90640.0, 4850.0], [90632.5, 20.0], [90630.0, 4850.0], [90620.0, 4850.0], [90600.0, 4850.0]], "asks": [[90810.0, 7380.0], [90822.5, 3120.0], [90825.0, 10000.0], [90830.0, 20000.0], [90847.5, 4850.0], [90850.0, 20.0], [90867.5, 50000.0], [90870.0, 6850.0], [90902.5, 4850.0], [90907.5, 26440.0], [90912.5, 4850.0], [90922.5, 20.0], [90945.0, 4850.0], [90972.5, 105000.0], [90985.0, 4850.0], [90995.0, 20.0], [91000.0, 450.0], [91005.0, 4850.0], [91020.0, 19560.0], [91040.0, 4850.0]]}}}
{"jsonrpc": "2.0", "method": "subscription", "params": {"channel": "book.BTC-7MAR25.none.20.100ms", "data": {"timestamp": 1741015955701, "change_id": 90641052173, "instrument_name": "BTC-7MAR25", "bids": [[90692.5, 14000.0], [90685.0, 20000.0], [90682.5, 7000.0], [90677.5, 10000.0], [90672.5, 7000.0], [90665.0, 7510.0], [90662.5, 5100.0], [90660.0, 7000.0], [90650.0, 7000.0], [90640.0, 7000.0], [90632.5, 40.0], [90625.0, 16920.0], [90615.0, 7000.0], [90590.0, 7000.0], [90570.0, 7000.0], [90560.0, 7040.0], [90550.0, 7000.0], [90540.0, 7000.0], [90532.5, 20.0], [90530.0, 7000.0]], "asks": [[90710.0, 7390.0], [90712.5, 120.0], [90722.5, 27000.0], [90725.0, 2000.0], [90735.0, 7000.0], [90742.5, 60000.0], [90745.0, 7000.0], [90757.5, 7000.0], [90767.5, 7000.0], [90777.5, 7040.0], [90800.0, 7000.0], [90805.0, 17420.0], [90810.0, 7000.0], [90840.0, 7000.0], [90850.0, 7040.0], [90870.0, 7000.0], [90890.0, 7000.0], [90892.5, 106170.0], [90912.5, 7000.0], [90917.5, 500.0]]}}}
{"jsonrpc": "2.0", "method": "subscription", "params": {"channel": "book.BTC-7MAR25.none.20.100ms", "data": {"timestamp": 1741015956032, "change_id": 90641053345, "instrument_name": "BTC-7MAR25", "bids": [[90697.5, 7000.0], [90695.0, 4200.0], [90692.5, 14000.0], [90687.5, 6000.0], [90685.0, 22100.0], [90682.5, 7000.0], [90680.0, 3000.0], [90677.5, 10000.0], [90675.0, 2100.0], [90672.5, 7000.0], [90667.5, 2250.0], [90665.0, 11140.0], [90662.5, 5100.0], [90660.0, 7000.0], [90650.0, 7000.0], [90640.0, 7000.0], [90632.5, 40.0], [90625.0, 16920.0], [90615.0, 7000.0], [90590.0, 7000.0]], "asks": [[90732.5, 20120.0], [90735.0, 7000.0], [90742.5, 10000.0], [90745.0, 7000.0], [90755.0, 50000.0], [90757.5, 7000.0], [90760.0, 2000.0], [90767.5, 7000.0], [90777.5, 7040.0], [90800.0, 7000.0], [90805.0, 17420.0], [90810.0, 7000.0], [90840.0, 7000.0], [90850.0, 7040.0], [90870.0, 7000.0], [90890.0, 7000.0], [90912.5, 7000.0], [90917.5, 500.0], [90922.5, 112040.0], [90925.0, 1130.0]]}}}
{"jsonrpc": "2.0", "method": "subscription", "params": {"channel": "book.BTC-14MAR25.none.20.100ms", "data": {"timestamp": 1741015956036, "change_id": 90641052923, "instrument_name": "BTC-14MAR25", "bids": [[90782.5, 7850.0], [90780.0, 3000.0], [90777.5, 7850.0], [90775.0, 3120.0], [90772.5, 27380.0], [90767.5, 4850.0], [90762.5, 3900.0], [90760.0, 10000.0], [90755.0, 3000.0], [90752.5, 4850.0], [90747.5, 59960.0], [90740.0, 4850.0], [90737.5, 26040.0], [90727.5, 4850.0], [90717.5, 4850.0], [90707.5, 4850.0], [90705.0, 20.0], [90670.0, 4850.0], [90660.0, 4850.0], [90640.0, 4850.0]], "asks": [[90820.0, 7380.0], [90825.0, 10000.0], [90830.0, 20000.0], [90842.5, 120.0], [90847.5, 4850.0], [90850.0, 20.0], [90870.0, 6850.0], [90902.5, 4850.0], [90905.0, 50000.0], [90907.5, 26440.0], [90912.5, 4850.0], [90922.5, 20.0], [90945.0, 4850.0], [90972.5, 105000.0], [90985.0, 4850.0], [90995.0, 20.0], [91000.0, 450.0], [91005.0, 4850.0], [91020.0, 19560.0], [91040.0, 4850.0]]}}}
