{"jsonrpc": "2.0", "method": "subscription", "params": {"channel": "book.BTC-14MAR25.none.20.100ms", "data": {"timestamp": 1741689041059, "change_id": 92212727831, "instrument_name": "BTC-14MAR25", "bids": [[81632.5, 10.0], [81627.5, 600.0], [81625.0, 600.0], [81622.5, 13530.0], [81620.0, 29770.0], [81617.5, 20.0], [81615.0, 1380.0], [81612.5, 4590.0], [81607.5, 22540.0], [81605.0, 75360.0], [81600.0, 4380.0], [81597.5, 14590.0], [81590.0, 8620.0], [81587.5, 28740.0], [81580.0, 2550.0], [81577.5, 4670.0], [81575.0, 1920.0], [81565.0, 1380.0], [81562.5, 4600.0], [81555.0, 1420.0]], "asks": [[81637.5, 580.0], [81640.0, 1920.0], [81645.0, 600.0], [81647.5, 1980.0], [81650.0, 4590.0], [81652.5, 600.0], [81655.0, 3000.0], [81657.5, 10000.0], [81670.0, 4550.0], [81675.0, 18290.0], [81677.5, 50000.0], [81680.0, 4550.0], [81685.0, 24640.0], [81687.5, 70.0], [81690.0, 1940.0], [81692.5, 4550.0], [81705.0, 1970.0], [81707.5, 4550.0], [81710.0, 2000.0], [81715.0, 8900.0]]}}}
{"jsonrpc": "2.0", "method": "subscription", "params": {"channel": "book.BTC-14MAR25.none.20.100ms", "data": {"timestamp": 1741689041257, "change_id": 92212728108, "instrument_name": "BTC-14MAR25", "bids": [[81627.5, 1560.0], [81625.0, 5200.0], [81622.5, 13530.0], [81620.0, 29770.0], [81617.5, 20.0], [81615.0, 1380.0], [81612.5, 4590.0], [81607.5, 22540.0], [81605.0, 75360.0], [81600.0, 4380.0], [81597.5, 14590.0], [81590.0, 8620.0], [81587.5, 28740.0], [81580.0, 2550.0], [81577.5, 4670.0], [81575.0, 1920.0], [81565.0, 1380.0], [81562.5, 4600.0], [81555.0, 1420.0], [81552.5, 4720.0]], "asks": [[81637.5, 580.0], [81640.0, 1920.0], [81645.0, 600.0], [81647.5, 1980.0], [81650.0, 4590.0], [81652.5, 600.0], [81655.0, 3600.0], [81657.5, 10000.0], [81670.0, 4550.0], [81675.0, 18290.0], [81677.5, 50000.0], [81680.0, 4550.0], [81685.0, 24640.0], [81687.5, 70.0], [81690.0, 1940.0], [81692.5, 4550.0], [81705.0, 1970.0], [81707.5, 4550.0], [81710.0, 2000.0], [81715.0, 8900.0]]}}}
{"jsonrpc": "2.0", "method": "subscription", "params": {"channel": "book.BTC-21MAR25.none.20.100ms", "data": {"timestamp": 1741689041272, "change_id": 92212728153, "instrument_name": "BTC-21MAR25", "bids": [[81717.5, 1700.0], [81715.0, 1710.0], [81712.5, 1700.0], [81710.0, 5180.0], [81707.5, 1700.0], [81705.0, 6000.0], [81702.5, 9240.0], [81700.0, 30400.0], [81697.5, 73520.0], [81692.5, 1250.0], [81690.0, 14540.0], [81687.5, 34570.0], [81685.0, 5900.0], [81682.5, 15280.0], [81680.0, 4310.0], [81677.5, 550.0], [81675.0, 1840.0], [81672.5, 1270.0], [81670.0, 4240.0], [81642.5, 1250.0]], "asks": [[81727.5, 2210.0], [81730.0, 2360.0], [81732.5, 1840.0], [81735.0, 1710.0], [81737.5, 1700.0], [81740.0, 5240.0], [81742.5, 1700.0], [81745.0, 7030.0], [81747.5, 11700.0], [81750.0, 6080.0], [81757.5, 1270.0], [81760.0, 4240.0], [81767.5, 1270.0], [81770.0, 19220.0], [81772.5, 50000.0], [81780.0, 4250.0], [81782.5, 11390.0], [81785.0, 23790.0], [81787.5, 1280.0], [81790.0, 4250.0]]}}}
{"jsonrpc": "2.0", "method": "subscription", "params": {"channel": "book.BTC-14MAR25.none.20.100ms", "data": {"timestamp": 1741689041723, "change_id": 92212728673, "instrument_name": "BTC-14MAR25", "bids": [[81637.5, 10.0], [81627.5, 1560.0], [81625.0, 5200.0], [81622.5, 8930.0], [81620.0, 29770.0], [81617.5, 20.0], [81615.0, 1380.0], [81612.5, 4590.0], [81607.5, 22540.0], [81605.0, 75360.0], [81600.0, 4380.0], [81597.5, 14590.0], [81590.0, 8620.0], [81587.5, 28740.0], [81580.0, 2550.0], [81577.5, 4670.0], [81575.0, 1920.0], [81565.0, 1380.0], [81562.5, 4600.0], [81555.0, 1420.0]], "asks": [[81640.0, 1920.0], [81645.0, 600.0], [81647.5, 600.0], [81652.5, 600.0], [81655.0, 3600.0], [81657.5, 10000.0], [81670.0, 4550.0], [81675.0, 1920.0], [81680.0, 4550.0], [81682.5, 50000.0], [81685.0, 24640.0], [81687.5, 70.0], [81690.0, 1940.0], [81692.5, 4550.0], [81705.0, 1970.0], [81707.5, 4550.0], [81710.0, 2000.0], [81715.0, 8900.0], [81717.5, 29670.0], [81722.5, 1400.0]]}}}
{"jsonrpc": "2.0", "method": "subscription", "params": {"channel": "book.BTC-21MAR25.none.20.100ms", "data": {"timestamp": 1741689041519, "change_id": 92212728420, "instrument_name": "BTC-21MAR25", "bids": [[81722.5, 2210.0], [81720.0, 3420.0], [81717.5, 5950.0], [81715.0, 1710.0], [81712.5, 1700.0], [81710.0, 5180.0], [81707.5, 1700.0], [81705.0, 6000.0], [81702.5, 9240.0], [81700.0, 30400.0], [81697.5, 73520.0], [81692.5, 1250.0], [81690.0, 14540.0], [81687.5, 34570.0], [81685.0, 5900.0], [81682.5, 15280.0], [81680.0, 4310.0], [81677.5, 550.0], [81675.0, 1840.0], [81672.5, 1270.0]], "asks": [[81732.5, 1840.0], [81735.0, 510.0], [81737.5, 1700.0], [81740.0, 1020.0], [81742.5, 1700.0], [81745.0, 7030.0], [81747.5, 11700.0], [81750.0, 6080.0], [81757.5, 1270.0], [81760.0, 4240.0], [81767.5, 1270.0], [81770.0, 19220.0], [81772.5, 50000.0], [81780.0, 4250.0], [81782.5, 11390.0], [81785.0, 23790.0], [81787.5, 1280.0], [81790.0, 4250.0], [81802.5, 1280.0], [81805.0, 4850.0]]}}}
{"jsonrpc": "2.0", "method": "subscription", "params": {"channel": "book.BTC-14MAR25.none.20.100ms", "data": {"timestamp": 1741689041952, "change_id": 92212729280, "instrument_name": "BTC-14MAR25", "bids": [[81637.5, 10.0], [81627.5, 1560.0], [81625.0, 14130.0], [81622.5, 29770.0], [81620.0, 580.0], [81617.5, 1940.0], [81615.0, 1380.0], [81612.5, 4590.0], [81607.5, 32540.0], [81605.0, 75360.0], [81597.5, 4590.0], [81590.0, 8620.0], [81587.5, 28740.0], [81580.0, 1970.0], [81577.5, 4670.0], [81565.0, 1380.0], [81562.5, 4600.0], [81555.0, 1420.0], [81552.5, 4720.0], [81547.5, 1430.0]], "asks": [[81645.0, 760.0], [81647.5, 2520.0], [81652.5, 600.0], [81655.0, 3600.0], [81657.5, 10000.0], [81667.5, 1370.0], [81670.0, 4550.0], [81675.0, 1920.0], [81680.0, 4550.0], [81682.5, 50000.0], [81685.0, 24640.0], [81687.5, 70.0], [81690.0, 1370.0], [81692.5, 4550.0], [81695.0, 570.0], [81705.0, 1970.0], [81707.5, 4550.0], [81710.0, 2000.0], [81715.0, 8900.0], [81717.5, 29670.0]]}}}
{"jsonrpc": "2.0", "method": "subscription", "params": {"channel": "book.BTC-21MAR25.none.20.100ms", "data": {"timestamp": 1741689042000, "change_id": 92212729281, "instrument_name": "BTC-21MAR25", "bids": [[81725.0, 2720.0], [81722.5, 1700.0], [81720.0, 3420.0], [81717.5, 5950.0], [81715.0, 1710.0], [81712.5, 1700.0], [81710.0, 5670.0], [81707.5, 3540.0], [81705.0, 6000.0], [81702.5, 9240.0], [81700.0, 28560.0], [81697.5, 83520.0], [81692.5, 1250.0], [81690.0, 4160.0], [81687.5, 24570.0], [81685.0, 1310.0], [81680.0, 19590.0], [81677.5, 550.0], [81675.0, 1840.0], [81672.5, 1270.0]], "asks": [[81735.0, 1000.0], [81737.5, 1700.0], [81740.0, 2860.0], [81742.5, 1700.0], [81745.0, 7030.0], [81747.5, 11700.0], [81750.0, 4240.0], [81757.5, 1270.0], [81760.0, 4240.0], [81767.5, 1270.0], [81770.0, 19220.0], [81772.5, 50000.0], [81775.0, 1840.0], [81780.0, 4250.0], [81782.5, 11390.0], [81785.0, 23790.0], [81787.5, 1280.0], [81790.0, 4250.0], [81802.5, 1280.0], [81805.0, 4850.0]]}}}
{"jsonrpc": "2.0", "method": "subscription", "params": {"channel": "book.BTC-14MAR25.none.20.100ms", "data": {"timestamp": 1741689042433, "change_id": 92212730697, "instrument_name": "BTC-14MAR25", "bids": [[81650.0, 10.0], [81645.0, 1980.0], [81642.5, 4600.0], [81640.0, 10140.0], [81637.5, 4600.0], [81635.0, 31120.0], [81632.5, 4510.0], [81625.0, 600.0], [81617.5, 20.0], [81615.0, 1380.0], [81612.5, 4590.0], [81610.0, 3580.0], [81607.5, 10000.0], [81605.0, 1920.0], [81600.0, 1380.0], [81597.5, 4590.0], [81590.0, 8620.0], [81587.5, 28740.0], [81580.0, 1970.0], [81577.5, 4670.0]], "asks": [[81652.5, 1920.0], [81657.5, 10000.0], [81667.5, 1970.0], [81670.0, 4550.0], [81672.5, 580.0], [81675.0, 1920.0], [81677.5, 1370.0], [81680.0, 4550.0], [81687.5, 15000.0], [81690.0, 51370.0], [81692.5, 4550.0], [81697.5, 7500.0], [81700.0, 24770.0], [81705.0, 1370.0], [81707.5, 5120.0], [81715.0, 8900.0], [81717.5, 29670.0], [81722.5, 1400.0], [81725.0, 5760.0], [81727.5, 3610.0]]}}}
{"jsonrpc": "2.0", "method": "subscription", "params": {"channel": "book.BTC-21MAR25.none.20.100ms", "data": {"timestamp": 1741689042433, "change_id": 92212730694, "instrument_name": "BTC-21MAR25", "bids": [[81735.0, 510.0], [81730.0, 2720.0], [81727.5, 1700.0], [81725.0, 3860.0], [81722.5, 1700.0], [81720.0, 6430.0], [81717.5, 1700.0], [81715.0, 1710.0], [81712.5, 1700.0], [81710.0, 5280.0], [81707.5, 3540.0], [81705.0, 4300.0], [81702.5, 7540.0], [81700.0, 30400.0], [81697.5, 83520.0], [81692.5, 1250.0], [81690.0, 11540.0], [81687.5, 24570.0], [81685.0, 5740.0], [81680.0, 19590.0]], "asks": [[81747.5, 11700.0], [81757.5, 2970.0], [81760.0, 4240.0], [81767.5, 1270.0], [81770.0, 4220.0], [81772.5, 550.0], [81775.0, 18120.0], [81777.5, 50000.0], [81780.0, 5530.0], [81782.5, 4250.0], [81787.5, 1280.0], [81790.0, 4250.0], [81797.5, 7500.0], [81800.0, 25000.0], [81802.5, 1280.0], [81805.0, 4850.0], [81807.5, 2000.0], [81812.5, 1280.0], [81815.0, 4270.0], [81822.5, 1260.0]]}}}
{"jsonrpc": "2.0", "method": "subscription", "params": {"channel": "book.BTC-14MAR25.none.20.100ms", "data": {"timestamp": 1741689042725, "change_id": 92212731751, "instrument_name": "BTC-14MAR25", "bids": [[81650.0, 10.0], [81645.0, 600.0], [81642.5, 4600.0], [81635.0, 29770.0], [81632.5, 4510.0], [81630.0, 1920.0], [81625.0, 600.0], [81617.5, 10020.0], [81612.5, 4590.0], [81605.0, 1920.0], [81597.5, 4590.0], [81587.5, 28740.0], [81580.0, 570.0], [81577.5, 4670.0], [81562.5, 4600.0], [81552.5, 4720.0], [81545.0, 4750.0], [81542.5, 4550.0], [81532.5, 4710.0], [81527.5, 14470.0]], "asks": [[81660.0, 1920.0], [81667.5, 600.0], [81670.0, 10000.0], [81675.0, 1920.0], [81680.0, 4550.0], [81692.5, 4550.0], [81697.5, 70.0], [81700.0, 24770.0], [81705.0, 50000.0], [81707.5, 4550.0], [81710.0, 570.0], [81717.5, 29670.0], [81725.0, 4680.0], [81727.5, 3610.0], [81735.0, 6550.0], [81747.5, 4630.0], [81750.0, 2460.0], [81760.0, 4680.0], [81770.0, 4590.0], [81780.0, 4670.0]]}}}
{"jsonrpc": "2.0", "method": "subscription", "params": {"channel": "book.BTC-21MAR25.none.20.100ms", "data": {"timestamp": 1741689042677, "change_id": 92212731663, "instrument_name": "BTC-21MAR25", "bids": [[81737.5, 1700.0], [81735.0, 4250.0], [81730.0, 2210.0], [81727.5, 1700.0], [81725.0, 1140.0], [81722.5, 1700.0], [81720.0, 6570.0], [81717.5, 1700.0], [81712.5, 1700.0], [81710.0, 4220.0], [81705.0, 3790.0], [81702.5, 7540.0], [81700.0, 30400.0], [81697.5, 83520.0], [81692.5, 1250.0], [81690.0, 11540.0], [81687.5, 24570.0], [81685.0, 20.0], [81680.0, 19590.0], [81672.5, 1270.0]], "asks": [[81747.5, 550.0], [81750.0, 1840.0], [81757.5, 4540.0], [81760.0, 10000.0], [81770.0, 4220.0], [81772.5, 550.0], [81775.0, 1840.0], [81777.5, 1280.0], [81780.0, 5530.0], [81782.5, 4250.0], [81787.5, 1280.0], [81790.0, 54250.0], [81797.5, 7500.0], [81800.0, 25000.0], [81802.5, 1100.0], [81805.0, 4850.0], [81807.5, 2000.0], [81815.0, 4270.0], [81825.0, 4210.0], [81835.0, 4250.0]]}}}
{"jsonrpc": "2.0", "method": "subscription", "params": {"channel": "book.BTC-14MAR25.none.20.100ms", "data": {"timestamp": 1741689042981, "change_id": 92212732386, "instrument_name": "BTC-14MAR25", "bids": [[81650.0, 4610.0], [81645.0, 1980.0], [81642.5, 4600.0], [81637.5, 8930.0], [81635.0, 31700.0], [81632.5, 4510.0], [81630.0, 1920.0], [81625.0, 600.0], [81620.0, 3010.0], [81617.5, 10020.0], [81615.0, 1380.0], [81612.5, 4590.0], [81607.5, 580.0], [81605.0, 1920.0], [81600.0, 1380.0], [81597.5, 4590.0], [81590.0, 8620.0], [81587.5, 28740.0], [81580.0, 1970.0], [81577.5, 4670.0]], "asks": [[81657.5, 580.0], [81660.0, 1920.0], [81667.5, 3600.0], [81670.0, 10000.0], [81672.5, 580.0], [81675.0, 1920.0], [81677.5, 4510.0], [81690.0, 1370.0], [81692.5, 4550.0], [81697.5, 7500.0], [81700.0, 24770.0], [81702.5, 15000.0], [81705.0, 51540.0], [81707.5, 4550.0], [81710.0, 570.0], [81715.0, 8900.0], [81717.5, 29670.0], [81722.5, 1400.0], [81725.0, 5760.0], [81727.5, 3610.0]]}}}
{"jsonrpc": "2.0", "method": "subscription", "params": {"channel": "book.BTC-21MAR25.none.20.100ms", "data": {"timestamp": 1741689043039, "change_id": 92212732444, "instrument_name": "BTC-21MAR25", "bids": [[81740.0, 1700.0], [81737.5, 1700.0], [81735.0, 4250.0], [81732.5, 1710.0], [81730.0, 6430.0], [81727.5, 1700.0], [81725.0, 2190.0], [81722.5, 1700.0], [81720.0, 6060.0], [81717.5, 2260.0], [81715.0, 9320.0], [81712.5, 1700.0], [81710.0, 7220.0], [81707.5, 10000.0], [81705.0, 2330.0], [81700.0, 6080.0], [81695.0, 5830.0], [81692.5, 15280.0], [81690.0, 11540.0], [81687.5, 24570.0]], "asks": [[81747.5, 550.0], [81750.0, 1840.0], [81757.5, 4540.0], [81760.0, 10000.0], [81767.5, 1270.0], [81770.0, 4220.0], [81772.5, 550.0], [81775.0, 1840.0], [81777.5, 1280.0], [81780.0, 5530.0], [81782.5, 4250.0], [81787.5, 16120.0], [81790.0, 54250.0], [81797.5, 7500.0], [81800.0, 25000.0], [81802.5, 1100.0], [81805.0, 4850.0], [81807.5, 2000.0], [81812.5, 1280.0], [81815.0, 4270.0]]}}}
{"jsonrpc": "2.0", "method": "subscription", "params": {"channel": "book.BTC-14MAR25.none.20.100ms", "data": {"timestamp": 1741689043270, "change_id": 92212733374, "instrument_name": "BTC-14MAR25", "bids": [[81657.5, 10.0], [81652.5, 1380.0], [81650.0, 4600.0], [81647.5, 1530.0], [81645.0, 5110.0], [81637.5, 8930.0], [81635.0, 31700.0], [81632.5, 4510.0], [81630.0, 1920.0], [81620.0, 3010.0], [81617.5, 10020.0], [81615.0, 1380.0], [81612.5, 4590.0], [81607.5, 580.0], [81605.0, 1920.0], [81600.0, 1380.0], [81597.5, 4590.0], [81590.0, 8620.0], [81587.5, 28740.0], [81580.0, 1970.0]], "asks": [[81660.0, 1920.0], [81665.0, 600.0], [81667.5, 3600.0], [81670.0, 10000.0], [81672.5, 580.0], [81675.0, 1920.0], [81677.5, 1350.0], [81680.0, 4510.0], [81690.0, 1370.0], [81692.5, 4550.0], [81697.5, 21570.0], [81700.0, 74770.0], [81705.0, 1540.0], [81707.5, 4550.0], [81712.5, 570.0], [81715.0, 8900.0], [81717.5, 29670.0], [81722.5, 1400.0], [81725.0, 5760.0], [81727.5, 3610.0]]}}}
{"jsonrpc": "2.0", "method": "subscription", "params": {"channel": "book.BTC-21MAR25.none.20.100ms", "data": {"timestamp": 1741689043353, "change_id": 92212733334, "instrument_name": "BTC-21MAR25", "bids": [[81742.5, 1700.0], [81740.0, 4000.0], [81737.5, 1700.0], [81735.0, 5950.0], [81732.5, 1200.0], [81730.0, 4730.0], [81727.5, 1700.0], [81725.0, 2190.0], [81722.5, 1700.0], [81720.0, 6060.0], [81717.5, 2260.0], [81715.0, 8810.0], [81710.0, 7220.0], [81707.5, 10000.0], [81705.0, 2330.0], [81700.0, 6080.0], [81695.0, 5830.0], [81692.5, 15280.0], [81690.0, 11540.0], [81687.5, 24570.0]], "asks": [[81750.0, 1840.0], [81752.5, 510.0], [81755.0, 1700.0], [81757.5, 4540.0], [81760.0, 10000.0], [81767.5, 1270.0], [81770.0, 4220.0], [81772.5, 550.0], [81775.0, 1840.0], [81777.5, 1280.0], [81780.0, 5530.0], [81782.5, 4250.0], [81787.5, 16120.0], [81790.0, 54250.0], [81797.5, 7500.0], [81800.0, 25000.0], [81802.5, 1100.0], [81805.0, 4250.0], [81812.5, 1280.0], [81815.0, 4270.0]]}}}
{"jsonrpc": "2.0", "method": "subscription", "params": {"channel": "book.BTC-14MAR25.none.20.100ms", "data": {"timestamp": 1741689043761, "change_id": 92212734648, "instrument_name": "BTC-14MAR25", "bids": [[81665.0, 4610.0], [81645.0, 7030.0], [81640.0, 29770.0], [81632.5, 4510.0], [81630.0, 1920.0], [81627.5, 34440.0], [81617.5, 20.0], [81612.5, 4590.0], [81597.5, 4590.0], [81587.5, 4680.0], [81580.0, 570.0], [81577.5, 4670.0], [81562.5, 4600.0], [81552.5, 4720.0], [81545.0, 4750.0], [81542.5, 4550.0], [81532.5, 4710.0], [81527.5, 14470.0], [81525.0, 3610.0], [81522.5, 4550.0]], "asks": [[81667.5, 1920.0], [81682.5, 10000.0], [81692.5, 4550.0], [81700.0, 1920.0], [81707.5, 4550.0], [81715.0, 70.0], [81717.5, 24180.0], [81722.5, 50000.0], [81725.0, 4680.0], [81727.5, 4180.0], [81735.0, 4550.0], [81747.5, 34300.0], [81750.0, 2460.0], [81760.0, 6680.0], [81770.0, 4590.0], [81780.0, 4670.0], [81795.0, 14470.0], [81800.0, 29970.0], [81802.5, 4680.0], [81812.5, 4510.0]]}}}
{"jsonrpc": "2.0", "method": "subscription", "params": {"channel": "book.BTC-21MAR25.none.20.100ms", "data": {"timestamp": 1741689043762, "change_id": 92212734652, "instrument_name": "BTC-21MAR25", "bids": [[81747.5, 4250.0], [81745.0, 5950.0], [81742.5, 1700.0], [81740.0, 1700.0], [81737.5, 1700.0], [81735.0, 1700.0], [81730.0, 6060.0], [81727.5, 1700.0], [81725.0, 31900.0], [81722.5, 1700.0], [81720.0, 20680.0], [81717.5, 10000.0], [81710.0, 4220.0], [81707.5, 15280.0], [81700.0, 6080.0], [81690.0, 4160.0], [81685.0, 20.0], [81680.0, 4310.0], [81670.0, 4240.0], [81640.0, 4170.0]], "asks": [[81762.5, 1840.0], [81772.5, 15950.0], [81775.0, 1840.0], [81780.0, 4250.0], [81782.5, 4250.0], [81790.0, 4250.0], [81805.0, 4250.0], [81815.0, 4270.0], [81825.0, 4210.0], [81827.5, 73880.0], [81832.5, 2000.0], [81835.0, 4250.0], [81847.5, 4300.0], [81850.0, 1020.0], [81857.5, 4300.0], [81875.0, 15390.0], [81877.5, 4220.0], [81880.0, 20.0], [81910.0, 14470.0], [81912.5, 22730.0]]}}}
{"jsonrpc": "2.0", "method": "subscription", "params": {"channel": "book.BTC-14MAR25.none.20.100ms", "data": {"timestamp": 1741689044010, "change_id": 92212736175, "instrument_name": "BTC-14MAR25", "bids": [[81680.0, 10.0], [81677.5, 1380.0], [81675.0, 4600.0], [81672.5, 1960.0], [81670.0, 4600.0], [81667.5, 1350.0], [81665.0, 4510.0], [81647.5, 5110.0], [81645.0, 17030.0], [81640.0, 22040.0], [81637.5, 73470.0], [81632.5, 4510.0], [81630.0, 2490.0], [81627.5, 24440.0], [81617.5, 20.0], [81612.5, 4590.0], [81597.5, 4590.0], [81587.5, 4680.0], [81577.5, 4670.0], [81562.5, 35090.0]], "asks": [[81690.0, 600.0], [81697.5, 600.0], [81707.5, 4550.0], [81720.0, 60000.0], [81725.0, 4680.0], [81727.5, 3610.0], [81735.0, 4550.0], [81745.0, 24280.0], [81747.5, 4630.0], [81750.0, 3030.0], [81760.0, 6680.0], [81767.5, 29670.0], [81770.0, 4590.0], [81780.0, 4670.0], [81795.0, 14470.0], [81800.0, 29970.0], [81802.5, 4680.0], [81812.5, 4510.0], [81815.0, 20.0], [81820.0, 57880.0]]}}}
{"jsonrpc": "2.0", "method": "subscription", "params": {"channel": "book.BTC-21MAR25.none.20.100ms", "data": {"timestamp": 1741689044088, "change_id": 92212736176, "instrument_name": "BTC-21MAR25", "bids": [[81760.0, 1270.0], [81757.5, 5920.0], [81752.5, 4250.0], [81750.0, 1700.0], [81747.5, 4250.0], [81745.0, 8590.0], [81742.5, 1700.0], [81740.0, 20000.0], [81737.5, 9240.0], [81735.0, 10000.0], [81730.0, 6060.0], [81727.5, 1700.0], [81725.0, 24360.0], [81720.0, 4220.0], [81712.5, 15280.0], [81710.0, 4220.0], [81700.0, 6080.0], [81690.0, 4160.0], [81685.0, 20.0], [81680.0, 4310.0]], "asks": [[81790.0, 8500.0], [81805.0, 4250.0], [81810.0, 10000.0], [81815.0, 4270.0], [81825.0, 4210.0], [81835.0, 4250.0], [81845.0, 24060.0], [81847.5, 4300.0], [81850.0, 51020.0], [81857.5, 4300.0], [81875.0, 15390.0], [81877.5, 4220.0], [81880.0, 20.0], [81910.0, 14470.0], [81912.5, 22730.0], [81917.5, 4240.0], [81922.5, 45390.0], [81927.5, 4220.0], [81945.0, 20.0], [81972.5, 1020.0]]}}}
{"jsonrpc": "2.0", "method": "subscription", "params": {"channel": "book.BTC-14MAR25.none.20.100ms", "data": {"timestamp": 1741689044405, "change_id": 92212737968, "instrument_name": "BTC-14MAR25", "bids": [[81680.0, 10.0], [81677.5, 1380.0], [81675.0, 4600.0], [81665.0, 1350.0], [81662.5, 4510.0], [81647.5, 4930.0], [81645.0, 16430.0], [81640.0, 22040.0], [81637.5, 73470.0], [81635.0, 3620.0], [81632.5, 4510.0], [81630.0, 7900.0], [81627.5, 24440.0], [81617.5, 20.0], [81615.0, 1380.0], [81612.5, 4590.0], [81597.5, 4590.0], [81587.5, 4680.0], [81577.5, 4670.0], [81562.5, 35090.0]], "asks": [[81685.0, 600.0], [81690.0, 580.0], [81692.5, 1920.0], [81705.0, 1970.0], [81707.5, 14550.0], [81725.0, 6600.0], [81727.5, 3610.0], [81735.0, 4550.0], [81742.5, 50000.0], [81745.0, 24280.0], [81747.5, 4630.0], [81750.0, 3030.0], [81760.0, 6680.0], [81767.5, 29670.0], [81770.0, 4590.0], [81780.0, 4670.0], [81795.0, 14470.0], [81800.0, 29970.0], [81802.5, 4680.0], [81812.5, 4510.0]]}}}
{"jsonrpc": "2.0", "method": "subscription", "params": {"channel": "book.BTC-21MAR25.none.20.100ms", "data": {"timestamp": 1741689044295, "change_id": 92212737331, "instrument_name": "BTC-21MAR25", "bids": [[81760.0, 1270.0], [81757.5, 4220.0], [81755.0, 4050.0], [81752.5, 13630.0], [81750.0, 3490.0], [81747.5, 4250.0], [81745.0, 8590.0], [81742.5, 1700.0], [81740.0, 20000.0], [81737.5, 4700.0], [81735.0, 16400.0], [81732.5, 15280.0], [81730.0, 6060.0], [81727.5, 7310.0], [81725.0, 24360.0], [81720.0, 4220.0], [81710.0, 4220.0], [81700.0, 4240.0], [81690.0, 4160.0], [81685.0, 20.0]], "asks": [[81785.0, 7790.0], [81787.5, 4250.0], [81790.0, 8500.0], [81797.5, 10000.0], [81800.0, 1840.0], [81805.0, 4250.0], [81815.0, 4270.0], [81825.0, 4210.0], [81835.0, 4250.0], [81840.0, 50000.0], [81845.0, 24060.0], [81847.5, 4300.0], [81850.0, 1020.0], [81857.5, 4300.0], [81875.0, 15390.0], [81877.5, 4220.0], [81880.0, 20.0], [81910.0, 14470.0], [81912.5, 22730.0], [81917.5, 4240.0]]}}}
{"jsonrpc": "2.0", "method": "subscription", "params": {"channel": "book.BTC-14MAR25.none.20.100ms", "data": {"timestamp": 1741689044692, "change_id": 92212738930, "instrument_name": "BTC-14MAR25", "bids": [[81680.0, 10.0], [81677.5, 1380.0], [81675.0, 4600.0], [81665.0, 1930.0], [81662.5, 6430.0], [81647.5, 4930.0], [81645.0, 16430.0], [81632.5, 4510.0], [81630.0, 570.0], [81627.5, 24440.0], [81617.5, 20.0], [81612.5, 4590.0], [81597.5, 4590.0], [81587.5, 4680.0], [81577.5, 4670.0], [81562.5, 35090.0], [81552.5, 4720.0], [81545.0, 4750.0], [81542.5, 4550.0], [81532.5, 4710.0]], "asks": [[81692.5, 1920.0], [81705.0, 600.0], [81707.5, 14550.0], [81725.0, 6600.0], [81727.5, 3610.0], [81735.0, 4550.0], [81742.5, 50000.0], [81745.0, 24280.0], [81747.5, 4630.0], [81750.0, 3030.0], [81760.0, 6680.0], [81767.5, 29670.0], [81770.0, 4590.0], [81780.0, 4670.0], [81795.0, 14470.0], [81800.0, 29970.0], [81802.5, 4680.0], [81812.5, 4510.0], [81815.0, 20.0], [81820.0, 57880.0]]}}}
{"jsonrpc": "2.0", "method": "subscription", "params": {"channel": "book.BTC-21MAR25.none.20.100ms", "data": {"timestamp": 1741689044554, "change_id": 92212738350, "instrument_name": "BTC-21MAR25", "bids": [[81760.0, 1270.0], [81757.5, 4220.0], [81755.0, 4050.0], [81752.5, 13630.0], [81750.0, 3490.0], [81747.5, 4250.0], [81745.0, 13530.0], [81742.5, 22300.0], [81740.0, 20000.0], [81737.5, 4700.0], [81735.0, 16400.0], [81732.5, 15280.0], [81730.0, 6060.0], [81727.5, 7310.0], [81725.0, 24360.0], [81722.5, 1270.0], [81720.0, 4220.0], [81712.5, 1270.0], [81710.0, 4220.0], [81702.5, 1270.0]], "asks": [[81782.5, 4040.0], [81785.0, 7790.0], [81787.5, 4250.0], [81790.0, 8500.0], [81795.0, 3550.0], [81797.5, 10000.0], [81800.0, 1840.0], [81802.5, 1280.0], [81805.0, 4250.0], [81812.5, 1280.0], [81815.0, 4270.0], [81822.5, 1260.0], [81825.0, 4210.0], [81832.5, 1280.0], [81835.0, 4250.0], [81837.5, 15000.0], [81840.0, 50000.0], [81842.5, 7220.0], [81845.0, 25660.0], [81847.5, 4300.0]]}}}
{"jsonrpc": "2.0", "method": "subscription", "params": {"channel": "book.BTC-14MAR25.none.20.100ms", "data": {"timestamp": 1741689045004, "change_id": 92212739935, "instrument_name": "BTC-14MAR25", "bids": [[81680.0, 10.0], [81675.0, 1560.0], [81672.5, 4600.0], [81670.0, 2160.0], [81667.5, 5200.0], [81665.0, 1930.0], [81662.5, 6430.0], [81647.5, 4930.0], [81645.0, 16430.0], [81635.0, 1520.0], [81632.5, 4510.0], [81630.0, 7900.0], [81627.5, 24440.0], [81617.5, 20.0], [81615.0, 1380.0], [81612.5, 4590.0], [81600.0, 1380.0], [81597.5, 4590.0], [81590.0, 1400.0], [81587.5, 4680.0]], "asks": [[81690.0, 1180.0], [81692.5, 1920.0], [81705.0, 4970.0], [81707.5, 14550.0], [81722.5, 1980.0], [81725.0, 6600.0], [81732.5, 1370.0], [81735.0, 19550.0], [81737.5, 50000.0], [81742.5, 7280.0], [81745.0, 26580.0], [81747.5, 4630.0], [81750.0, 3030.0], [81757.5, 2000.0], [81760.0, 6680.0], [81765.0, 10280.0], [81767.5, 29670.0], [81770.0, 4590.0], [81777.5, 1400.0], [81780.0, 4670.0]]}}}
{"jsonrpc": "2.0", "method": "subscription", "params": {"channel": "book.BTC-14MAR25.none.20.100ms", "data": {"timestamp": 1741689045323, "change_id": 92212740479, "instrument_name": "BTC-14MAR25", "bids": [[81680.0, 10.0], [81675.0, 1560.0], [81672.5, 4600.0], [81670.0, 2160.0], [81667.5, 5200.0], [81665.0, 1930.0], [81662.5, 6430.0], [81647.5, 4930.0], [81645.0, 16430.0], [81635.0, 1520.0], [81632.5, 4510.0], [81630.0, 7900.0], [81627.5, 24440.0], [81617.5, 20.0], [81615.0, 1380.0], [81612.5, 4590.0], [81600.0, 1380.0], [81597.5, 4590.0], [81590.0, 1400.0], [81587.5, 4680.0]], "asks": [[81690.0, 1180.0], [81692.5, 1920.0], [81702.5, 600.0], [81705.0, 4970.0], [81707.5, 14550.0], [81722.5, 1980.0], [81725.0, 6600.0], [81732.5, 1370.0], [81735.0, 4550.0], [81742.5, 7280.0], [81745.0, 26580.0], [81747.5, 5200.0], [81750.0, 2460.0], [81757.5, 16750.0], [81760.0, 56680.0], [81765.0, 10280.0], [81767.5, 29670.0], [81770.0, 4590.0], [81777.5, 1400.0], [81780.0, 4670.0]]}}}
{"jsonrpc": "2.0", "method": "subscription", "params": {"channel": "book.BTC-21MAR25.none.20.100ms", "data": {"timestamp": 1741689045407, "change_id": 92212740614, "instrument_name": "BTC-21MAR25", "bids": [[81770.0, 1020.0], [81767.5, 1700.0], [81765.0, 2720.0], [81762.5, 1700.0], [81760.0, 2970.0], [81757.5, 5920.0], [81755.0, 4050.0], [81752.5, 13630.0], [81750.0, 3490.0], [81747.5, 4250.0], [81745.0, 7880.0], [81742.5, 20600.0], [81737.5, 3000.0], [81735.0, 16400.0], [81732.5, 15280.0], [81730.0, 6060.0], [81727.5, 7310.0], [81725.0, 24360.0], [81722.5, 1270.0], [81720.0, 4220.0]], "asks": [[81782.5, 4040.0], [81785.0, 7790.0], [81787.5, 4250.0], [81790.0, 8500.0], [81795.0, 3550.0], [81797.5, 10000.0], [81800.0, 1840.0], [81802.5, 1280.0], [81805.0, 4250.0], [81812.5, 1280.0], [81815.0, 4270.0], [81822.5, 1260.0], [81825.0, 4210.0], [81832.5, 1280.0], [81835.0, 4250.0], [81842.5, 7220.0], [81845.0, 40460.0], [81847.5, 4300.0], [81850.0, 51020.0], [81855.0, 1290.0]]}}}
{"jsonrpc": "2.0", "method": "subscription", "params": {"channel": "book.BTC-21MAR25.none.20.100ms", "data": {"timestamp": 1741689045637, "change_id": 92212740826, "instrument_name": "BTC-21MAR25", "bids": [[81770.0, 1020.0], [81767.5, 1700.0], [81765.0, 2720.0], [81762.5, 1700.0], [81760.0, 2970.0], [81757.5, 5920.0], [81755.0, 4050.0], [81752.5, 13630.0], [81750.0, 3490.0], [81747.5, 4250.0], [81745.0, 7880.0], [81742.5, 20600.0], [81737.5, 3000.0], [81735.0, 16400.0], [81732.5, 15280.0], [81730.0, 6060.0], [81727.5, 7310.0], [81725.0, 24360.0], [81722.5, 1270.0], [81720.0, 4220.0]], "asks": [[81782.5, 4040.0], [81785.0, 7790.0], [81787.5, 4250.0], [81790.0, 8500.0], [81795.0, 3550.0], [81797.5, 10000.0], [81800.0, 1840.0], [81802.5, 1280.0], [81805.0, 4250.0], [81812.5, 1280.0], [81815.0, 4270.0], [81822.5, 1260.0], [81825.0, 4210.0], [81832.5, 1280.0], [81835.0, 4250.0], [81842.5, 7220.0], [81845.0, 40460.0], [81847.5, 4300.0], [81850.0, 51020.0], [81855.0, 1290.0]]}}}
{"jsonrpc": "2.0", "method": "subscription", "params": {"channel": "book.BTC-14MAR25.none.20.100ms", "data": {"timestamp": 1741689045853, "change_id": 92212740956, "instrument_name": "BTC-14MAR25", "bids": [[81680.0, 10.0], [81675.0, 1560.0], [81672.5, 4600.0], [81670.0, 2160.0], [81667.5, 5200.0], [81665.0, 1930.0], [81662.5, 6430.0], [81657.5, 3000.0], [81655.0, 10000.0], [81647.5, 1930.0], [81645.0, 6430.0], [81635.0, 1520.0], [81632.5, 4510.0], [81630.0, 7900.0], [81627.5, 24440.0], [81617.5, 20.0], [81615.0, 1380.0], [81612.5, 4590.0], [81600.0, 1380.0], [81597.5, 4590.0]], "asks": [[81690.0, 1180.0], [81692.5, 1920.0], [81702.5, 600.0], [81705.0, 4970.0], [81707.5, 14550.0], [81722.5, 1980.0], [81725.0, 6600.0], [81732.5, 1370.0], [81735.0, 4550.0], [81742.5, 7280.0], [81745.0, 26580.0], [81747.5, 5200.0], [81750.0, 2460.0], [81757.5, 16750.0], [81760.0, 56680.0], [81765.0, 10280.0], [81767.5, 29670.0], [81770.0, 4590.0], [81777.5, 1400.0], [81780.0, 4670.0]]}}}
{"jsonrpc": "2.0", "method": "subscription", "params": {"channel": "book.BTC-21MAR25.none.20.100ms", "data": {"timestamp": 1741689046026, "change_id": 92212741382, "instrument_name": "BTC-21MAR25", "bids": [[81767.5, 1700.0], [81765.0, 2720.0], [81762.5, 1700.0], [81760.0, 2970.0], [81757.5, 5920.0], [81755.0, 4050.0], [81752.5, 13630.0], [81750.0, 3490.0], [81747.5, 4250.0], [81745.0, 7880.0], [81742.5, 20600.0], [81737.5, 3000.0], [81735.0, 16400.0], [81732.5, 15280.0], [81730.0, 6060.0], [81727.5, 7310.0], [81725.0, 24360.0], [81722.5, 1270.0], [81720.0, 4220.0], [81712.5, 1270.0]], "asks": [[81782.5, 4040.0], [81785.0, 7790.0], [81787.5, 4250.0], [81790.0, 8500.0], [81795.0, 3550.0], [81797.5, 10000.0], [81800.0, 1840.0], [81802.5, 1280.0], [81805.0, 4250.0], [81812.5, 1280.0], [81815.0, 4270.0], [81822.5, 1260.0], [81825.0, 4210.0], [81832.5, 1280.0], [81835.0, 4250.0], [81842.5, 7220.0], [81845.0, 40460.0], [81847.5, 4300.0], [81850.0, 51020.0], [81855.0, 1290.0]]}}}
{"jsonrpc": "2.0", "method": "subscription", "params": {"channel": "book.BTC-21MAR25.none.20.100ms", "data": {"timestamp": 1741689046185, "change_id": 92212741661, "instrument_name": "BTC-21MAR25", "bids": [[81767.5, 1700.0], [81765.0, 2720.0], [81762.5, 1700.0], [81760.0, 2970.0], [81757.5, 5920.0], [81755.0, 4050.0], [81752.5, 13630.0], [81750.0, 6260.0], [81747.5, 4250.0], [81745.0, 10000.0], [81735.0, 6400.0], [81732.5, 15280.0], [81730.0, 6060.0], [81727.5, 7310.0], [81725.0, 24360.0], [81722.5, 1270.0], [81720.0, 4220.0], [81712.5, 1270.0], [81710.0, 4220.0], [81702.5, 1270.0]], "asks": [[81782.5, 4040.0], [81785.0, 7790.0], [81787.5, 4250.0], [81790.0, 8500.0], [81795.0, 3550.0], [81797.5, 10000.0], [81800.0, 1840.0], [81802.5, 1280.0], [81805.0, 4250.0], [81812.5, 1280.0], [81815.0, 4270.0], [81822.5, 1260.0], [81825.0, 4210.0], [81832.5, 1280.0], [81835.0, 4250.0], [81842.5, 7220.0], [81845.0, 40460.0], [81847.5, 4300.0], [81850.0, 51020.0], [81855.0, 1290.0]]}}}
{"jsonrpc": "2.0", "method": "subscription", "params": {"channel": "book.BTC-14MAR25.none.20.100ms", "data": {"timestamp": 1741689046504, "change_id": 92212742102, "instrument_name": "BTC-14MAR25", "bids": [[81685.0, 10.0], [81682.5, 1380.0], [81680.0, 4600.0], [81675.0, 1560.0], [81672.5, 4600.0], [81670.0, 600.0], [81667.5, 600.0], [81665.0, 1930.0], [81662.5, 6430.0], [81657.5, 3000.0], [81655.0, 10000.0], [81647.5, 1930.0], [81645.0, 6430.0], [81635.0, 1520.0], [81632.5, 4510.0], [81630.0, 7900.0], [81627.5, 24440.0], [81617.5, 20.0], [81615.0, 1380.0], [81612.5, 4590.0]], "asks": [[81690.0, 600.0], [81692.5, 1920.0], [81702.5, 600.0], [81705.0, 4970.0], [81707.5, 14550.0], [81722.5, 1980.0], [81725.0, 6600.0], [81732.5, 1370.0], [81735.0, 4550.0], [81742.5, 7280.0], [81745.0, 26580.0], [81747.5, 5200.0], [81750.0, 2460.0], [81757.5, 16750.0], [81760.0, 56680.0], [81765.0, 10280.0], [81767.5, 29670.0], [81770.0, 4590.0], [81777.5, 1400.0], [81780.0, 4670.0]]}}}
{"jsonrpc": "2.0", "method": "subscription", "params": {"channel": "book.BTC-21MAR25.none.20.100ms", "data": {"timestamp": 1741689046587, "change_id": 92212742331, "instrument_name": "BTC-21MAR25", "bids": [[81770.0, 1020.0], [81767.5, 1700.0], [81765.0, 2720.0], [81762.5, 1700.0], [81760.0, 3480.0], [81757.5, 5920.0], [81755.0, 4050.0], [81752.5, 13630.0], [81750.0, 4480.0], [81747.5, 57720.0], [81745.0, 10000.0], [81735.0, 6400.0], [81732.5, 15280.0], [81730.0, 6060.0], [81727.5, 7310.0], [81725.0, 24360.0], [81722.5, 1270.0], [81720.0, 4220.0], [81712.5, 1270.0], [81710.0, 4220.0]], "asks": [[81782.5, 1700.0], [81785.0, 5330.0], [81787.5, 1700.0], [81790.0, 5530.0], [81792.5, 4280.0], [81795.0, 3550.0], [81797.5, 10000.0], [81800.0, 1840.0], [81802.5, 1280.0], [81805.0, 4250.0], [81812.5, 1280.0], [81815.0, 4270.0], [81822.5, 1260.0], [81825.0, 4210.0], [81832.5, 1280.0], [81835.0, 4250.0], [81842.5, 7220.0], [81845.0, 40460.0], [81847.5, 4300.0], [81850.0, 51020.0]]}}}
{"jsonrpc": "2.0", "method": "subscription", "params": {"channel": "book.BTC-14MAR25.none.20.100ms", "data": {"timestamp": 1741689047078, "change_id": 92212743066, "instrument_name": "BTC-14MAR25", "bids": [[81677.5, 5980.0], [81675.0, 4600.0], [81670.0, 600.0], [81667.5, 600.0], [81665.0, 1930.0], [81662.5, 6430.0], [81657.5, 3000.0], [81655.0, 10000.0], [81647.5, 1930.0], [81645.0, 6430.0], [81635.0, 1520.0], [81632.5, 4510.0], [81630.0, 7900.0], [81627.5, 24440.0], [81617.5, 20.0], [81615.0, 1380.0], [81612.5, 4590.0], [81600.0, 1380.0], [81597.5, 4590.0], [81590.0, 1400.0]], "asks": [[81690.0, 1180.0], [81692.5, 1920.0], [81695.0, 1350.0], [81702.5, 600.0], [81705.0, 4970.0], [81707.5, 14550.0], [81722.5, 1980.0], [81725.0, 6600.0], [81732.5, 1370.0], [81735.0, 4550.0], [81742.5, 7280.0], [81745.0, 26580.0], [81747.5, 5200.0], [81750.0, 2460.0], [81757.5, 16750.0], [81760.0, 56680.0], [81765.0, 10280.0], [81767.5, 29670.0], [81770.0, 4590.0], [81777.5, 1400.0]]}}}
{"jsonrpc": "2.0", "method": "subscription", "params": {"channel": "book.BTC-21MAR25.none.20.100ms", "data": {"timestamp": 1741689047077, "change_id": 92212743065, "instrument_name": "BTC-21MAR25", "bids": [[81767.5, 1700.0], [81765.0, 2720.0], [81762.5, 1700.0], [81760.0, 3480.0], [81757.5, 5920.0], [81755.0, 4050.0], [81752.5, 13630.0], [81750.0, 21670.0], [81747.5, 57720.0], [81745.0, 10000.0], [81735.0, 6400.0], [81732.5, 15280.0], [81730.0, 6060.0], [81727.5, 7310.0], [81725.0, 24360.0], [81722.5, 1270.0], [81720.0, 4220.0], [81712.5, 1270.0], [81710.0, 4220.0], [81702.5, 1270.0]], "asks": [[81777.5, 510.0], [81780.0, 4550.0], [81782.5, 1700.0], [81785.0, 5330.0], [81787.5, 1700.0], [81790.0, 5530.0], [81792.5, 4280.0], [81795.0, 3550.0], [81797.5, 10000.0], [81800.0, 1840.0], [81802.5, 1280.0], [81805.0, 4250.0], [81812.5, 1280.0], [81815.0, 4270.0], [81822.5, 1260.0], [81825.0, 4210.0], [81832.5, 1280.0], [81835.0, 4250.0], [81842.5, 7220.0], [81845.0, 40460.0]]}}}
{"jsonrpc": "2.0", "method": "subscription", "params": {"channel": "book.BTC-14MAR25.none.20.100ms", "data": {"timestamp": 1741689047377, "change_id": 92212743598, "instrument_name": "BTC-14MAR25", "bids": [[81682.5, 10.0], [81680.0, 1380.0], [81677.5, 4600.0], [81667.5, 600.0], [81665.0, 1930.0], [81662.5, 6430.0], [81657.5, 3000.0], [81655.0, 10000.0], [81647.5, 1930.0], [81645.0, 6430.0], [81635.0, 1520.0], [81632.5, 4510.0], [81630.0, 7900.0], [81627.5, 24440.0], [81617.5, 20.0], [81615.0, 1380.0], [81612.5, 4590.0], [81600.0, 1380.0], [81597.5, 4590.0], [81590.0, 1400.0]], "asks": [[81690.0, 600.0], [81692.5, 1920.0], [81702.5, 600.0], [81705.0, 4970.0], [81707.5, 14550.0], [81722.5, 1980.0], [81725.0, 6600.0], [81732.5, 1370.0], [81735.0, 4550.0], [81742.5, 7280.0], [81745.0, 26580.0], [81747.5, 5200.0], [81750.0, 2460.0], [81757.5, 16750.0], [81760.0, 56680.0], [81765.0, 10280.0], [81767.5, 29670.0], [81770.0, 4590.0], [81777.5, 1400.0], [81780.0, 4670.0]]}}}
{"jsonrpc": "2.0", "method": "subscription", "params": {"channel": "book.BTC-21MAR25.none.20.100ms", "data": {"timestamp": 1741689047190, "change_id": 92212743398, "instrument_name": "BTC-21MAR25", "bids": [[81770.0, 510.0], [81767.5, 1700.0], [81765.0, 1020.0], [81762.5, 1700.0], [81760.0, 3480.0], [81757.5, 5920.0], [81755.0, 4050.0], [81752.5, 13630.0], [81750.0, 21670.0], [81747.5, 57720.0], [81745.0, 10000.0], [81735.0, 6400.0], [81732.5, 15280.0], [81730.0, 6060.0], [81727.5, 7310.0], [81725.0, 24360.0], [81722.5, 1270.0], [81720.0, 4220.0], [81712.5, 1270.0], [81710.0, 4220.0]], "asks": [[81780.0, 2760.0], [81782.5, 1700.0], [81785.0, 3630.0], [81787.5, 1700.0], [81790.0, 7230.0], [81792.5, 4280.0], [81795.0, 3550.0], [81797.5, 10000.0], [81800.0, 1840.0], [81802.5, 1280.0], [81805.0, 4250.0], [81812.5, 1280.0], [81815.0, 4270.0], [81822.5, 1260.0], [81825.0, 4210.0], [81832.5, 1280.0], [81835.0, 4250.0], [81842.5, 7220.0], [81845.0, 40460.0], [81847.5, 4300.0]]}}}
{"jsonrpc": "2.0", "method": "subscription", "params": {"channel": "book.BTC-14MAR25.none.20.100ms", "data": {"timestamp": 1741689047678, "change_id": 92212743822, "instrument_name": "BTC-14MAR25", "bids": [[81690.0, 10.0], [81685.0, 1380.0], [81682.5, 4600.0], [81680.0, 1380.0], [81677.5, 4600.0], [81675.0, 10120.0], [81672.5, 4510.0], [81670.0, 29770.0], [81667.5, 600.0], [81665.0, 1930.0], [81662.5, 6430.0], [81657.5, 3000.0], [81655.0, 10000.0], [81647.5, 1930.0], [81645.0, 6430.0], [81635.0, 1520.0], [81632.5, 4510.0], [81630.0, 7900.0], [81627.5, 24440.0], [81617.5, 20.0]], "asks": [[81692.5, 1920.0], [81702.5, 600.0], [81705.0, 4970.0], [81707.5, 14550.0], [81722.5, 1980.0], [81725.0, 6600.0], [81732.5, 16260.0], [81735.0, 54550.0], [81742.5, 7280.0], [81745.0, 26580.0], [81747.5, 5200.0], [81750.0, 2460.0], [81757.5, 2000.0], [81760.0, 6680.0], [81765.0, 10280.0], [81767.5, 29670.0], [81770.0, 4590.0], [81777.5, 1400.0], [81780.0, 4670.0], [81797.5, 8990.0]]}}}
{"jsonrpc": "2.0", "method": "subscription", "params": {"channel": "book.BTC-21MAR25.none.20.100ms", "data": {"timestamp": 1741689047719, "change_id": 92212743933, "instrument_name": "BTC-21MAR25", "bids": [[81775.0, 2550.0], [81772.5, 4250.0], [81770.0, 4760.0], [81767.5, 1700.0], [81765.0, 1020.0], [81762.5, 1700.0], [81760.0, 3480.0], [81757.5, 5920.0], [81755.0, 4050.0], [81752.5, 9380.0], [81750.0, 21670.0], [81747.5, 57720.0], [81745.0, 10000.0], [81735.0, 6400.0], [81732.5, 15280.0], [81730.0, 6060.0], [81727.5, 7310.0], [81725.0, 24360.0], [81722.5, 1270.0], [81720.0, 4220.0]], "asks": [[81782.5, 550.0], [81785.0, 2860.0], [81787.5, 1700.0], [81790.0, 1700.0], [81795.0, 3550.0], [81797.5, 10000.0], [81800.0, 1840.0], [81802.5, 1280.0], [81805.0, 4250.0], [81812.5, 1280.0], [81815.0, 4270.0], [81822.5, 1260.0], [81825.0, 4210.0], [81832.5, 1280.0], [81835.0, 4250.0], [81842.5, 7220.0], [81845.0, 40460.0], [81847.5, 4300.0], [81850.0, 51020.0], [81855.0, 1290.0]]}}}
{"jsonrpc": "2.0", "method": "subscription", "params": {"channel": "book.BTC-14MAR25.none.20.100ms", "data": {"timestamp": 1741689047867, "change_id": 92212744537, "instrument_name": "BTC-14MAR25", "bids": [[81690.0, 10.0], [81685.0, 1380.0], [81682.5, 4600.0], [81680.0, 1380.0], [81677.5, 4600.0], [81675.0, 10120.0], [81672.5, 4510.0], [81670.0, 29770.0], [81667.5, 600.0], [81665.0, 1930.0], [81662.5, 6430.0], [81657.5, 3000.0], [81655.0, 10000.0], [81647.5, 1930.0], [81645.0, 6430.0], [81635.0, 1520.0], [81632.5, 4510.0], [81630.0, 7900.0], [81627.5, 24440.0], [81617.5, 20.0]], "asks": [[81692.5, 1920.0], [81702.5, 600.0], [81705.0, 4970.0], [81707.5, 14550.0], [81722.5, 1980.0], [81725.0, 6600.0], [81732.5, 16260.0], [81735.0, 54550.0], [81742.5, 7280.0], [81745.0, 26580.0], [81747.5, 4630.0], [81750.0, 3030.0], [81757.5, 2000.0], [81760.0, 6680.0], [81765.0, 10280.0], [81767.5, 29670.0], [81770.0, 4590.0], [81777.5, 1400.0], [81780.0, 4670.0], [81797.5, 8990.0]]}}}
{"jsonrpc": "2.0", "method": "subscription", "params": {"channel": "book.BTC-21MAR25.none.20.100ms", "data": {"timestamp": 1741689047957, "change_id": 92212744419, "instrument_name": "BTC-21MAR25", "bids": [[81775.0, 1280.0], [81770.0, 4760.0], [81767.5, 1700.0], [81765.0, 1020.0], [81762.5, 1700.0], [81760.0, 3480.0], [81757.5, 5920.0], [81755.0, 4050.0], [81752.5, 9380.0], [81750.0, 21670.0], [81747.5, 57720.0], [81745.0, 10000.0], [81735.0, 6400.0], [81732.5, 15280.0], [81730.0, 6060.0], [81727.5, 7310.0], [81725.0, 24360.0], [81722.5, 1270.0], [81720.0, 4220.0], [81712.5, 1270.0]], "asks": [[81785.0, 2860.0], [81787.5, 1700.0], [81790.0, 1700.0], [81792.5, 1280.0], [81795.0, 7830.0], [81797.5, 10000.0], [81800.0, 1840.0], [81802.5, 1280.0], [81805.0, 4250.0], [81812.5, 1280.0], [81815.0, 4270.0], [81822.5, 1260.0], [81825.0, 4210.0], [81832.5, 1280.0], [81835.0, 4250.0], [81842.5, 7220.0], [81845.0, 40460.0], [81847.5, 4300.0], [81850.0, 51020.0], [81855.0, 1290.0]]}}}
{"jsonrpc": "2.0", "method": "subscription", "params": {"channel": "book.BTC-14MAR25.none.20.100ms", "data": {"timestamp": 1741689048354, "change_id": 92212745208, "instrument_name": "BTC-14MAR25", "bids": [[81690.0, 10.0], [81685.0, 1380.0], [81682.5, 4600.0], [81675.0, 10120.0], [81672.5, 4510.0], [81670.0, 29770.0], [81667.5, 600.0], [81665.0, 1930.0], [81662.5, 6430.0], [81657.5, 3000.0], [81655.0, 10000.0], [81647.5, 1930.0], [81645.0, 6430.0], [81635.0, 1520.0], [81632.5, 4510.0], [81630.0, 7900.0], [81627.5, 24440.0], [81617.5, 20.0], [81615.0, 1380.0], [81612.5, 4590.0]], "asks": [[81692.5, 1920.0], [81702.5, 600.0], [81705.0, 4970.0], [81707.5, 14550.0], [81722.5, 1980.0], [81725.0, 6600.0], [81732.5, 1440.0], [81735.0, 4550.0], [81742.5, 7280.0], [81745.0, 26580.0], [81747.5, 4630.0], [81750.0, 3030.0], [81757.5, 16750.0], [81760.0, 56680.0], [81765.0, 10280.0], [81767.5, 29670.0], [81770.0, 4590.0], [81777.5, 1400.0], [81780.0, 4670.0], [81797.5, 8990.0]]}}}
{"jsonrpc": "2.0", "method": "subscription", "params": {"channel": "book.BTC-21MAR25.none.20.100ms", "data": {"timestamp": 1741689048233, "change_id": 92212744960, "instrument_name": "BTC-21MAR25", "bids": [[81770.0, 510.0], [81767.5, 1700.0], [81765.0, 1020.0], [81762.5, 1700.0], [81760.0, 3480.0], [81757.5, 5920.0], [81755.0, 4050.0], [81752.5, 9380.0], [81750.0, 4480.0], [81745.0, 10000.0], [81735.0, 6400.0], [81732.5, 15280.0], [81730.0, 6060.0], [81727.5, 7310.0], [81725.0, 24360.0], [81722.5, 1270.0], [81720.0, 4220.0], [81712.5, 1270.0], [81710.0, 4220.0], [81702.5, 1270.0]], "asks": [[81782.5, 1700.0], [81785.0, 2860.0], [81787.5, 1700.0], [81790.0, 1700.0], [81792.5, 2980.0], [81795.0, 7830.0], [81797.5, 10000.0], [81800.0, 1840.0], [81802.5, 1280.0], [81805.0, 4250.0], [81812.5, 1280.0], [81815.0, 4270.0], [81822.5, 1260.0], [81825.0, 4210.0], [81832.5, 1280.0], [81835.0, 4250.0], [81842.5, 7220.0], [81845.0, 40460.0], [81847.5, 4300.0], [81850.0, 51020.0]]}}}
{"jsonrpc": "2.0", "method": "subscription", "params": {"channel": "book.BTC-14MAR25.none.20.100ms", "data": {"timestamp": 1741689048511, "change_id": 92212745437, "instrument_name": "BTC-14MAR25", "bids": [[81682.5, 1380.0], [81680.0, 4600.0], [81675.0, 10120.0], [81672.5, 4510.0], [81670.0, 29770.0], [81667.5, 600.0], [81665.0, 1930.0], [81662.5, 6430.0], [81657.5, 3000.0], [81655.0, 10000.0], [81647.5, 1930.0], [81645.0, 6430.0], [81635.0, 1520.0], [81632.5, 4510.0], [81630.0, 7900.0], [81627.5, 24440.0], [81617.5, 20.0], [81615.0, 1380.0], [81612.5, 4590.0], [81600.0, 1380.0]], "asks": [[81692.5, 1930.0], [81702.5, 600.0], [81705.0, 4970.0], [81707.5, 14550.0], [81722.5, 1980.0], [81725.0, 6600.0], [81732.5, 1440.0], [81735.0, 4550.0], [81742.5, 7280.0], [81745.0, 26580.0], [81747.5, 4630.0], [81750.0, 3030.0], [81757.5, 16750.0], [81760.0, 56680.0], [81765.0, 10280.0], [81767.5, 29670.0], [81770.0, 4590.0], [81777.5, 1400.0], [81780.0, 4670.0], [81797.5, 8990.0]]}}}
{"jsonrpc": "2.0", "method": "subscription", "params": {"channel": "book.BTC-21MAR25.none.20.100ms", "data": {"timestamp": 1741689048663, "change_id": 92212745524, "instrument_name": "BTC-21MAR25", "bids": [[81770.0, 510.0], [81767.5, 1700.0], [81765.0, 1020.0], [81762.5, 1700.0], [81760.0, 3480.0], [81757.5, 5920.0], [81755.0, 8900.0], [81752.5, 29660.0], [81750.0, 4480.0], [81745.0, 10000.0], [81735.0, 6400.0], [81732.5, 15280.0], [81730.0, 6060.0], [81727.5, 7310.0], [81725.0, 24360.0], [81722.5, 1270.0], [81720.0, 4220.0], [81712.5, 1270.0], [81710.0, 4220.0], [81702.5, 1270.0]], "asks": [[81782.5, 1700.0], [81785.0, 2860.0], [81787.5, 1700.0], [81790.0, 1700.0], [81792.5, 2980.0], [81795.0, 7830.0], [81797.5, 10000.0], [81800.0, 1840.0], [81802.5, 1280.0], [81805.0, 4250.0], [81812.5, 1280.0], [81815.0, 4270.0], [81822.5, 1260.0], [81825.0, 4210.0], [81832.5, 1280.0], [81835.0, 4250.0], [81842.5, 7220.0], [81845.0, 40460.0], [81847.5, 4300.0], [81850.0, 51020.0]]}}}
{"jsonrpc": "2.0", "method": "subscription", "params": {"channel": "book.BTC-14MAR25.none.20.100ms", "data": {"timestamp": 1741689048978, "change_id": 92212745981, "instrument_name": "BTC-14MAR25", "bids": [[81687.5, 10.0], [81682.5, 1380.0], [81680.0, 4600.0], [81675.0, 10120.0], [81672.5, 4510.0], [81670.0, 29770.0], [81667.5, 600.0], [81665.0, 1930.0], [81662.5, 6430.0], [81657.5, 3000.0], [81655.0, 10000.0], [81647.5, 1930.0], [81645.0, 6430.0], [81635.0, 1520.0], [81632.5, 4510.0], [81630.0, 7900.0], [81627.5, 24440.0], [81617.5, 20.0], [81615.0, 1380.0], [81612.5, 4590.0]], "asks": [[81692.5, 1920.0], [81702.5, 600.0], [81705.0, 4970.0], [81707.5, 14550.0], [81722.5, 1980.0], [81725.0, 6600.0], [81732.5, 1440.0], [81735.0, 4550.0], [81742.5, 7280.0], [81745.0, 26580.0], [81747.5, 4630.0], [81750.0, 3030.0], [81757.5, 16750.0], [81760.0, 56680.0], [81765.0, 10280.0], [81767.5, 29670.0], [81770.0, 4590.0], [81777.5, 1400.0], [81780.0, 4670.0], [81797.5, 8990.0]]}}}
{"jsonrpc": "2.0", "method": "subscription", "params": {"channel": "book.BTC-14MAR25.none.20.100ms", "data": {"timestamp": 1741689049390, "change_id": 92212746585, "instrument_name": "BTC-14MAR25", "bids": [[81677.5, 5980.0], [81675.0, 14720.0], [81670.0, 29770.0], [81665.0, 12580.0], [81662.5, 6430.0], [81660.0, 36310.0], [81657.5, 3000.0], [81655.0, 10000.0], [81647.5, 1930.0], [81645.0, 6430.0], [81635.0, 1520.0], [81632.5, 4510.0], [81630.0, 7900.0], [81627.5, 24440.0], [81617.5, 20.0], [81615.0, 1380.0], [81612.5, 4590.0], [81600.0, 1380.0], [81597.5, 4590.0], [81590.0, 1400.0]], "asks": [[81690.0, 1190.0], [81692.5, 1920.0], [81702.5, 600.0], [81705.0, 4970.0], [81707.5, 14550.0], [81722.5, 1980.0], [81725.0, 6600.0], [81732.5, 1440.0], [81735.0, 4550.0], [81742.5, 7280.0], [81745.0, 26580.0], [81747.5, 4630.0], [81750.0, 3030.0], [81757.5, 16750.0], [81760.0, 56680.0], [81765.0, 10280.0], [81767.5, 29670.0], [81770.0, 4590.0], [81777.5, 1400.0], [81780.0, 4670.0]]}}}
{"jsonrpc": "2.0", "method": "subscription", "params": {"channel": "book.BTC-21MAR25.none.20.100ms", "data": {"timestamp": 1741689049389, "change_id": 92212746581, "instrument_name": "BTC-21MAR25", "bids": [[81770.0, 510.0], [81767.5, 1700.0], [81765.0, 1020.0], [81762.5, 1700.0], [81760.0, 3480.0], [81757.5, 5920.0], [81755.0, 8900.0], [81752.5, 29660.0], [81750.0, 2780.0], [81745.0, 10000.0], [81735.0, 6400.0], [81732.5, 15280.0], [81730.0, 6060.0], [81727.5, 7310.0], [81725.0, 24360.0], [81722.5, 1270.0], [81720.0, 4220.0], [81712.5, 1270.0], [81710.0, 4220.0], [81702.5, 1270.0]], "asks": [[81780.0, 4040.0], [81782.5, 5950.0], [81785.0, 2350.0], [81790.0, 2300.0], [81792.5, 1700.0], [81795.0, 9530.0], [81797.5, 10000.0], [81800.0, 1840.0], [81802.5, 1280.0], [81805.0, 4250.0], [81812.5, 1280.0], [81815.0, 4270.0], [81822.5, 1260.0], [81825.0, 4210.0], [81832.5, 1280.0], [81835.0, 4250.0], [81842.5, 7220.0], [81845.0, 40460.0], [81847.5, 4300.0], [81850.0, 51020.0]]}}}
{"jsonrpc": "2.0", "method": "subscription", "params": {"channel": "book.BTC-14MAR25.none.20.100ms", "data": {"timestamp": 1741689049602, "change_id": 92212747094, "instrument_name": "BTC-14MAR25", "bids": [[81677.5, 10.0], [81675.0, 10120.0], [81670.0, 29770.0], [81665.0, 10650.0], [81662.5, 1920.0], [81660.0, 36310.0], [81657.5, 3000.0], [81655.0, 14510.0], [81647.5, 1350.0], [81645.0, 4510.0], [81635.0, 1520.0], [81632.5, 4510.0], [81630.0, 7900.0], [81627.5, 24440.0], [81625.0, 1920.0], [81617.5, 20.0], [81615.0, 1380.0], [81612.5, 4590.0], [81600.0, 1380.0], [81597.5, 4590.0]], "asks": [[81680.0, 600.0], [81682.5, 760.0], [81685.0, 2520.0], [81687.5, 600.0], [81690.0, 600.0], [81695.0, 1930.0], [81697.5, 4510.0], [81700.0, 1920.0], [81702.5, 600.0], [81705.0, 4970.0], [81707.5, 14550.0], [81722.5, 1400.0], [81725.0, 4680.0], [81732.5, 1440.0], [81735.0, 4550.0], [81742.5, 7280.0], [81745.0, 26580.0], [81747.5, 4630.0], [81750.0, 3030.0], [81757.5, 14750.0]]}}}
{"jsonrpc": "2.0", "method": "subscription", "params": {"channel": "book.BTC-21MAR25.none.20.100ms", "data": {"timestamp": 1741689049711, "change_id": 92212747238, "instrument_name": "BTC-21MAR25", "bids": [[81760.0, 1280.0], [81757.5, 4250.0], [81755.0, 8900.0], [81752.5, 27820.0], [81750.0, 3940.0], [81745.0, 16120.0], [81735.0, 6400.0], [81732.5, 15280.0], [81730.0, 6060.0], [81727.5, 7310.0], [81725.0, 24360.0], [81722.5, 1270.0], [81720.0, 4220.0], [81712.5, 1270.0], [81710.0, 4220.0], [81702.5, 1270.0], [81700.0, 4240.0], [81692.5, 1250.0], [81690.0, 4160.0], [81685.0, 20.0]], "asks": [[81772.5, 550.0], [81775.0, 2860.0], [81777.5, 1700.0], [81780.0, 5030.0], [81782.5, 5950.0], [81785.0, 4280.0], [81790.0, 17020.0], [81792.5, 1700.0], [81795.0, 59530.0], [81797.5, 10000.0], [81800.0, 1840.0], [81802.5, 1280.0], [81805.0, 4250.0], [81812.5, 1280.0], [81815.0, 4270.0], [81822.5, 1260.0], [81825.0, 4210.0], [81832.5, 1280.0], [81835.0, 4250.0], [81842.5, 7220.0]]}}}
{"jsonrpc": "2.0", "method": "subscription", "params": {"channel": "book.BTC-14MAR25.none.20.100ms", "data": {"timestamp": 1741689049896, "change_id": 92212747496, "instrument_name": "BTC-14MAR25", "bids": [[81677.5, 10.0], [81675.0, 10120.0], [81670.0, 29770.0], [81665.0, 580.0], [81662.5, 1920.0], [81657.5, 3000.0], [81655.0, 14510.0], [81647.5, 1350.0], [81645.0, 4510.0], [81635.0, 1520.0], [81632.5, 4510.0], [81630.0, 7900.0], [81627.5, 24440.0], [81625.0, 1920.0], [81617.5, 20.0], [81615.0, 1380.0], [81612.5, 4590.0], [81600.0, 1380.0], [81597.5, 4590.0], [81590.0, 1400.0]], "asks": [[81680.0, 600.0], [81685.0, 2520.0], [81687.5, 600.0], [81690.0, 600.0], [81695.0, 1930.0], [81697.5, 4510.0], [81700.0, 1920.0], [81702.5, 600.0], [81705.0, 4970.0], [81707.5, 14550.0], [81722.5, 1400.0], [81725.0, 4680.0], [81732.5, 1440.0], [81735.0, 4550.0], [81742.5, 7280.0], [81745.0, 26580.0], [81747.5, 4630.0], [81750.0, 3030.0], [81757.5, 14750.0], [81760.0, 56680.0]]}}}
{"jsonrpc": "2.0", "method": "subscription", "params": {"channel": "book.BTC-21MAR25.none.20.100ms", "data": {"timestamp": 1741689049967, "change_id": 92212747760, "instrument_name": "BTC-21MAR25", "bids": [[81762.5, 1280.0], [81760.0, 4250.0], [81757.5, 1280.0], [81755.0, 6540.0], [81752.5, 7540.0], [81750.0, 3940.0], [81745.0, 16120.0], [81735.0, 6400.0], [81732.5, 15280.0], [81730.0, 6060.0], [81727.5, 7310.0], [81725.0, 24360.0], [81722.5, 1270.0], [81720.0, 4220.0], [81712.5, 1270.0], [81710.0, 4220.0], [81702.5, 1270.0], [81700.0, 4240.0], [81692.5, 1250.0], [81690.0, 4160.0]], "asks": [[81775.0, 1840.0], [81777.5, 1700.0], [81780.0, 4040.0], [81782.5, 5950.0], [81785.0, 4280.0], [81790.0, 17020.0], [81792.5, 1700.0], [81795.0, 59530.0], [81797.5, 10000.0], [81800.0, 1840.0], [81802.5, 1280.0], [81805.0, 4250.0], [81812.5, 1280.0], [81815.0, 4270.0], [81822.5, 1260.0], [81825.0, 4210.0], [81832.5, 1280.0], [81835.0, 4250.0], [81842.5, 7220.0], [81845.0, 25660.0]]}}}
{"jsonrpc": "2.0", "method": "subscription", "params": {"channel": "book.BTC-14MAR25.none.20.100ms", "data": {"timestamp": 1741689050335, "change_id": 92212748806, "instrument_name": "BTC-14MAR25", "bids": [[81680.0, 600.0], [81675.0, 10120.0], [81670.0, 29770.0], [81665.0, 580.0], [81662.5, 1920.0], [81657.5, 3000.0], [81655.0, 14510.0], [81652.5, 580.0], [81650.0, 1920.0], [81647.5, 1350.0], [81645.0, 4510.0], [81635.0, 1520.0], [81632.5, 4510.0], [81630.0, 7900.0], [81627.5, 24440.0], [81617.5, 20.0], [81615.0, 1380.0], [81612.5, 4590.0], [81600.0, 1380.0], [81597.5, 4590.0]], "asks": [[81690.0, 10.0], [81692.5, 1560.0], [81695.0, 5200.0], [81697.5, 580.0], [81700.0, 1920.0], [81702.5, 600.0], [81705.0, 1970.0], [81707.5, 4550.0], [81717.5, 3000.0], [81720.0, 10000.0], [81722.5, 1400.0], [81725.0, 6600.0], [81732.5, 1440.0], [81735.0, 4550.0], [81742.5, 7280.0], [81745.0, 26580.0], [81747.5, 4630.0], [81750.0, 2460.0], [81752.5, 570.0], [81757.5, 14750.0]]}}}
{"jsonrpc": "2.0", "method": "subscription", "params": {"channel": "book.BTC-21MAR25.none.20.100ms", "data": {"timestamp": 1741689050384, "change_id": 92212748853, "instrument_name": "BTC-21MAR25", "bids": [[81772.5, 1700.0], [81770.0, 1700.0], [81767.5, 1700.0], [81755.0, 6120.0], [81752.5, 7540.0], [81745.0, 87850.0], [81732.5, 15280.0], [81730.0, 6060.0], [81725.0, 24360.0], [81720.0, 4220.0], [81710.0, 4220.0], [81700.0, 4240.0], [81690.0, 4160.0], [81685.0, 20.0], [81680.0, 4310.0], [81670.0, 4240.0], [81640.0, 4170.0], [81625.0, 4220.0], [81617.5, 22700.0], [81615.0, 4240.0]], "asks": [[81785.0, 6090.0], [81792.5, 1700.0], [81795.0, 5980.0], [81800.0, 1840.0], [81805.0, 4250.0], [81810.0, 10000.0], [81812.5, 50000.0], [81815.0, 4270.0], [81825.0, 4210.0], [81835.0, 4250.0], [81845.0, 24060.0], [81847.5, 4300.0], [81850.0, 1020.0], [81857.5, 6300.0], [81875.0, 15390.0], [81877.5, 4220.0], [81880.0, 20.0], [81907.5, 4280.0], [81912.5, 22730.0], [81917.5, 4240.0]]}}}
{"jsonrpc": "2.0", "method": "subscription", "params": {"channel": "book.BTC-14MAR25.none.20.100ms", "data": {"timestamp": 1741689050560, "change_id": 92212749284, "instrument_name": "BTC-14MAR25", "bids": [[81680.0, 600.0], [81675.0, 10120.0], [81670.0, 29770.0], [81665.0, 580.0], [81662.5, 1920.0], [81657.5, 3000.0], [81655.0, 14510.0], [81652.5, 580.0], [81650.0, 1920.0], [81647.5, 1350.0], [81645.0, 4510.0], [81635.0, 1520.0], [81632.5, 4510.0], [81630.0, 7900.0], [81627.5, 24440.0], [81617.5, 20.0], [81615.0, 1380.0], [81612.5, 4590.0], [81600.0, 1380.0], [81597.5, 4590.0]], "asks": [[81690.0, 10.0], [81692.5, 3480.0], [81695.0, 5200.0], [81702.5, 600.0], [81705.0, 4790.0], [81707.5, 4550.0], [81710.0, 10000.0], [81722.5, 1400.0], [81725.0, 6600.0], [81732.5, 1440.0], [81735.0, 4550.0], [81742.5, 7280.0], [81745.0, 26580.0], [81747.5, 4630.0], [81750.0, 2460.0], [81752.5, 570.0], [81757.5, 14750.0], [81760.0, 56680.0], [81765.0, 10280.0], [81767.5, 29670.0]]}}}
{"jsonrpc": "2.0", "method": "subscription", "params": {"channel": "book.BTC-21MAR25.none.20.100ms", "data": {"timestamp": 1741689050497, "change_id": 92212749202, "instrument_name": "BTC-21MAR25", "bids": [[81770.0, 1700.0], [81767.5, 1700.0], [81755.0, 6120.0], [81752.5, 7540.0], [81745.0, 87850.0], [81732.5, 15280.0], [81730.0, 6060.0], [81725.0, 24360.0], [81720.0, 4220.0], [81710.0, 4220.0], [81700.0, 4240.0], [81690.0, 4160.0], [81685.0, 20.0], [81680.0, 4310.0], [81670.0, 4240.0], [81640.0, 4170.0], [81625.0, 4220.0], [81617.5, 22700.0], [81615.0, 4240.0], [81605.0, 4310.0]], "asks": [[81785.0, 6090.0], [81792.5, 1700.0], [81795.0, 5980.0], [81800.0, 11840.0], [81805.0, 4250.0], [81815.0, 4270.0], [81825.0, 4210.0], [81835.0, 4250.0], [81842.5, 50000.0], [81845.0, 24060.0], [81847.5, 4300.0], [81850.0, 1020.0], [81857.5, 6300.0], [81875.0, 15390.0], [81877.5, 4220.0], [81880.0, 20.0], [81907.5, 4280.0], [81912.5, 22730.0], [81917.5, 4240.0], [81922.5, 45390.0]]}}}
{"jsonrpc": "2.0", "method": "subscription", "params": {"channel": "book.BTC-14MAR25.none.20.100ms", "data": {"timestamp": 1741689050987, "change_id": 92212750083, "instrument_name": "BTC-14MAR25", "bids": [[81682.5, 10.0], [81677.5, 1380.0], [81675.0, 14720.0], [81670.0, 29770.0], [81667.5, 1350.0], [81665.0, 5090.0], [81662.5, 1920.0], [81660.0, 22700.0], [81657.5, 61150.0], [81655.0, 14510.0], [81652.5, 580.0], [81650.0, 1920.0], [81647.5, 1350.0], [81645.0, 4510.0], [81635.0, 1520.0], [81632.5, 4510.0], [81630.0, 7900.0], [81627.5, 24440.0], [81617.5, 20.0], [81615.0, 1380.0]], "asks": [[81687.5, 600.0], [81692.5, 3480.0], [81695.0, 5200.0], [81702.5, 600.0], [81705.0, 4790.0], [81707.5, 4550.0], [81710.0, 10000.0], [81722.5, 1400.0], [81725.0, 6600.0], [81732.5, 1440.0], [81735.0, 4550.0], [81742.5, 7280.0], [81745.0, 26580.0], [81747.5, 4630.0], [81750.0, 2460.0], [81752.5, 570.0], [81757.5, 14750.0], [81760.0, 56680.0], [81765.0, 10280.0], [81767.5, 29670.0]]}}}
{"jsonrpc": "2.0", "method": "subscription", "params": {"channel": "book.BTC-21MAR25.none.20.100ms", "data": {"timestamp": 1741689051024, "change_id": 92212750127, "instrument_name": "BTC-21MAR25", "bids": [[81765.0, 2300.0], [81762.5, 1700.0], [81760.0, 5950.0], [81757.5, 5570.0], [81755.0, 13660.0], [81747.5, 4280.0], [81745.0, 14280.0], [81737.5, 4580.0], [81735.0, 15280.0], [81730.0, 6060.0], [81725.0, 24360.0], [81720.0, 4220.0], [81710.0, 4220.0], [81700.0, 4240.0], [81690.0, 4160.0], [81685.0, 20.0], [81680.0, 4310.0], [81670.0, 4240.0], [81640.0, 4170.0], [81625.0, 4220.0]], "asks": [[81780.0, 1830.0], [81785.0, 6090.0], [81790.0, 2300.0], [81792.5, 1700.0], [81795.0, 5980.0], [81797.5, 3550.0], [81800.0, 11840.0], [81802.5, 1280.0], [81805.0, 4250.0], [81815.0, 4270.0], [81825.0, 4210.0], [81835.0, 4250.0], [81842.5, 50000.0], [81845.0, 24060.0], [81847.5, 4300.0], [81850.0, 1020.0], [81857.5, 6300.0], [81875.0, 15390.0], [81877.5, 4220.0], [81880.0, 20.0]]}}}
{"jsonrpc": "2.0", "method": "subscription", "params": {"channel": "book.BTC-14MAR25.none.20.100ms", "data": {"timestamp": 1741689051375, "change_id": 92212750838, "instrument_name": "BTC-14MAR25", "bids": [[81675.0, 13530.0], [81672.5, 29770.0], [81670.0, 2560.0], [81667.5, 4600.0], [81665.0, 5090.0], [81662.5, 1920.0], [81660.0, 22700.0], [81657.5, 61150.0], [81655.0, 14510.0], [81647.5, 1350.0], [81645.0, 4510.0], [81635.0, 1520.0], [81632.5, 4510.0], [81630.0, 7900.0], [81627.5, 24440.0], [81625.0, 1920.0], [81617.5, 20.0], [81615.0, 1380.0], [81612.5, 4590.0], [81600.0, 1380.0]], "asks": [[81685.0, 2530.0], [81687.5, 600.0], [81690.0, 600.0], [81692.5, 1560.0], [81695.0, 5950.0], [81697.5, 4510.0], [81700.0, 1920.0], [81702.5, 600.0], [81705.0, 4790.0], [81707.5, 4550.0], [81710.0, 10000.0], [81722.5, 1400.0], [81725.0, 4680.0], [81732.5, 1370.0], [81735.0, 4550.0], [81740.0, 70.0], [81742.5, 7280.0], [81745.0, 26580.0], [81747.5, 4630.0], [81750.0, 2460.0]]}}}
{"jsonrpc": "2.0", "method": "subscription", "params": {"channel": "book.BTC-21MAR25.none.20.100ms", "data": {"timestamp": 1741689051321, "change_id": 92212750719, "instrument_name": "BTC-21MAR25", "bids": [[81765.0, 1020.0], [81762.5, 1700.0], [81760.0, 1700.0], [81757.5, 5570.0], [81755.0, 11820.0], [81752.5, 4440.0], [81750.0, 14790.0], [81747.5, 6120.0], [81745.0, 14280.0], [81737.5, 4580.0], [81735.0, 15280.0], [81730.0, 6060.0], [81725.0, 24360.0], [81720.0, 4220.0], [81710.0, 4220.0], [81700.0, 4240.0], [81690.0, 4160.0], [81685.0, 20.0], [81680.0, 4310.0], [81670.0, 4240.0]], "asks": [[81777.5, 3540.0], [81790.0, 2300.0], [81792.5, 1700.0], [81795.0, 5980.0], [81797.5, 3550.0], [81800.0, 11840.0], [81802.5, 1280.0], [81805.0, 4250.0], [81815.0, 4270.0], [81825.0, 4210.0], [81835.0, 4250.0], [81842.5, 50000.0], [81845.0, 24060.0], [81847.5, 4300.0], [81850.0, 1020.0], [81857.5, 6300.0], [81875.0, 15390.0], [81877.5, 4220.0], [81880.0, 20.0], [81907.5, 4280.0]]}}}
{"jsonrpc": "2.0", "method": "subscription", "params": {"channel": "book.BTC-14MAR25.none.20.100ms", "data": {"timestamp": 1741689051549, "change_id": 92212751020, "instrument_name": "BTC-14MAR25", "bids": [[81682.5, 10.0], [81675.0, 8930.0], [81672.5, 29770.0], [81670.0, 2560.0], [81667.5, 4600.0], [81665.0, 5090.0], [81662.5, 1920.0], [81660.0, 4350.0], [81655.0, 14510.0], [81647.5, 1350.0], [81645.0, 4510.0], [81635.0, 1520.0], [81632.5, 4510.0], [81630.0, 7900.0], [81627.5, 24440.0], [81625.0, 1920.0], [81617.5, 20.0], [81615.0, 1380.0], [81612.5, 4590.0], [81600.0, 1380.0]], "asks": [[81685.0, 2520.0], [81687.5, 600.0], [81690.0, 600.0], [81692.5, 1560.0], [81695.0, 5180.0], [81700.0, 1920.0], [81702.5, 600.0], [81705.0, 4790.0], [81707.5, 4550.0], [81710.0, 10000.0], [81722.5, 1400.0], [81725.0, 4680.0], [81732.5, 1370.0], [81735.0, 4550.0], [81740.0, 70.0], [81742.5, 7280.0], [81745.0, 26580.0], [81747.5, 4630.0], [81750.0, 2460.0], [81752.5, 570.0]]}}}
{"jsonrpc": "2.0", "method": "subscription", "params": {"channel": "book.BTC-21MAR25.none.20.100ms", "data": {"timestamp": 1741689051548, "change_id": 92212751017, "instrument_name": "BTC-21MAR25", "bids": [[81765.0, 1020.0], [81762.5, 1700.0], [81760.0, 1700.0], [81757.5, 5570.0], [81755.0, 11820.0], [81747.5, 6120.0], [81745.0, 14280.0], [81737.5, 4580.0], [81735.0, 15280.0], [81730.0, 6060.0], [81725.0, 24360.0], [81720.0, 4220.0], [81710.0, 4220.0], [81700.0, 4240.0], [81690.0, 4160.0], [81685.0, 20.0], [81680.0, 4310.0], [81670.0, 4240.0], [81640.0, 4170.0], [81625.0, 4220.0]], "asks": [[81777.5, 3540.0], [81790.0, 2300.0], [81792.5, 1700.0], [81795.0, 5980.0], [81797.5, 3550.0], [81800.0, 11840.0], [81802.5, 1280.0], [81805.0, 4250.0], [81815.0, 4270.0], [81825.0, 4210.0], [81835.0, 4250.0], [81842.5, 50000.0], [81845.0, 24060.0], [81847.5, 4300.0], [81850.0, 1020.0], [81857.5, 6300.0], [81875.0, 15390.0], [81877.5, 4220.0], [81880.0, 20.0], [81907.5, 4280.0]]}}}
{"jsonrpc": "2.0", "method": "subscription", "params": {"channel": "book.BTC-14MAR25.none.20.100ms", "data": {"timestamp": 1741689051844, "change_id": 92212751248, "instrument_name": "BTC-14MAR25", "bids": [[81680.0, 10.0], [81675.0, 8930.0], [81672.5, 29770.0], [81670.0, 2590.0], [81667.5, 4600.0], [81665.0, 5180.0], [81662.5, 1920.0], [81660.0, 4350.0], [81655.0, 14510.0], [81647.5, 1350.0], [81645.0, 4510.0], [81635.0, 1520.0], [81632.5, 4510.0], [81630.0, 7900.0], [81627.5, 24440.0], [81625.0, 1920.0], [81617.5, 20.0], [81615.0, 1380.0], [81612.5, 4590.0], [81600.0, 1380.0]], "asks": [[81685.0, 2520.0], [81687.5, 600.0], [81690.0, 600.0], [81692.5, 1560.0], [81695.0, 5180.0], [81700.0, 1920.0], [81702.5, 600.0], [81705.0, 4790.0], [81707.5, 4550.0], [81710.0, 10000.0], [81722.5, 1400.0], [81725.0, 4680.0], [81732.5, 1370.0], [81735.0, 4550.0], [81740.0, 70.0], [81742.5, 7280.0], [81745.0, 26580.0], [81747.5, 4630.0], [81750.0, 2460.0], [81752.5, 570.0]]}}}
{"jsonrpc": "2.0", "method": "subscription", "params": {"channel": "book.BTC-21MAR25.none.20.100ms", "data": {"timestamp": 1741689051983, "change_id": 92212751517, "instrument_name": "BTC-21MAR25", "bids": [[81767.5, 2980.0], [81765.0, 5270.0], [81762.5, 1700.0], [81760.0, 1700.0], [81757.5, 5570.0], [81755.0, 11820.0], [81747.5, 6120.0], [81745.0, 14280.0], [81737.5, 4580.0], [81735.0, 15280.0], [81730.0, 6060.0], [81727.5, 7310.0], [81725.0, 24360.0], [81720.0, 4220.0], [81710.0, 4220.0], [81700.0, 4240.0], [81690.0, 4160.0], [81685.0, 20.0], [81682.5, 1290.0], [81680.0, 4310.0]], "asks": [[81777.5, 3540.0], [81790.0, 2300.0], [81792.5, 1700.0], [81795.0, 5980.0], [81797.5, 3550.0], [81800.0, 11840.0], [81802.5, 1280.0], [81805.0, 4250.0], [81812.5, 1280.0], [81815.0, 4270.0], [81825.0, 4210.0], [81835.0, 4250.0], [81840.0, 22220.0], [81842.5, 50000.0], [81845.0, 24060.0], [81847.5, 4300.0], [81850.0, 1020.0], [81857.5, 6300.0], [81872.5, 4620.0], [81875.0, 15390.0]]}}}
{"jsonrpc": "2.0", "method": "subscription", "params": {"channel": "book.BTC-21MAR25.none.20.100ms", "data": {"timestamp": 1741689052173, "change_id": 92212751841, "instrument_name": "BTC-21MAR25", "bids": [[81770.0, 2210.0], [81767.5, 1700.0], [81765.0, 510.0], [81760.0, 1700.0], [81757.5, 5570.0], [81755.0, 11820.0], [81752.5, 510.0], [81750.0, 1700.0], [81747.5, 6120.0], [81745.0, 14280.0], [81737.5, 4580.0], [81735.0, 15280.0], [81730.0, 6060.0], [81727.5, 7310.0], [81725.0, 24360.0], [81720.0, 4220.0], [81710.0, 4220.0], [81700.0, 4240.0], [81690.0, 4160.0], [81685.0, 20.0]], "asks": [[81777.5, 3540.0], [81785.0, 510.0], [81787.5, 1700.0], [81790.0, 2300.0], [81792.5, 1700.0], [81795.0, 5980.0], [81797.5, 3550.0], [81800.0, 11840.0], [81802.5, 1280.0], [81805.0, 4250.0], [81812.5, 1280.0], [81815.0, 4270.0], [81825.0, 4210.0], [81835.0, 4250.0], [81840.0, 22220.0], [81842.5, 50000.0], [81845.0, 24060.0], [81847.5, 4300.0], [81850.0, 1020.0], [81857.5, 6300.0]]}}}
{"jsonrpc": "2.0", "method": "subscription", "params": {"channel": "book.BTC-14MAR25.none.20.100ms", "data": {"timestamp": 1741689052434, "change_id": 92212752214, "instrument_name": "BTC-14MAR25", "bids": [[81680.0, 10.0], [81675.0, 8930.0], [81672.5, 29770.0], [81670.0, 2590.0], [81667.5, 4600.0], [81665.0, 5180.0], [81662.5, 1920.0], [81660.0, 4350.0], [81657.5, 14340.0], [81655.0, 14510.0], [81647.5, 1350.0], [81645.0, 4510.0], [81635.0, 1520.0], [81632.5, 4510.0], [81630.0, 7900.0], [81627.5, 24440.0], [81625.0, 1920.0], [81617.5, 20.0], [81615.0, 1380.0], [81612.5, 4590.0]], "asks": [[81685.0, 2520.0], [81687.5, 600.0], [81690.0, 600.0], [81692.5, 1560.0], [81695.0, 5180.0], [81700.0, 1920.0], [81702.5, 600.0], [81705.0, 4790.0], [81707.5, 4550.0], [81710.0, 10000.0], [81722.5, 1400.0], [81725.0, 4680.0], [81732.5, 1370.0], [81735.0, 4550.0], [81740.0, 70.0], [81742.5, 7280.0], [81745.0, 26580.0], [81747.5, 4630.0], [81750.0, 2460.0], [81752.5, 570.0]]}}}
{"jsonrpc": "2.0", "method": "subscription", "params": {"channel": "book.BTC-21MAR25.none.20.100ms", "data": {"timestamp": 1741689052660, "change_id": 92212752406, "instrument_name": "BTC-21MAR25", "bids": [[81770.0, 2210.0], [81767.5, 1700.0], [81765.0, 510.0], [81760.0, 1700.0], [81757.5, 5570.0], [81755.0, 11820.0], [81752.5, 4750.0], [81750.0, 16050.0], [81747.5, 6120.0], [81745.0, 14280.0], [81737.5, 4580.0], [81735.0, 15280.0], [81730.0, 6060.0], [81727.5, 7310.0], [81725.0, 24360.0], [81710.0, 4220.0], [81700.0, 4240.0], [81690.0, 4160.0], [81685.0, 20.0], [81682.5, 1290.0]], "asks": [[81777.5, 3540.0], [81785.0, 510.0], [81787.5, 1700.0], [81790.0, 2300.0], [81792.5, 1700.0], [81795.0, 5980.0], [81797.5, 3550.0], [81800.0, 11840.0], [81802.5, 1280.0], [81805.0, 4250.0], [81812.5, 1280.0], [81815.0, 4270.0], [81825.0, 4210.0], [81835.0, 4250.0], [81840.0, 22220.0], [81842.5, 50000.0], [81845.0, 24060.0], [81847.5, 4300.0], [81850.0, 1020.0], [81857.5, 6300.0]]}}}
{"jsonrpc": "2.0", "method": "subscription", "params": {"channel": "book.BTC-14MAR25.none.20.100ms", "data": {"timestamp": 1741689052872, "change_id": 92212752621, "instrument_name": "BTC-14MAR25", "bids": [[81680.0, 10.0], [81675.0, 8930.0], [81672.5, 29770.0], [81670.0, 2590.0], [81667.5, 4600.0], [81665.0, 5180.0], [81662.5, 1920.0], [81660.0, 4350.0], [81657.5, 14340.0], [81655.0, 14510.0], [81647.5, 1350.0], [81645.0, 4510.0], [81635.0, 1520.0], [81632.5, 4510.0], [81630.0, 7900.0], [81627.5, 24440.0], [81625.0, 1920.0], [81617.5, 20.0], [81615.0, 1380.0], [81612.5, 4590.0]], "asks": [[81685.0, 1920.0], [81687.5, 600.0], [81690.0, 600.0], [81692.5, 1560.0], [81695.0, 4600.0], [81702.5, 600.0], [81705.0, 4790.0], [81707.5, 4550.0], [81710.0, 10000.0], [81722.5, 1400.0], [81725.0, 6600.0], [81732.5, 1370.0], [81735.0, 4550.0], [81740.0, 70.0], [81742.5, 7280.0], [81745.0, 26580.0], [81747.5, 4630.0], [81750.0, 2460.0], [81752.5, 570.0], [81757.5, 14750.0]]}}}
{"jsonrpc": "2.0", "method": "subscription", "params": {"channel": "book.BTC-14MAR25.none.20.100ms", "data": {"timestamp": 1741689053321, "change_id": 92212753566, "instrument_name": "BTC-14MAR25", "bids": [[81672.5, 29770.0], [81670.0, 1380.0], [81667.5, 4600.0], [81660.0, 8110.0], [81657.5, 14340.0], [81655.0, 16430.0], [81647.5, 1350.0], [81645.0, 4510.0], [81642.5, 570.0], [81640.0, 24640.0], [81635.0, 1520.0], [81632.5, 4510.0], [81630.0, 580.0], [81625.0, 1920.0], [81617.5, 20.0], [81615.0, 1380.0], [81612.5, 4590.0], [81600.0, 1380.0], [81597.5, 4590.0], [81590.0, 1400.0]], "asks": [[81682.5, 610.0], [81685.0, 1920.0], [81690.0, 600.0], [81692.5, 3170.0], [81695.0, 9200.0], [81702.5, 600.0], [81705.0, 4790.0], [81707.5, 4550.0], [81710.0, 10000.0], [81722.5, 1400.0], [81725.0, 6600.0], [81732.5, 1370.0], [81735.0, 4550.0], [81740.0, 70.0], [81742.5, 7280.0], [81745.0, 26580.0], [81747.5, 4630.0], [81750.0, 2460.0], [81752.5, 570.0], [81757.5, 14750.0]]}}}
{"jsonrpc": "2.0", "method": "subscription", "params": {"channel": "book.BTC-21MAR25.none.20.100ms", "data": {"timestamp": 1741689053292, "change_id": 92212753481, "instrument_name": "BTC-21MAR25", "bids": [[81762.5, 510.0], [81760.0, 1700.0], [81757.5, 4240.0], [81755.0, 9240.0], [81752.5, 4750.0], [81750.0, 16050.0], [81747.5, 6120.0], [81745.0, 14280.0], [81737.5, 4580.0], [81735.0, 15280.0], [81732.5, 1820.0], [81730.0, 6060.0], [81710.0, 29390.0], [81702.5, 1270.0], [81700.0, 4240.0], [81690.0, 4160.0], [81685.0, 20.0], [81682.5, 1290.0], [81680.0, 4310.0], [81672.5, 1270.0]], "asks": [[81772.5, 2210.0], [81775.0, 2250.0], [81777.5, 1840.0], [81782.5, 1280.0], [81785.0, 4790.0], [81787.5, 1700.0], [81790.0, 2300.0], [81792.5, 1700.0], [81795.0, 5980.0], [81797.5, 5250.0], [81800.0, 11840.0], [81802.5, 1280.0], [81805.0, 4250.0], [81812.5, 1280.0], [81815.0, 4270.0], [81822.5, 1260.0], [81825.0, 4210.0], [81835.0, 4250.0], [81840.0, 22220.0], [81842.5, 50000.0]]}}}
{"jsonrpc": "2.0", "method": "subscription", "params": {"channel": "book.BTC-14MAR25.none.20.100ms", "data": {"timestamp": 1741689053533, "change_id": 92212754035, "instrument_name": "BTC-14MAR25", "bids": [[81680.0, 10.0], [81675.0, 8620.0], [81672.5, 29770.0], [81670.0, 1380.0], [81667.5, 4600.0], [81660.0, 8110.0], [81657.5, 14340.0], [81655.0, 16430.0], [81647.5, 1350.0], [81645.0, 4510.0], [81642.5, 570.0], [81635.0, 1520.0], [81632.5, 4510.0], [81630.0, 580.0], [81625.0, 1920.0], [81622.5, 24040.0], [81617.5, 20.0], [81615.0, 1380.0], [81612.5, 4590.0], [81600.0, 1380.0]], "asks": [[81682.5, 600.0], [81685.0, 1920.0], [81690.0, 600.0], [81692.5, 3170.0], [81695.0, 9200.0], [81697.5, 3000.0], [81700.0, 10000.0], [81702.5, 600.0], [81705.0, 1970.0], [81707.5, 4550.0], [81722.5, 1400.0], [81725.0, 6600.0], [81732.5, 1370.0], [81735.0, 4550.0], [81740.0, 70.0], [81742.5, 7280.0], [81745.0, 26580.0], [81747.5, 4630.0], [81750.0, 2460.0], [81752.5, 570.0]]}}}
{"jsonrpc": "2.0", "method": "subscription", "params": {"channel": "book.BTC-21MAR25.none.20.100ms", "data": {"timestamp": 1741689053652, "change_id": 92212754180, "instrument_name": "BTC-21MAR25", "bids": [[81762.5, 510.0], [81760.0, 1700.0], [81757.5, 4240.0], [81755.0, 9240.0], [81752.5, 510.0], [81750.0, 1700.0], [81747.5, 6120.0], [81745.0, 14280.0], [81737.5, 4580.0], [81735.0, 15280.0], [81732.5, 1820.0], [81730.0, 6060.0], [81710.0, 29390.0], [81702.5, 1270.0], [81700.0, 4240.0], [81690.0, 4160.0], [81685.0, 20.0], [81682.5, 1290.0], [81680.0, 4310.0], [81672.5, 1270.0]], "asks": [[81775.0, 2250.0], [81777.5, 1840.0], [81782.5, 1280.0], [81785.0, 4790.0], [81787.5, 1700.0], [81790.0, 2300.0], [81792.5, 1700.0], [81795.0, 5980.0], [81797.5, 5250.0], [81800.0, 11840.0], [81802.5, 1280.0], [81805.0, 4250.0], [81812.5, 1280.0], [81815.0, 4270.0], [81822.5, 1260.0], [81825.0, 4210.0], [81835.0, 4250.0], [81840.0, 22220.0], [81842.5, 50000.0], [81845.0, 24060.0]]}}}
{"jsonrpc": "2.0", "method": "subscription", "params": {"channel": "book.BTC-14MAR25.none.20.100ms", "data": {"timestamp": 1741689053909, "change_id": 92212754876, "instrument_name": "BTC-14MAR25", "bids": [[81680.0, 10.0], [81675.0, 8620.0], [81672.5, 29770.0], [81670.0, 1380.0], [81667.5, 4600.0], [81660.0, 8110.0], [81657.5, 14340.0], [81655.0, 16430.0], [81647.5, 1350.0], [81645.0, 4510.0], [81642.5, 570.0], [81635.0, 1520.0], [81632.5, 4510.0], [81630.0, 580.0], [81625.0, 1920.0], [81622.5, 24040.0], [81617.5, 20.0], [81615.0, 1380.0], [81612.5, 4590.0], [81610.0, 3610.0]], "asks": [[81685.0, 1920.0], [81690.0, 600.0], [81692.5, 2160.0], [81695.0, 4600.0], [81697.5, 3000.0], [81700.0, 10000.0], [81702.5, 600.0], [81705.0, 1970.0], [81707.5, 4550.0], [81722.5, 1400.0], [81725.0, 6600.0], [81732.5, 1370.0], [81735.0, 4550.0], [81740.0, 70.0], [81742.5, 7280.0], [81745.0, 26580.0], [81747.5, 4630.0], [81750.0, 2460.0], [81752.5, 570.0], [81757.5, 14750.0]]}}}
{"jsonrpc": "2.0", "method": "subscription", "params": {"channel": "book.BTC-21MAR25.none.20.100ms", "data": {"timestamp": 1741689053965, "change_id": 92212754832, "instrument_name": "BTC-21MAR25", "bids": [[81772.5, 2210.0], [81770.0, 2720.0], [81767.5, 1700.0], [81765.0, 3490.0], [81762.5, 4250.0], [81760.0, 1700.0], [81757.5, 5440.0], [81755.0, 13520.0], [81752.5, 510.0], [81750.0, 1700.0], [81747.5, 6120.0], [81745.0, 14280.0], [81732.5, 17100.0], [81730.0, 6060.0], [81710.0, 29390.0], [81702.5, 1270.0], [81700.0, 4240.0], [81690.0, 4160.0], [81685.0, 20.0], [81682.5, 1290.0]], "asks": [[81777.5, 1840.0], [81785.0, 510.0], [81787.5, 1700.0], [81790.0, 2300.0], [81792.5, 1700.0], [81795.0, 5980.0], [81797.5, 5250.0], [81800.0, 11840.0], [81802.5, 1280.0], [81805.0, 4250.0], [81812.5, 1280.0], [81815.0, 4270.0], [81822.5, 1260.0], [81825.0, 4210.0], [81835.0, 4250.0], [81840.0, 22220.0], [81842.5, 50000.0], [81845.0, 24060.0], [81847.5, 4300.0], [81850.0, 1020.0]]}}}
{"jsonrpc": "2.0", "method": "subscription", "params": {"channel": "book.BTC-14MAR25.none.20.100ms", "data": {"timestamp": 1741689054081, "change_id": 92212754952, "instrument_name": "BTC-14MAR25", "bids": [[81680.0, 10.0], [81677.5, 600.0], [81675.0, 8620.0], [81672.5, 29770.0], [81670.0, 1380.0], [81667.5, 4600.0], [81660.0, 8110.0], [81657.5, 14340.0], [81655.0, 16430.0], [81647.5, 1350.0], [81645.0, 4510.0], [81642.5, 570.0], [81635.0, 1520.0], [81632.5, 4510.0], [81630.0, 580.0], [81625.0, 1920.0], [81622.5, 24040.0], [81617.5, 20.0], [81615.0, 1380.0], [81612.5, 4590.0]], "asks": [[81685.0, 1920.0], [81690.0, 600.0], [81692.5, 2160.0], [81695.0, 4600.0], [81697.5, 3000.0], [81700.0, 10000.0], [81702.5, 600.0], [81705.0, 1970.0], [81707.5, 4550.0], [81722.5, 1400.0], [81725.0, 6600.0], [81732.5, 1370.0], [81735.0, 4550.0], [81740.0, 70.0], [81742.5, 7280.0], [81745.0, 26580.0], [81747.5, 4630.0], [81750.0, 2460.0], [81752.5, 570.0], [81757.5, 14750.0]]}}}
{"jsonrpc": "2.0", "method": "subscription", "params": {"channel": "book.BTC-21MAR25.none.20.100ms", "data": {"timestamp": 1741689054117, "change_id": 92212755039, "instrument_name": "BTC-21MAR25", "bids": [[81772.5, 2210.0], [81770.0, 2720.0], [81767.5, 1700.0], [81765.0, 3490.0], [81762.5, 4250.0], [81760.0, 1700.0], [81757.5, 5440.0], [81755.0, 13520.0], [81752.5, 510.0], [81750.0, 1700.0], [81747.5, 20580.0], [81745.0, 64240.0], [81732.5, 17100.0], [81730.0, 6060.0], [81712.5, 8820.0], [81710.0, 29390.0], [81702.5, 1270.0], [81700.0, 4240.0], [81690.0, 4160.0], [81685.0, 20.0]], "asks": [[81777.5, 1840.0], [81785.0, 510.0], [81787.5, 1700.0], [81790.0, 2300.0], [81792.5, 1700.0], [81795.0, 5980.0], [81797.5, 5250.0], [81800.0, 13540.0], [81802.5, 1280.0], [81805.0, 4250.0], [81812.5, 1280.0], [81815.0, 4270.0], [81822.5, 1260.0], [81825.0, 4210.0], [81835.0, 4250.0], [81840.0, 22220.0], [81842.5, 50000.0], [81845.0, 25660.0], [81847.5, 4300.0], [81850.0, 1020.0]]}}}
{"jsonrpc": "2.0", "method": "subscription", "params": {"channel": "book.BTC-14MAR25.none.20.100ms", "data": {"timestamp": 1741689054922, "change_id": 92212755881, "instrument_name": "BTC-14MAR25", "bids": [[81680.0, 10.0], [81677.5, 600.0], [81675.0, 8620.0], [81672.5, 29770.0], [81670.0, 1380.0], [81667.5, 4600.0], [81660.0, 8110.0], [81657.5, 14340.0], [81655.0, 16430.0], [81647.5, 1350.0], [81645.0, 4510.0], [81642.5, 570.0], [81635.0, 1520.0], [81632.5, 4510.0], [81630.0, 580.0], [81625.0, 9130.0], [81622.5, 24040.0], [81617.5, 20.0], [81615.0, 1380.0], [81612.5, 4590.0]], "asks": [[81685.0, 1920.0], [81690.0, 600.0], [81692.5, 2160.0], [81695.0, 4600.0], [81697.5, 3000.0], [81700.0, 10000.0], [81702.5, 600.0], [81705.0, 1970.0], [81707.5, 4550.0], [81722.5, 1400.0], [81725.0, 6600.0], [81732.5, 1370.0], [81735.0, 4550.0], [81740.0, 70.0], [81742.5, 7280.0], [81745.0, 26580.0], [81747.5, 4630.0], [81750.0, 2460.0], [81752.5, 570.0], [81757.5, 14750.0]]}}}
{"jsonrpc": "2.0", "method": "subscription", "params": {"channel": "book.BTC-21MAR25.none.20.100ms", "data": {"timestamp": 1741689054893, "change_id": 92212755864, "instrument_name": "BTC-21MAR25", "bids": [[81772.5, 2210.0], [81770.0, 2720.0], [81767.5, 1700.0], [81765.0, 3490.0], [81762.5, 4250.0], [81760.0, 1700.0], [81757.5, 5440.0], [81755.0, 13520.0], [81752.5, 510.0], [81750.0, 1700.0], [81747.5, 6120.0], [81745.0, 14280.0], [81732.5, 17100.0], [81730.0, 6060.0], [81712.5, 8820.0], [81710.0, 29390.0], [81702.5, 1270.0], [81700.0, 4240.0], [81690.0, 4160.0], [81685.0, 20.0]], "asks": [[81777.5, 1840.0], [81785.0, 510.0], [81787.5, 1700.0], [81790.0, 2300.0], [81792.5, 1700.0], [81795.0, 5980.0], [81797.5, 5250.0], [81800.0, 13540.0], [81802.5, 1280.0], [81805.0, 4250.0], [81812.5, 1280.0], [81815.0, 4270.0], [81822.5, 1260.0], [81825.0, 4210.0], [81835.0, 4250.0], [81840.0, 22220.0], [81842.5, 50000.0], [81845.0, 25660.0], [81847.5, 4300.0], [81850.0, 1020.0]]}}}
{"jsonrpc": "2.0", "method": "subscription", "params": {"channel": "book.BTC-14MAR25.none.20.100ms", "data": {"timestamp": 1741689055332, "change_id": 92212756544, "instrument_name": "BTC-14MAR25", "bids": [[81682.5, 10.0], [81680.0, 600.0], [81677.5, 600.0], [81675.0, 8620.0], [81672.5, 29770.0], [81670.0, 1380.0], [81667.5, 4600.0], [81660.0, 8110.0], [81657.5, 14340.0], [81655.0, 16430.0], [81647.5, 1350.0], [81645.0, 4510.0], [81635.0, 1520.0], [81632.5, 4510.0], [81630.0, 580.0], [81625.0, 9130.0], [81622.5, 24040.0], [81617.5, 20.0], [81615.0, 1380.0], [81612.5, 4590.0]], "asks": [[81685.0, 1920.0], [81690.0, 600.0], [81692.5, 600.0], [81697.5, 3000.0], [81700.0, 10000.0], [81702.5, 600.0], [81705.0, 1970.0], [81707.5, 4550.0], [81722.5, 1400.0], [81725.0, 6600.0], [81732.5, 1370.0], [81735.0, 4550.0], [81740.0, 70.0], [81742.5, 7280.0], [81745.0, 26580.0], [81747.5, 4630.0], [81750.0, 2460.0], [81752.5, 570.0], [81757.5, 14750.0], [81760.0, 56680.0]]}}}
{"jsonrpc": "2.0", "method": "subscription", "params": {"channel": "book.BTC-21MAR25.none.20.100ms", "data": {"timestamp": 1741689055327, "change_id": 92212756540, "instrument_name": "BTC-21MAR25", "bids": [[81772.5, 1700.0], [81770.0, 1020.0], [81767.5, 1700.0], [81765.0, 3490.0], [81762.5, 4250.0], [81760.0, 1700.0], [81757.5, 5440.0], [81755.0, 13520.0], [81752.5, 6180.0], [81750.0, 20820.0], [81747.5, 6120.0], [81745.0, 14280.0], [81735.0, 6400.0], [81732.5, 15280.0], [81730.0, 6060.0], [81712.5, 8820.0], [81710.0, 29390.0], [81702.5, 1270.0], [81700.0, 4240.0], [81692.5, 1250.0]], "asks": [[81777.5, 1840.0], [81785.0, 510.0], [81787.5, 1700.0], [81790.0, 2300.0], [81792.5, 1700.0], [81795.0, 5980.0], [81797.5, 5250.0], [81800.0, 13540.0], [81802.5, 1280.0], [81805.0, 4250.0], [81812.5, 1280.0], [81815.0, 4270.0], [81822.5, 1260.0], [81825.0, 4210.0], [81832.5, 1280.0], [81835.0, 4250.0], [81840.0, 22220.0], [81842.5, 50000.0], [81845.0, 25660.0], [81847.5, 4300.0]]}}}
{"jsonrpc": "2.0", "method": "subscription", "params": {"channel": "book.BTC-14MAR25.none.20.100ms", "data": {"timestamp": 1741689055433, "change_id": 92212756709, "instrument_name": "BTC-14MAR25", "bids": [[81682.5, 10.0], [81680.0, 600.0], [81677.5, 600.0], [81675.0, 8620.0], [81672.5, 29770.0], [81670.0, 1380.0], [81667.5, 4600.0], [81660.0, 8110.0], [81657.5, 14340.0], [81655.0, 16430.0], [81647.5, 1350.0], [81645.0, 4510.0], [81640.0, 570.0], [81635.0, 1520.0], [81632.5, 4510.0], [81630.0, 580.0], [81625.0, 9130.0], [81622.5, 24040.0], [81617.5, 20.0], [81615.0, 1380.0]], "asks": [[81685.0, 1920.0], [81690.0, 600.0], [81692.5, 600.0], [81697.5, 3000.0], [81700.0, 10000.0], [81702.5, 600.0], [81705.0, 1970.0], [81707.5, 4550.0], [81722.5, 1400.0], [81725.0, 6600.0], [81732.5, 1370.0], [81735.0, 4550.0], [81740.0, 70.0], [81742.5, 7280.0], [81745.0, 26580.0], [81747.5, 4630.0], [81750.0, 2460.0], [81752.5, 570.0], [81757.5, 14750.0], [81760.0, 56680.0]]}}}
{"jsonrpc": "2.0", "method": "subscription", "params": {"channel": "book.BTC-14MAR25.none.20.100ms", "data": {"timestamp": 1741689055940, "change_id": 92212757462, "instrument_name": "BTC-14MAR25", "bids": [[81682.5, 10.0], [81680.0, 600.0], [81677.5, 600.0], [81675.0, 8620.0], [81672.5, 29770.0], [81670.0, 1380.0], [81667.5, 4600.0], [81660.0, 8110.0], [81657.5, 14340.0], [81655.0, 16430.0], [81647.5, 1350.0], [81645.0, 4510.0], [81640.0, 570.0], [81635.0, 1520.0], [81632.5, 4510.0], [81630.0, 580.0], [81625.0, 9130.0], [81622.5, 24040.0], [81617.5, 20.0], [81615.0, 2290.0]], "asks": [[81690.0, 600.0], [81692.5, 600.0], [81702.5, 600.0], [81705.0, 1970.0], [81707.5, 4550.0], [81710.0, 3000.0], [81712.5, 10000.0], [81722.5, 1400.0], [81725.0, 6600.0], [81732.5, 1370.0], [81735.0, 4550.0], [81740.0, 70.0], [81742.5, 7280.0], [81745.0, 26580.0], [81747.5, 4630.0], [81750.0, 2460.0], [81757.5, 14750.0], [81760.0, 56680.0], [81765.0, 10280.0], [81767.5, 29670.0]]}}}
{"jsonrpc": "2.0", "method": "subscription", "params": {"channel": "book.BTC-21MAR25.none.20.100ms", "data": {"timestamp": 1741689055941, "change_id": 92212757263, "instrument_name": "BTC-21MAR25", "bids": [[81770.0, 1020.0], [81767.5, 1700.0], [81765.0, 2210.0], [81760.0, 1700.0], [81757.5, 5440.0], [81755.0, 13520.0], [81752.5, 6180.0], [81750.0, 20820.0], [81747.5, 6120.0], [81745.0, 14280.0], [81735.0, 6400.0], [81732.5, 15280.0], [81730.0, 6060.0], [81712.5, 8820.0], [81710.0, 29390.0], [81702.5, 1270.0], [81700.0, 4240.0], [81692.5, 1250.0], [81690.0, 4160.0], [81685.0, 20.0]], "asks": [[81785.0, 510.0], [81787.5, 1700.0], [81790.0, 2300.0], [81792.5, 1700.0], [81795.0, 5980.0], [81797.5, 5250.0], [81800.0, 13540.0], [81802.5, 1280.0], [81805.0, 4250.0], [81812.5, 1280.0], [81815.0, 4270.0], [81822.5, 1260.0], [81825.0, 4210.0], [81832.5, 1280.0], [81835.0, 4250.0], [81840.0, 22220.0], [81842.5, 50000.0], [81845.0, 25660.0], [81847.5, 4300.0], [81850.0, 1020.0]]}}}
{"jsonrpc": "2.0", "method": "subscription", "params": {"channel": "book.BTC-14MAR25.none.20.100ms", "data": {"timestamp": 1741689056221, "change_id": 92212758000, "instrument_name": "BTC-14MAR25", "bids": [[81682.5, 10.0], [81677.5, 600.0], [81675.0, 8620.0], [81672.5, 29770.0], [81670.0, 1380.0], [81667.5, 4600.0], [81660.0, 8110.0], [81657.5, 14340.0], [81655.0, 16430.0], [81647.5, 1350.0], [81645.0, 4510.0], [81640.0, 570.0], [81635.0, 1520.0], [81632.5, 4510.0], [81630.0, 580.0], [81625.0, 9130.0], [81622.5, 24040.0], [81617.5, 20.0], [81615.0, 2290.0], [81612.5, 4590.0]], "asks": [[81690.0, 2520.0], [81692.5, 600.0], [81697.5, 1980.0], [81700.0, 4600.0], [81702.5, 600.0], [81705.0, 1970.0], [81707.5, 4550.0], [81710.0, 3000.0], [81712.5, 10000.0], [81722.5, 1400.0], [81725.0, 6600.0], [81732.5, 1370.0], [81735.0, 4550.0], [81740.0, 70.0], [81742.5, 7280.0], [81745.0, 26580.0], [81747.5, 5200.0], [81750.0, 2460.0], [81757.5, 14750.0], [81760.0, 56680.0]]}}}
{"jsonrpc": "2.0", "method": "subscription", "params": {"channel": "book.BTC-21MAR25.none.20.100ms", "data": {"timestamp": 1741689056311, "change_id": 92212758137, "instrument_name": "BTC-21MAR25", "bids": [[81772.5, 2210.0], [81770.0, 2210.0], [81767.5, 1700.0], [81765.0, 510.0], [81760.0, 1700.0], [81757.5, 5440.0], [81755.0, 13520.0], [81752.5, 6180.0], [81750.0, 20820.0], [81747.5, 6120.0], [81745.0, 14280.0], [81735.0, 6400.0], [81732.5, 15280.0], [81730.0, 6060.0], [81712.5, 8820.0], [81710.0, 29390.0], [81702.5, 1270.0], [81700.0, 4240.0], [81692.5, 1250.0], [81690.0, 4160.0]], "asks": [[81777.5, 1700.0], [81780.0, 1700.0], [81782.5, 3540.0], [81785.0, 510.0], [81787.5, 1700.0], [81790.0, 2300.0], [81792.5, 1700.0], [81795.0, 5980.0], [81797.5, 5250.0], [81800.0, 13540.0], [81802.5, 1280.0], [81805.0, 4250.0], [81812.5, 1280.0], [81815.0, 4270.0], [81822.5, 1260.0], [81825.0, 4210.0], [81832.5, 1280.0], [81835.0, 4250.0], [81840.0, 22220.0], [81842.5, 50000.0]]}}}
{"jsonrpc": "2.0", "method": "subscription", "params": {"channel": "book.BTC-14MAR25.none.20.100ms", "data": {"timestamp": 1741689056607, "change_id": 92212758812, "instrument_name": "BTC-14MAR25", "bids": [[81687.5, 10.0], [81685.0, 600.0], [81677.5, 600.0], [81675.0, 8620.0], [81672.5, 29770.0], [81667.5, 3300.0], [81665.0, 4600.0], [81660.0, 8110.0], [81657.5, 14340.0], [81655.0, 16430.0], [81647.5, 1350.0], [81645.0, 4510.0], [81640.0, 570.0], [81635.0, 1520.0], [81632.5, 4510.0], [81625.0, 7210.0], [81622.5, 24040.0], [81617.5, 20.0], [81615.0, 2290.0], [81612.5, 4590.0]], "asks": [[81690.0, 1920.0], [81697.5, 600.0], [81702.5, 600.0], [81705.0, 600.0], [81707.5, 1380.0], [81710.0, 7600.0], [81712.5, 10000.0], [81722.5, 1400.0], [81725.0, 6600.0], [81732.5, 1370.0], [81735.0, 4550.0], [81737.5, 7350.0], [81740.0, 24510.0], [81745.0, 2300.0], [81747.5, 5200.0], [81750.0, 2460.0], [81757.5, 14750.0], [81760.0, 54680.0], [81765.0, 10280.0], [81767.5, 29670.0]]}}}
{"jsonrpc": "2.0", "method": "subscription", "params": {"channel": "book.BTC-21MAR25.none.20.100ms", "data": {"timestamp": 1741689056615, "change_id": 92212758767, "instrument_name": "BTC-21MAR25", "bids": [[81777.5, 1700.0], [81775.0, 1020.0], [81772.5, 1700.0], [81770.0, 3400.0], [81767.5, 1700.0], [81765.0, 4690.0], [81760.0, 1700.0], [81757.5, 5440.0], [81755.0, 15360.0], [81752.5, 6180.0], [81750.0, 32420.0], [81747.5, 24370.0], [81745.0, 14280.0], [81735.0, 6400.0], [81732.5, 15280.0], [81730.0, 6060.0], [81712.5, 1270.0], [81710.0, 4220.0], [81702.5, 1270.0], [81700.0, 4240.0]], "asks": [[81782.5, 1840.0], [81790.0, 1020.0], [81792.5, 1700.0], [81795.0, 1700.0], [81797.5, 5250.0], [81800.0, 13540.0], [81802.5, 1280.0], [81805.0, 4250.0], [81812.5, 1280.0], [81815.0, 4270.0], [81822.5, 1260.0], [81825.0, 4210.0], [81832.5, 1280.0], [81835.0, 4250.0], [81840.0, 40320.0], [81842.5, 50000.0], [81845.0, 1600.0], [81847.5, 4300.0], [81850.0, 1020.0], [81855.0, 1890.0]]}}}
{"jsonrpc": "2.0", "method": "subscription", "params": {"channel": "book.BTC-14MAR25.none.20.100ms", "data": {"timestamp": 1741689056962, "change_id": 92212759328, "instrument_name": "BTC-14MAR25", "bids": [[81687.5, 10.0], [81685.0, 600.0], [81677.5, 600.0], [81675.0, 8620.0], [81672.5, 29770.0], [81667.5, 3300.0], [81665.0, 4600.0], [81660.0, 4350.0], [81655.0, 16430.0], [81647.5, 1350.0], [81645.0, 4510.0], [81640.0, 570.0], [81635.0, 1520.0], [81632.5, 4510.0], [81625.0, 7210.0], [81622.5, 24040.0], [81617.5, 20.0], [81615.0, 2290.0], [81612.5, 4590.0], [81610.0, 3610.0]], "asks": [[81690.0, 1920.0], [81697.5, 600.0], [81702.5, 600.0], [81705.0, 600.0], [81707.5, 1380.0], [81710.0, 7600.0], [81712.5, 10000.0], [81722.5, 1400.0], [81725.0, 6600.0], [81732.5, 1370.0], [81735.0, 4550.0], [81737.5, 7350.0], [81740.0, 24510.0], [81745.0, 2300.0], [81747.5, 5200.0], [81750.0, 2460.0], [81757.5, 14750.0], [81760.0, 54680.0], [81765.0, 10280.0], [81767.5, 29670.0]]}}}
{"jsonrpc": "2.0", "method": "subscription", "params": {"channel": "book.BTC-21MAR25.none.20.100ms", "data": {"timestamp": 1741689056977, "change_id": 92212759394, "instrument_name": "BTC-21MAR25", "bids": [[81777.5, 1700.0], [81775.0, 1020.0], [81772.5, 1700.0], [81770.0, 3400.0], [81767.5, 1700.0], [81765.0, 6890.0], [81760.0, 9240.0], [81757.5, 4240.0], [81755.0, 7820.0], [81752.5, 510.0], [81750.0, 13300.0], [81747.5, 24370.0], [81745.0, 14280.0], [81737.5, 15280.0], [81730.0, 6060.0], [81712.5, 1270.0], [81710.0, 4220.0], [81702.5, 1270.0], [81700.0, 4240.0], [81692.5, 1250.0]], "asks": [[81782.5, 1840.0], [81790.0, 1020.0], [81792.5, 1700.0], [81795.0, 1700.0], [81797.5, 5250.0], [81800.0, 13540.0], [81802.5, 1280.0], [81805.0, 4250.0], [81812.5, 1280.0], [81815.0, 4270.0], [81822.5, 1260.0], [81825.0, 4210.0], [81832.5, 1280.0], [81835.0, 4250.0], [81840.0, 40320.0], [81842.5, 50000.0], [81845.0, 1600.0], [81847.5, 4300.0], [81850.0, 1020.0], [81855.0, 1890.0]]}}}
{"jsonrpc": "2.0", "method": "subscription", "params": {"channel": "book.BTC-14MAR25.none.20.100ms", "data": {"timestamp": 1741689057113, "change_id": 92212759896, "instrument_name": "BTC-14MAR25", "bids": [[81687.5, 10.0], [81682.5, 600.0], [81680.0, 1560.0], [81677.5, 5200.0], [81675.0, 8620.0], [81672.5, 29770.0], [81667.5, 3300.0], [81665.0, 4600.0], [81660.0, 4350.0], [81655.0, 16430.0], [81647.5, 1350.0], [81645.0, 4510.0], [81640.0, 570.0], [81635.0, 1520.0], [81632.5, 4510.0], [81625.0, 7210.0], [81622.5, 24040.0], [81617.5, 20.0], [81615.0, 2290.0], [81612.5, 4590.0]], "asks": [[81690.0, 1920.0], [81705.0, 600.0], [81707.5, 1980.0], [81710.0, 7600.0], [81712.5, 10000.0], [81722.5, 1400.0], [81725.0, 6600.0], [81732.5, 1370.0], [81735.0, 4550.0], [81737.5, 7350.0], [81740.0, 24510.0], [81745.0, 2300.0], [81747.5, 4630.0], [81750.0, 2460.0], [81752.5, 570.0], [81757.5, 14750.0], [81760.0, 54680.0], [81765.0, 10280.0], [81767.5, 29670.0], [81770.0, 4590.0]]}}}
{"jsonrpc": "2.0", "method": "subscription", "params": {"channel": "book.BTC-21MAR25.none.20.100ms", "data": {"timestamp": 1741689057080, "change_id": 92212759490, "instrument_name": "BTC-21MAR25", "bids": [[81777.5, 1700.0], [81775.0, 510.0], [81772.5, 1700.0], [81770.0, 1700.0], [81767.5, 1700.0], [81765.0, 6890.0], [81762.5, 1700.0], [81760.0, 9240.0], [81757.5, 3540.0], [81755.0, 6120.0], [81750.0, 11600.0], [81747.5, 24370.0], [81745.0, 14280.0], [81737.5, 15280.0], [81730.0, 6060.0], [81712.5, 1270.0], [81710.0, 4220.0], [81702.5, 1270.0], [81700.0, 4240.0], [81692.5, 1250.0]], "asks": [[81782.5, 1840.0], [81790.0, 510.0], [81795.0, 1700.0], [81797.5, 5250.0], [81800.0, 13540.0], [81802.5, 2980.0], [81805.0, 4250.0], [81812.5, 1280.0], [81815.0, 4270.0], [81822.5, 1260.0], [81825.0, 4210.0], [81832.5, 1280.0], [81835.0, 4250.0], [81840.0, 40320.0], [81842.5, 50000.0], [81845.0, 1600.0], [81847.5, 4300.0], [81850.0, 1020.0], [81855.0, 1890.0], [81857.5, 6300.0]]}}}
{"jsonrpc": "2.0", "method": "subscription", "params": {"channel": "book.BTC-14MAR25.none.20.100ms", "data": {"timestamp": 1741689057584, "change_id": 92212760335, "instrument_name": "BTC-14MAR25", "bids": [[81687.5, 4610.0], [81682.5, 600.0], [81680.0, 1560.0], [81677.5, 5200.0], [81675.0, 8620.0], [81672.5, 29770.0], [81667.5, 3300.0], [81665.0, 4600.0], [81660.0, 4350.0], [81655.0, 16430.0], [81647.5, 1350.0], [81645.0, 4510.0], [81640.0, 570.0], [81635.0, 1520.0], [81632.5, 4510.0], [81625.0, 7210.0], [81622.5, 24040.0], [81617.5, 20.0], [81615.0, 2290.0], [81612.5, 4590.0]], "asks": [[81690.0, 1920.0], [81705.0, 600.0], [81707.5, 1980.0], [81710.0, 7600.0], [81712.5, 10000.0], [81722.5, 1400.0], [81725.0, 6600.0], [81732.5, 1370.0], [81735.0, 4550.0], [81737.5, 7350.0], [81740.0, 24510.0], [81745.0, 2300.0], [81747.5, 4630.0], [81750.0, 2460.0], [81752.5, 570.0], [81757.5, 14750.0], [81760.0, 54680.0], [81765.0, 10280.0], [81767.5, 29670.0], [81770.0, 4590.0]]}}}
{"jsonrpc": "2.0", "method": "subscription", "params": {"channel": "book.BTC-21MAR25.none.20.100ms", "data": {"timestamp": 1741689057517, "change_id": 92212760295, "instrument_name": "BTC-21MAR25", "bids": [[81775.0, 510.0], [81772.5, 1700.0], [81770.0, 1700.0], [81767.5, 1700.0], [81765.0, 6890.0], [81762.5, 1700.0], [81760.0, 9240.0], [81757.5, 20130.0], [81755.0, 62190.0], [81750.0, 11600.0], [81747.5, 24370.0], [81745.0, 14280.0], [81737.5, 15280.0], [81730.0, 6060.0], [81712.5, 1270.0], [81710.0, 4220.0], [81702.5, 1270.0], [81700.0, 4240.0], [81692.5, 1250.0], [81690.0, 4160.0]], "asks": [[81782.5, 1840.0], [81790.0, 510.0], [81795.0, 1700.0], [81797.5, 5250.0], [81800.0, 13540.0], [81802.5, 2980.0], [81805.0, 4250.0], [81812.5, 1280.0], [81815.0, 4270.0], [81822.5, 1260.0], [81825.0, 4210.0], [81832.5, 1280.0], [81835.0, 4250.0], [81840.0, 40320.0], [81842.5, 50000.0], [81845.0, 1600.0], [81847.5, 4300.0], [81850.0, 1020.0], [81855.0, 1890.0], [81857.5, 6300.0]]}}}
{"jsonrpc": "2.0", "method": "subscription", "params": {"channel": "book.BTC-14MAR25.none.20.100ms", "data": {"timestamp": 1741689057980, "change_id": 92212760940, "instrument_name": "BTC-14MAR25", "bids": [[81677.5, 5200.0], [81672.5, 29770.0], [81667.5, 1920.0], [81665.0, 4600.0], [81655.0, 16430.0], [81645.0, 4510.0], [81640.0, 570.0], [81632.5, 4510.0], [81622.5, 24040.0], [81617.5, 20.0], [81615.0, 1440.0], [81612.5, 4590.0], [81610.0, 3610.0], [81597.5, 4590.0], [81587.5, 4680.0], [81577.5, 4670.0], [81567.5, 14470.0], [81562.5, 35090.0], [81552.5, 4720.0], [81545.0, 4750.0]], "asks": [[81690.0, 2520.0], [81692.5, 600.0], [81695.0, 610.0], [81697.5, 4600.0], [81702.5, 1560.0], [81705.0, 5200.0], [81707.5, 600.0], [81710.0, 3000.0], [81712.5, 10000.0], [81715.0, 4600.0], [81725.0, 6600.0], [81735.0, 4550.0], [81737.5, 50000.0], [81740.0, 24510.0], [81747.5, 4630.0], [81750.0, 2460.0], [81755.0, 570.0], [81760.0, 4680.0], [81767.5, 29670.0], [81770.0, 4590.0]]}}}
{"jsonrpc": "2.0", "method": "subscription", "params": {"channel": "book.BTC-21MAR25.none.20.100ms", "data": {"timestamp": 1741689057982, "change_id": 92212760925, "instrument_name": "BTC-21MAR25", "bids": [[81770.0, 1700.0], [81767.5, 1700.0], [81762.5, 1700.0], [81760.0, 9240.0], [81757.5, 1700.0], [81755.0, 6120.0], [81747.5, 24370.0], [81745.0, 14280.0], [81737.5, 15280.0], [81730.0, 6060.0], [81710.0, 4220.0], [81700.0, 4240.0], [81690.0, 4160.0], [81685.0, 20.0], [81680.0, 4310.0], [81670.0, 4240.0], [81640.0, 4170.0], [81625.0, 4220.0], [81617.5, 22700.0], [81615.0, 4240.0]], "asks": [[81777.5, 1700.0], [81780.0, 1700.0], [81782.5, 1840.0], [81792.5, 4180.0], [81795.0, 1700.0], [81797.5, 1700.0], [81800.0, 13540.0], [81802.5, 1700.0], [81805.0, 4250.0], [81815.0, 4270.0], [81825.0, 4210.0], [81835.0, 4250.0], [81840.0, 25320.0], [81842.5, 50000.0], [81847.5, 4300.0], [81850.0, 1020.0], [81857.5, 6300.0], [81877.5, 4220.0], [81880.0, 20.0], [81902.5, 15390.0]]}}}
{"jsonrpc": "2.0", "method": "subscription", "params": {"channel": "book.BTC-14MAR25.none.20.100ms", "data": {"timestamp": 1741689058043, "change_id": 92212761135, "instrument_name": "BTC-14MAR25", "bids": [[81682.5, 10.0], [81680.0, 1560.0], [81677.5, 5200.0], [81672.5, 29770.0], [81667.5, 1920.0], [81665.0, 4600.0], [81655.0, 16430.0], [81645.0, 4510.0], [81640.0, 570.0], [81632.5, 4510.0], [81622.5, 24040.0], [81617.5, 20.0], [81615.0, 1440.0], [81612.5, 4590.0], [81610.0, 3610.0], [81597.5, 4590.0], [81587.5, 4680.0], [81577.5, 4670.0], [81567.5, 14470.0], [81562.5, 35090.0]], "asks": [[81690.0, 2520.0], [81692.5, 600.0], [81695.0, 610.0], [81697.5, 4600.0], [81702.5, 1560.0], [81705.0, 5200.0], [81707.5, 600.0], [81710.0, 3000.0], [81712.5, 10000.0], [81715.0, 4600.0], [81725.0, 6600.0], [81735.0, 4550.0], [81737.5, 50000.0], [81740.0, 24510.0], [81747.5, 4630.0], [81750.0, 2460.0], [81755.0, 570.0], [81760.0, 4680.0], [81767.5, 29670.0], [81770.0, 4590.0]]}}}
{"jsonrpc": "2.0", "method": "subscription", "params": {"channel": "book.BTC-21MAR25.none.20.100ms", "data": {"timestamp": 1741689058220, "change_id": 92212761462, "instrument_name": "BTC-21MAR25", "bids": [[81770.0, 1700.0], [81762.5, 1700.0], [81760.0, 7540.0], [81757.5, 75280.0], [81755.0, 6120.0], [81750.0, 1700.0], [81747.5, 24370.0], [81745.0, 14280.0], [81737.5, 15280.0], [81730.0, 6060.0], [81710.0, 4220.0], [81700.0, 4240.0], [81690.0, 4160.0], [81685.0, 20.0], [81680.0, 4310.0], [81670.0, 4240.0], [81640.0, 4170.0], [81625.0, 4220.0], [81617.5, 22700.0], [81615.0, 4240.0]], "asks": [[81777.5, 1700.0], [81780.0, 1700.0], [81782.5, 1840.0], [81790.0, 1700.0], [81792.5, 4180.0], [81797.5, 1700.0], [81800.0, 13540.0], [81802.5, 1700.0], [81805.0, 4250.0], [81815.0, 4270.0], [81825.0, 4210.0], [81835.0, 4250.0], [81840.0, 25320.0], [81842.5, 50000.0], [81847.5, 4300.0], [81850.0, 1020.0], [81857.5, 6300.0], [81877.5, 4220.0], [81880.0, 20.0], [81902.5, 15390.0]]}}}
{"jsonrpc": "2.0", "method": "subscription", "params": {"channel": "book.BTC-14MAR25.none.20.100ms", "data": {"timestamp": 1741689058632, "change_id": 92212761980, "instrument_name": "BTC-14MAR25", "bids": [[81687.5, 10.0], [81685.0, 1380.0], [81682.5, 4600.0], [81680.0, 1560.0], [81677.5, 5200.0], [81675.0, 8930.0], [81672.5, 29770.0], [81670.0, 1960.0], [81667.5, 1920.0], [81665.0, 4600.0], [81662.5, 60800.0], [81655.0, 16430.0], [81645.0, 4510.0], [81640.0, 570.0], [81632.5, 4510.0], [81622.5, 24040.0], [81617.5, 20.0], [81615.0, 1440.0], [81612.5, 4590.0], [81610.0, 3610.0]], "asks": [[81690.0, 2520.0], [81692.5, 600.0], [81695.0, 600.0], [81705.0, 600.0], [81707.5, 600.0], [81710.0, 3000.0], [81712.5, 10000.0], [81715.0, 4600.0], [81725.0, 6600.0], [81735.0, 4550.0], [81737.5, 50000.0], [81740.0, 24510.0], [81747.5, 4630.0], [81750.0, 2460.0], [81755.0, 570.0], [81760.0, 4680.0], [81767.5, 29670.0], [81770.0, 4590.0], [81780.0, 4670.0], [81785.0, 2000.0]]}}}
{"jsonrpc": "2.0", "method": "subscription", "params": {"channel": "book.BTC-21MAR25.none.20.100ms", "data": {"timestamp": 1741689058563, "change_id": 92212761934, "instrument_name": "BTC-21MAR25", "bids": [[81775.0, 2210.0], [81772.5, 1700.0], [81767.5, 1250.0], [81765.0, 4180.0], [81762.5, 3960.0], [81760.0, 31960.0], [81757.5, 75280.0], [81755.0, 6120.0], [81752.5, 510.0], [81750.0, 13300.0], [81747.5, 24370.0], [81745.0, 14280.0], [81737.5, 15280.0], [81730.0, 6060.0], [81712.5, 1270.0], [81710.0, 4220.0], [81700.0, 4240.0], [81690.0, 4160.0], [81685.0, 20.0], [81680.0, 4310.0]], "asks": [[81780.0, 1700.0], [81782.5, 1840.0], [81787.5, 510.0], [81790.0, 2950.0], [81792.5, 4180.0], [81797.5, 5760.0], [81800.0, 15330.0], [81802.5, 1700.0], [81805.0, 4250.0], [81815.0, 4270.0], [81822.5, 1260.0], [81825.0, 4210.0], [81835.0, 4250.0], [81840.0, 25320.0], [81842.5, 50000.0], [81847.5, 4300.0], [81850.0, 1020.0], [81855.0, 1890.0], [81857.5, 6300.0], [81877.5, 4220.0]]}}}
{"jsonrpc": "2.0", "method": "subscription", "params": {"channel": "book.BTC-14MAR25.none.20.100ms", "data": {"timestamp": 1741689058951, "change_id": 92212762253, "instrument_name": "BTC-14MAR25", "bids": [[81687.5, 10.0], [81685.0, 1380.0], [81682.5, 4600.0], [81680.0, 1560.0], [81677.5, 5200.0], [81675.0, 8930.0], [81672.5, 29770.0], [81670.0, 1960.0], [81667.5, 1920.0], [81665.0, 22840.0], [81662.5, 60800.0], [81655.0, 16430.0], [81645.0, 4510.0], [81640.0, 570.0], [81632.5, 4510.0], [81625.0, 7210.0], [81622.5, 24040.0], [81617.5, 20.0], [81615.0, 1440.0], [81612.5, 4590.0]], "asks": [[81690.0, 2520.0], [81692.5, 600.0], [81695.0, 600.0], [81705.0, 600.0], [81707.5, 600.0], [81710.0, 3000.0], [81712.5, 10000.0], [81715.0, 4600.0], [81725.0, 6600.0], [81735.0, 26900.0], [81737.5, 50000.0], [81740.0, 24510.0], [81747.5, 4630.0], [81750.0, 2460.0], [81755.0, 570.0], [81760.0, 4680.0], [81765.0, 10280.0], [81767.5, 29670.0], [81770.0, 4590.0], [81780.0, 4670.0]]}}}
{"jsonrpc": "2.0", "method": "subscription", "params": {"channel": "book.BTC-21MAR25.none.20.100ms", "data": {"timestamp": 1741689058948, "change_id": 92212762246, "instrument_name": "BTC-21MAR25", "bids": [[81775.0, 2210.0], [81772.5, 1700.0], [81767.5, 1250.0], [81765.0, 4180.0], [81762.5, 3960.0], [81760.0, 31960.0], [81757.5, 75280.0], [81755.0, 6120.0], [81752.5, 510.0], [81750.0, 13300.0], [81747.5, 24370.0], [81745.0, 14280.0], [81737.5, 15280.0], [81730.0, 6060.0], [81712.5, 1270.0], [81710.0, 4220.0], [81700.0, 4240.0], [81690.0, 4160.0], [81685.0, 20.0], [81680.0, 4310.0]], "asks": [[81780.0, 1700.0], [81782.5, 1840.0], [81787.5, 510.0], [81790.0, 2950.0], [81792.5, 4180.0], [81797.5, 5760.0], [81800.0, 15330.0], [81802.5, 1700.0], [81805.0, 4250.0], [81815.0, 4270.0], [81822.5, 1260.0], [81825.0, 4210.0], [81835.0, 4250.0], [81840.0, 25320.0], [81842.5, 50000.0], [81847.5, 4300.0], [81850.0, 1020.0], [81855.0, 1890.0], [81857.5, 6300.0], [81877.5, 4220.0]]}}}
{"jsonrpc": "2.0", "method": "subscription", "params": {"channel": "book.BTC-14MAR25.none.20.100ms", "data": {"timestamp": 1741689059186, "change_id": 92212762736, "instrument_name": "BTC-14MAR25", "bids": [[81687.5, 10.0], [81680.0, 1560.0], [81677.5, 5200.0], [81675.0, 8930.0], [81672.5, 29770.0], [81670.0, 1960.0], [81667.5, 1920.0], [81665.0, 22840.0], [81662.5, 60800.0], [81655.0, 16430.0], [81645.0, 4510.0], [81640.0, 570.0], [81632.5, 4510.0], [81625.0, 7210.0], [81622.5, 24040.0], [81617.5, 20.0], [81615.0, 1440.0], [81612.5, 4590.0], [81610.0, 3610.0], [81597.5, 4590.0]], "asks": [[81690.0, 1920.0], [81707.5, 600.0], [81710.0, 3600.0], [81712.5, 10000.0], [81715.0, 4600.0], [81725.0, 6600.0], [81735.0, 26900.0], [81737.5, 50000.0], [81740.0, 24510.0], [81747.5, 4630.0], [81750.0, 2460.0], [81755.0, 570.0], [81760.0, 4680.0], [81765.0, 10280.0], [81767.5, 29670.0], [81770.0, 4590.0], [81780.0, 4670.0], [81785.0, 2000.0], [81790.0, 4600.0], [81797.5, 8990.0]]}}}
