{"jsonrpc": "2.0", "id": 1, "result": ["book.BTC-7NOV25.none.20.100ms"], "usIn": 1761733633872030, "usOut": 1761733633872247, "usDiff": 217, "testnet": false}
{"jsonrpc": "2.0", "method": "subscription", "params": {"channel": "book.BTC-7NOV25.none.20.100ms", "data": {"timestamp": 1761733633713, "change_id": 124145597165, "instrument_name": "BTC-7NOV25", "bids": [[113277.5, 4990.0], [113275.0, 12500.0], [113272.5, 3100.0], [113270.0, 16630.0], [113267.5, 35770.0], [113265.0, 8990.0], [113262.5, 6100.0], [113260.0, 970.0], [113257.5, 3100.0], [113255.0, 61610.0], [113252.5, 126370.0], [113250.0, 96750.0], [113245.0, 10680.0], [113242.5, 35770.0], [113237.5, 390.0], [113235.0, 2190.0], [113232.5, 3000.0], [113227.5, 1440.0], [113225.0, 4840.0], [113210.0, 390.0]], "asks": [[113280.0, 4850.0], [113287.5, 10940.0], [113290.0, 36780.0], [113295.0, 2050.0], [113300.0, 32050.0], [113302.5, 50020.0], [113305.0, 46660.0], [113307.5, 200.0], [113310.0, 14080.0], [113312.5, 37080.0], [113322.5, 1440.0], [113325.0, 4840.0], [113392.5, 390.0], [113395.0, 1320.0], [113400.0, 7320.0], [113402.5, 24520.0], [113405.0, 1920.0], [113407.5, 6420.0], [113412.5, 390.0], [113415.0, 1310.0]]}}}
{"jsonrpc": "2.0", "method": "subscription", "params": {"channel": "book.BTC-7NOV25.none.20.100ms", "data": {"timestamp": 1761733633713, "change_id": 124145597165, "instrument_name": "BTC-7NOV25", "bids": [[113277.5, 4990.0], [113275.0, 12500.0], [113272.5, 3100.0], [113270.0, 16630.0], [113267.5, 35770.0], [113265.0, 8990.0], [113262.5, 6100.0], [113260.0, 970.0], [113257.5, 3100.0], [113255.0, 61610.0], [113252.5, 126370.0], [113250.0, 96750.0], [113245.0, 10680.0], [113242.5, 35770.0], [113237.5, 390.0], [113235.0, 2190.0], [113232.5, 3000.0], [113227.5, 1440.0], [113225.0, 4840.0], [113210.0, 390.0]], "asks": [[113280.0, 4850.0], [113287.5, 10940.0], [113290.0, 36780.0], [113295.0, 2050.0], [113300.0, 32050.0], [113302.5, 50020.0], [113305.0, 46660.0], [113307.5, 200.0], [113310.0, 14080.0], [113312.5, 37080.0], [113322.5, 1440.0], [113325.0, 4840.0], [113392.5, 390.0], [113395.0, 1320.0], [113400.0, 7320.0], [113402.5, 24520.0], [113405.0, 1920.0], [113407.5, 6420.0], [113412.5, 390.0], [113415.0, 1310.0]]}}}
{"jsonrpc": "2.0", "method": "subscription", "params": {"channel": "book.BTC-7NOV25.none.20.100ms", "data": {"timestamp": 1761733634069, "change_id": 124145597401, "instrument_name": "BTC-7NOV25", "bids": [[113277.5, 5240.0], [113275.0, 12500.0], [113272.5, 3100.0], [113270.0, 16630.0], [113267.5, 40770.0], [113265.0, 8990.0], [113262.5, 6100.0], [113260.0, 970.0], [113257.5, 3100.0], [113255.0, 61610.0], [113252.5, 126370.0], [113250.0, 96750.0], [113245.0, 10680.0], [113242.5, 35770.0], [113237.5, 390.0], [113235.0, 2190.0], [113232.5, 3000.0], [113227.5, 1440.0], [113225.0, 4840.0], [113210.0, 390.0]], "asks": [[113280.0, 4850.0], [113287.5, 10940.0], [113290.0, 36780.0], [113295.0, 2050.0], [113300.0, 32050.0], [113302.5, 50020.0], [113305.0, 46660.0], [113307.5, 200.0], [113310.0, 14080.0], [113312.5, 37080.0], [113322.5, 1440.0], [113325.0, 4840.0], [113392.5, 390.0], [113395.0, 1320.0], [113400.0, 7320.0], [113402.5, 24520.0], [113405.0, 1920.0], [113407.5, 6420.0], [113412.5, 390.0], [113415.0, 1310.0]]}}}
{"jsonrpc": "2.0", "method": "subscription", "params": {"channel": "book.BTC-7NOV25.none.20.100ms", "data": {"timestamp": 1761733634847, "change_id": 124145598328, "instrument_name": "BTC-7NOV25", "bids": [[113277.5, 5610.0], [113275.0, 12500.0], [113272.5, 3100.0], [113270.0, 16630.0], [113267.5, 45610.0], [113265.0, 4150.0], [113262.5, 6100.0], [113260.0, 970.0], [113257.5, 3100.0], [113255.0, 61610.0], [113252.5, 126370.0], [113250.0, 96750.0], [113245.0, 10680.0], [113242.5, 35770.0], [113237.5, 390.0], [113235.0, 2190.0], [113232.5, 3000.0], [113227.5, 1440.0], [113225.0, 4840.0], [113210.0, 390.0]], "asks": [[113280.0, 4850.0], [113287.5, 10940.0], [113290.0, 36780.0], [113295.0, 2050.0], [113300.0, 32050.0], [113302.5, 50020.0], [113305.0, 46660.0], [113307.5, 200.0], [113310.0, 14080.0], [113312.5, 37080.0], [113322.5, 1440.0], [113325.0, 4840.0], [113392.5, 390.0], [113395.0, 1320.0], [113400.0, 7320.0], [113402.5, 24520.0], [113405.0, 1920.0], [113407.5, 6420.0], [113412.5, 390.0], [113415.0, 1310.0]]}}}
{"jsonrpc": "2.0", "method": "subscription", "params": {"channel": "book.BTC-7NOV25.none.20.100ms", "data": {"timestamp": 1761733635075, "change_id": 124145598419, "instrument_name": "BTC-7NOV25", "bids": [[113277.5, 5610.0], [113275.0, 12500.0], [113272.5, 3100.0], [113270.0, 16630.0], [113267.5, 50610.0], [113265.0, 4150.0], [113262.5, 6100.0], [113260.0, 970.0], [113257.5, 3100.0], [113255.0, 61610.0], [113252.5, 126370.0], [113250.0, 96750.0], [113245.0, 10680.0], [113242.5, 35770.0], [113237.5, 390.0], [113235.0, 2190.0], [113232.5, 3000.0], [113227.5, 1440.0], [113225.0, 4840.0], [113210.0, 390.0]], "asks": [[113280.0, 4850.0], [113287.5, 10940.0], [113290.0, 36780.0], [113295.0, 2050.0], [113300.0, 32050.0], [113302.5, 50020.0], [113305.0, 46660.0], [113307.5, 200.0], [113310.0, 14080.0], [113312.5, 37080.0], [113322.5, 1440.0], [113325.0, 4840.0], [113392.5, 390.0], [113395.0, 1320.0], [113400.0, 7320.0], [113402.5, 24520.0], [113405.0, 1920.0], [113407.5, 6420.0], [113412.5, 390.0], [113415.0, 1310.0]]}}}
{"jsonrpc": "2.0", "method": "subscription", "params": {"channel": "book.BTC-7NOV25.none.20.100ms", "data": {"timestamp": 1761733636849, "change_id": 124145600392, "instrument_name": "BTC-7NOV25", "bids": [[113277.5, 5240.0], [113275.0, 12500.0], [113272.5, 3100.0], [113270.0, 16630.0], [113267.5, 50610.0], [113265.0, 4150.0], [113262.5, 6100.0], [113260.0, 970.0], [113257.5, 3100.0], [113255.0, 61610.0], [113252.5, 126370.0], [113250.0, 96750.0], [113245.0, 10680.0], [113242.5, 35770.0], [113237.5, 390.0], [113235.0, 2190.0], [113232.5, 3000.0], [113227.5, 1440.0], [113225.0, 4840.0], [113210.0, 390.0]], "asks": [[113280.0, 4850.0], [113287.5, 10940.0], [113290.0, 36780.0], [113295.0, 2050.0], [113300.0, 32050.0], [113302.5, 50020.0], [113305.0, 46660.0], [113307.5, 200.0], [113310.0, 14080.0], [113312.5, 37080.0], [113322.5, 1440.0], [113325.0, 4840.0], [113392.5, 390.0], [113395.0, 1320.0], [113400.0, 7320.0], [113402.5, 24520.0], [113405.0, 1920.0], [113407.5, 6420.0], [113412.5, 390.0], [113415.0, 1310.0]]}}}
{"jsonrpc": "2.0", "method": "subscription", "params": {"channel": "book.BTC-7NOV25.none.20.100ms", "data": {"timestamp": 1761733638958, "change_id": 124145602487, "instrument_name": "BTC-7NOV25", "bids": [[113277.5, 3710.0], [113275.0, 12500.0], [113272.5, 3100.0], [113270.0, 16630.0], [113267.5, 45770.0], [113265.0, 8990.0], [113262.5, 6100.0], [113260.0, 970.0], [113257.5, 3100.0], [113255.0, 61610.0], [113252.5, 126370.0], [113250.0, 96750.0], [113245.0, 10680.0], [113242.5, 35770.0], [113237.5, 390.0], [113235.0, 2190.0], [113232.5, 3000.0], [113227.5, 1440.0], [113225.0, 4840.0], [113210.0, 390.0]], "asks": [[113280.0, 4850.0], [113287.5, 10940.0], [113290.0, 36780.0], [113295.0, 2050.0], [113300.0, 32050.0], [113302.5, 50020.0], [113305.0, 46660.0], [113307.5, 200.0], [113310.0, 14080.0], [113312.5, 37080.0], [113322.5, 1440.0], [113325.0, 4840.0], [113392.5, 390.0], [113395.0, 1320.0], [113400.0, 7320.0], [113402.5, 24520.0], [113405.0, 1920.0], [113407.5, 6420.0], [113412.5, 390.0], [113415.0, 1310.0]]}}}
{"jsonrpc": "2.0", "method": "subscription", "params": {"channel": "book.BTC-7NOV25.none.20.100ms", "data": {"timestamp": 1761733639174, "change_id": 124145602582, "instrument_name": "BTC-7NOV25", "bids": [[113277.5, 5040.0], [113275.0, 12500.0], [113272.5, 3100.0], [113270.0, 16630.0], [113267.5, 45770.0], [113265.0, 8990.0], [113262.5, 6100.0], [113260.0, 970.0], [113257.5, 3100.0], [113255.0, 61610.0], [113252.5, 126370.0], [113250.0, 96750.0], [113245.0, 10680.0], [113242.5, 35770.0], [113237.5, 390.0], [113235.0, 2190.0], [113232.5, 3000.0], [113227.5, 1440.0], [113225.0, 4840.0], [113210.0, 390.0]], "asks": [[113280.0, 4850.0], [113287.5, 10940.0], [113290.0, 36780.0], [113295.0, 2050.0], [113300.0, 32050.0], [113302.5, 50020.0], [113305.0, 46660.0], [113307.5, 200.0], [113310.0, 14080.0], [113312.5, 37080.0], [113322.5, 1440.0], [113325.0, 4840.0], [113392.5, 390.0], [113395.0, 1320.0], [113400.0, 7320.0], [113402.5, 24520.0], [113405.0, 1920.0], [113407.5, 6420.0], [113412.5, 390.0], [113415.0, 1310.0]]}}}
{"jsonrpc": "2.0", "method": "subscription", "params": {"channel": "book.BTC-7NOV25.none.20.100ms", "data": {"timestamp": 1761733641853, "change_id": 124145605711, "instrument_name": "BTC-7NOV25", "bids": [[113277.5, 5040.0], [113275.0, 12500.0], [113272.5, 3100.0], [113270.0, 16630.0], [113267.5, 45770.0], [113265.0, 8990.0], [113262.5, 6100.0], [113260.0, 970.0], [113257.5, 3100.0], [113255.0, 61610.0], [113252.5, 126370.0], [113250.0, 96750.0], [113245.0, 10680.0], [113242.5, 35770.0], [113237.5, 390.0], [113235.0, 2190.0], [113232.5, 3000.0], [113227.5, 1440.0], [113225.0, 4840.0], [113210.0, 390.0]], "asks": [[113280.0, 4850.0], [113287.5, 300.0], [113290.0, 1010.0], [113295.0, 2050.0], [113300.0, 32050.0], [113302.5, 50020.0], [113305.0, 46660.0], [113307.5, 200.0], [113310.0, 14080.0], [113312.5, 37080.0], [113322.5, 1440.0], [113325.0, 4840.0], [113392.5, 390.0], [113395.0, 1320.0], [113400.0, 7320.0], [113402.5, 24520.0], [113405.0, 1920.0], [113407.5, 6420.0], [113412.5, 390.0], [113415.0, 1310.0]]}}}
{"jsonrpc": "2.0", "method": "subscription", "params": {"channel": "book.BTC-7NOV25.none.20.100ms", "data": {"timestamp": 1761733641989, "change_id": 124145605757, "instrument_name": "BTC-7NOV25", "bids": [[113277.5, 5970.0], [113275.0, 13620.0], [113272.5, 3100.0], [113270.0, 21470.0], [113267.5, 45770.0], [113265.0, 4150.0], [113262.5, 6100.0], [113260.0, 970.0], [113257.5, 3100.0], [113255.0, 61610.0], [113252.5, 126370.0], [113250.0, 96750.0], [113245.0, 10680.0], [113242.5, 35770.0], [113237.5, 390.0], [113235.0, 2190.0], [113232.5, 3000.0], [113227.5, 1440.0], [113225.0, 4840.0], [113210.0, 390.0]], "asks": [[113280.0, 4850.0], [113287.5, 300.0], [113290.0, 1010.0], [113295.0, 2050.0], [113300.0, 32050.0], [113302.5, 50020.0], [113305.0, 46660.0], [113307.5, 200.0], [113310.0, 14080.0], [113312.5, 37080.0], [113322.5, 1440.0], [113325.0, 4840.0], [113392.5, 390.0], [113395.0, 1320.0], [113400.0, 7320.0], [113402.5, 24520.0], [113405.0, 1920.0], [113407.5, 6420.0], [113412.5, 390.0], [113415.0, 1310.0]]}}}
{"jsonrpc": "2.0", "method": "subscription", "params": {"channel": "book.BTC-7NOV25.none.20.100ms", "data": {"timestamp": 1761733642298, "change_id": 124145606106, "instrument_name": "BTC-7NOV25", "bids": [[113277.5, 5970.0], [113275.0, 13620.0], [113272.5, 3100.0], [113270.0, 21470.0], [113267.5, 45770.0], [113265.0, 4150.0], [113262.5, 6100.0], [113260.0, 970.0], [113257.5, 3100.0], [113255.0, 61610.0], [113252.5, 126370.0], [113250.0, 96750.0], [113245.0, 10680.0], [113242.5, 35770.0], [113237.5, 390.0], [113235.0, 2190.0], [113232.5, 3000.0], [113227.5, 1440.0], [113225.0, 4840.0], [113210.0, 390.0]], "asks": [[113280.0, 4850.0], [113287.5, 10940.0], [113290.0, 36780.0], [113295.0, 2050.0], [113300.0, 32050.0], [113302.5, 50020.0], [113305.0, 46660.0], [113307.5, 200.0], [113310.0, 14080.0], [113312.5, 37080.0], [113322.5, 1440.0], [113325.0, 4840.0], [113392.5, 390.0], [113395.0, 1320.0], [113400.0, 7320.0], [113402.5, 24520.0], [113405.0, 1920.0], [113407.5, 6420.0], [113412.5, 390.0], [113415.0, 1310.0]]}}}
{"jsonrpc": "2.0", "method": "subscription", "params": {"channel": "book.BTC-7NOV25.none.20.100ms", "data": {"timestamp": 1761733646465, "change_id": 124145610629, "instrument_name": "BTC-7NOV25", "bids": [[113277.5, 5970.0], [113275.0, 12500.0], [113272.5, 3100.0], [113270.0, 16630.0], [113267.5, 45770.0], [113265.0, 4150.0], [113262.5, 6100.0], [113260.0, 970.0], [113257.5, 3100.0], [113255.0, 61610.0], [113252.5, 126370.0], [113250.0, 96750.0], [113245.0, 10680.0], [113242.5, 35770.0], [113237.5, 390.0], [113235.0, 2190.0], [113232.5, 3000.0], [113227.5, 1440.0], [113225.0, 4840.0], [113210.0, 390.0]], "asks": [[113280.0, 4850.0], [113287.5, 10940.0], [113290.0, 36780.0], [113295.0, 2050.0], [113300.0, 32050.0], [113302.5, 50020.0], [113305.0, 46660.0], [113307.5, 200.0], [113310.0, 14080.0], [113312.5, 37080.0], [113322.5, 1440.0], [113325.0, 4840.0], [113392.5, 390.0], [113395.0, 1320.0], [113400.0, 7320.0], [113402.5, 24520.0], [113405.0, 1920.0], [113407.5, 6420.0], [113412.5, 390.0], [113415.0, 1310.0]]}}}
{"jsonrpc": "2.0", "method": "subscription", "params": {"channel": "book.BTC-7NOV25.none.20.100ms", "data": {"timestamp": 1761733646614, "change_id": 124145610794, "instrument_name": "BTC-7NOV25", "bids": [[113277.5, 5500.0], [113275.0, 13620.0], [113272.5, 3100.0], [113270.0, 21470.0], [113267.5, 45770.0], [113265.0, 4150.0], [113262.5, 6100.0], [113260.0, 970.0], [113257.5, 3100.0], [113255.0, 61610.0], [113252.5, 126370.0], [113250.0, 96750.0], [113245.0, 10680.0], [113242.5, 35770.0], [113237.5, 390.0], [113235.0, 2190.0], [113232.5, 3000.0], [113227.5, 1440.0], [113225.0, 4840.0], [113210.0, 390.0]], "asks": [[113280.0, 4850.0], [113287.5, 10940.0], [113290.0, 36780.0], [113295.0, 2050.0], [113300.0, 32050.0], [113302.5, 50020.0], [113305.0, 46660.0], [113307.5, 200.0], [113310.0, 14080.0], [113312.5, 37080.0], [113322.5, 1440.0], [113325.0, 4840.0], [113392.5, 390.0], [113395.0, 1320.0], [113400.0, 7320.0], [113402.5, 24520.0], [113405.0, 1920.0], [113407.5, 6420.0], [113412.5, 390.0], [113415.0, 1310.0]]}}}
{"jsonrpc": "2.0", "method": "subscription", "params": {"channel": "book.BTC-7NOV25.none.20.100ms", "data": {"timestamp": 1761733647316, "change_id": 124145611714, "instrument_name": "BTC-7NOV25", "bids": [[113277.5, 3610.0], [113275.0, 12500.0], [113272.5, 3100.0], [113270.0, 18340.0], [113267.5, 45770.0], [113265.0, 7990.0], [113262.5, 6100.0], [113260.0, 930.0], [113257.5, 3100.0], [113255.0, 61610.0], [113252.5, 127370.0], [113250.0, 96750.0], [113245.0, 10680.0], [113242.5, 35770.0], [113235.0, 2190.0], [113232.5, 3000.0], [113225.0, 4840.0], [113210.0, 390.0], [113207.5, 1300.0], [113205.0, 900.0]], "asks": [[113280.0, 4850.0], [113287.5, 10940.0], [113290.0, 36780.0], [113295.0, 2050.0], [113300.0, 32050.0], [113302.5, 50020.0], [113305.0, 46660.0], [113307.5, 200.0], [113310.0, 14080.0], [113312.5, 37080.0], [113322.5, 1440.0], [113325.0, 4840.0], [113392.5, 390.0], [113395.0, 1320.0], [113400.0, 7320.0], [113402.5, 24520.0], [113405.0, 1920.0], [113407.5, 6420.0], [113412.5, 390.0], [113415.0, 1310.0]]}}}
{"jsonrpc": "2.0", "method": "subscription", "params": {"channel": "book.BTC-7NOV25.none.20.100ms", "data": {"timestamp": 1761733647743, "change_id": 124145612908, "instrument_name": "BTC-7NOV25", "bids": [[113277.5, 4450.0], [113275.0, 15770.0], [113272.5, 3100.0], [113270.0, 20080.0], [113267.5, 46770.0], [113265.0, 3150.0], [113262.5, 6100.0], [113252.5, 126370.0], [113250.0, 96750.0], [113242.5, 35770.0], [113235.0, 2190.0], [113232.5, 3000.0], [113225.0, 4840.0], [113207.5, 1300.0], [113205.0, 900.0], [113202.5, 3000.0], [113195.0, 1330.0], [113182.5, 25090.0], [113177.5, 6250.0], [113172.5, 380.0]], "asks": [[113280.0, 10.0], [113290.0, 1010.0], [113300.0, 30720.0], [113302.5, 50020.0], [113305.0, 36660.0], [113307.5, 200.0], [113310.0, 11100.0], [113312.5, 37080.0], [113325.0, 4840.0], [113395.0, 1320.0], [113402.5, 24520.0], [113407.5, 6420.0], [113415.0, 1310.0], [113427.5, 1320.0], [113435.0, 10.0], [113437.5, 50.0], [113440.0, 1310.0], [113445.0, 30.0], [113452.5, 1300.0], [113462.5, 18780.0]]}}}
{"jsonrpc": "2.0", "method": "subscription", "params": {"channel": "book.BTC-7NOV25.none.20.100ms", "data": {"timestamp": 1761733648112, "change_id": 124145613463, "instrument_name": "BTC-7NOV25", "bids": [[113277.5, 4450.0], [113275.0, 17220.0], [113272.5, 3100.0], [113270.0, 20080.0], [113267.5, 46770.0], [113265.0, 3150.0], [113262.5, 6100.0], [113255.0, 66600.0], [113252.5, 126370.0], [113250.0, 96750.0], [113242.5, 35770.0], [113235.0, 2190.0], [113232.5, 3000.0], [113225.0, 4840.0], [113207.5, 1300.0], [113205.0, 900.0], [113202.5, 3000.0], [113195.0, 1330.0], [113182.5, 25090.0], [113177.5, 6250.0]], "asks": [[113280.0, 10.0], [113290.0, 1010.0], [113297.5, 1450.0], [113300.0, 30720.0], [113302.5, 50020.0], [113305.0, 36660.0], [113307.5, 200.0], [113310.0, 11100.0], [113312.5, 37080.0], [113322.5, 10000.0], [113325.0, 4840.0], [113395.0, 1320.0], [113402.5, 24520.0], [113407.5, 6420.0], [113415.0, 1310.0], [113427.5, 1320.0], [113435.0, 10.0], [113437.5, 50.0], [113440.0, 1310.0], [113445.0, 30.0]]}}}
{"jsonrpc": "2.0", "method": "subscription", "params": {"channel": "book.BTC-7NOV25.none.20.100ms", "data": {"timestamp": 1761733648461, "change_id": 124145614357, "instrument_name": "BTC-7NOV25", "bids": [[113277.5, 6480.0], [113275.0, 17220.0], [113272.5, 3100.0], [113270.0, 20080.0], [113267.5, 46770.0], [113265.0, 3150.0], [113262.5, 6100.0], [113255.0, 66600.0], [113252.5, 126370.0], [113250.0, 96750.0], [113242.5, 35770.0], [113235.0, 2190.0], [113232.5, 3000.0], [113225.0, 4840.0], [113207.5, 1300.0], [113205.0, 900.0], [113202.5, 3000.0], [113195.0, 1330.0], [113182.5, 25090.0], [113177.5, 6250.0]], "asks": [[113280.0, 4850.0], [113290.0, 1010.0], [113297.5, 1450.0], [113300.0, 30720.0], [113302.5, 50020.0], [113305.0, 36660.0], [113307.5, 200.0], [113310.0, 11100.0], [113312.5, 37080.0], [113315.0, 10000.0], [113325.0, 4840.0], [113395.0, 1320.0], [113407.5, 6420.0], [113415.0, 1310.0], [113427.5, 1320.0], [113435.0, 10.0], [113437.5, 50.0], [113440.0, 1310.0], [113445.0, 30.0], [113452.5, 1300.0]]}}}
{"jsonrpc": "2.0", "method": "subscription", "params": {"channel": "book.BTC-7NOV25.none.20.100ms", "data": {"timestamp": 1761733648767, "change_id": 124145614655, "instrument_name": "BTC-7NOV25", "bids": [[113277.5, 6480.0], [113275.0, 17220.0], [113272.5, 3100.0], [113270.0, 20080.0], [113267.5, 46770.0], [113265.0, 2230.0], [113262.5, 3000.0], [113255.0, 66600.0], [113252.5, 126370.0], [113250.0, 96750.0], [113245.0, 10680.0], [113242.5, 35770.0], [113235.0, 2190.0], [113232.5, 3000.0], [113225.0, 4840.0], [113210.0, 390.0], [113207.5, 1300.0], [113205.0, 900.0], [113202.5, 3000.0], [113195.0, 1330.0]], "asks": [[113280.0, 4850.0], [113290.0, 1010.0], [113297.5, 1450.0], [113300.0, 30720.0], [113302.5, 50020.0], [113305.0, 36660.0], [113307.5, 200.0], [113310.0, 11100.0], [113312.5, 37080.0], [113315.0, 10000.0], [113322.5, 1820.0], [113325.0, 6110.0], [113380.0, 7290.0], [113382.5, 24420.0], [113395.0, 1320.0], [113407.5, 6420.0], [113412.5, 390.0], [113415.0, 1310.0], [113427.5, 1320.0], [113435.0, 10.0]]}}}
{"jsonrpc": "2.0", "method": "subscription", "params": {"channel": "book.BTC-7NOV25.none.20.100ms", "data": {"timestamp": 1761733649660, "change_id": 124145615686, "instrument_name": "BTC-7NOV25", "bids": [[113277.5, 6480.0], [113275.0, 17220.0], [113272.5, 3100.0], [113270.0, 20080.0], [113267.5, 46770.0], [113265.0, 2230.0], [113262.5, 3000.0], [113255.0, 66600.0], [113252.5, 126370.0], [113250.0, 96750.0], [113245.0, 10680.0], [113242.5, 35770.0], [113235.0, 2190.0], [113232.5, 3000.0], [113225.0, 4840.0], [113210.0, 390.0], [113207.5, 1300.0], [113205.0, 900.0], [113202.5, 3000.0], [113195.0, 1330.0]], "asks": [[113280.0, 4850.0], [113290.0, 1010.0], [113297.5, 1450.0], [113300.0, 30720.0], [113302.5, 50020.0], [113305.0, 36660.0], [113307.5, 200.0], [113310.0, 11100.0], [113312.5, 37080.0], [113315.0, 10000.0], [113322.5, 1820.0], [113325.0, 6110.0], [113395.0, 1320.0], [113407.5, 6420.0], [113412.5, 390.0], [113415.0, 1310.0], [113427.5, 1320.0], [113435.0, 10.0], [113437.5, 24190.0], [113440.0, 1310.0]]}}}
{"jsonrpc": "2.0", "method": "subscription", "params": {"channel": "book.BTC-7NOV25.none.20.100ms", "data": {"timestamp": 1761733649971, "change_id": 124145615943, "instrument_name": "BTC-7NOV25", "bids": [[113277.5, 6480.0], [113275.0, 17220.0], [113272.5, 3100.0], [113270.0, 20080.0], [113267.5, 46770.0], [113265.0, 2230.0], [113262.5, 3000.0], [113255.0, 66600.0], [113252.5, 126370.0], [113250.0, 96750.0], [113245.0, 10680.0], [113242.5, 35770.0], [113235.0, 2190.0], [113232.5, 3000.0], [113227.5, 1440.0], [113225.0, 4840.0], [113210.0, 390.0], [113207.5, 1300.0], [113205.0, 900.0], [113202.5, 3000.0]], "asks": [[113280.0, 4850.0], [113290.0, 1010.0], [113297.5, 1450.0], [113300.0, 30720.0], [113302.5, 50020.0], [113305.0, 36660.0], [113307.5, 200.0], [113310.0, 11100.0], [113312.5, 37080.0], [113315.0, 10000.0], [113322.5, 1820.0], [113325.0, 6110.0], [113380.0, 24550.0], [113392.5, 390.0], [113395.0, 1320.0], [113407.5, 6420.0], [113412.5, 390.0], [113415.0, 1310.0], [113425.0, 390.0], [113427.5, 1320.0]]}}}
{"jsonrpc": "2.0", "method": "subscription", "params": {"channel": "book.BTC-7NOV25.none.20.100ms", "data": {"timestamp": 1761733650350, "change_id": 124145616539, "instrument_name": "BTC-7NOV25", "bids": [[113277.5, 6480.0], [113275.0, 17220.0], [113272.5, 3100.0], [113270.0, 20080.0], [113267.5, 46770.0], [113265.0, 2230.0], [113262.5, 3000.0], [113255.0, 66600.0], [113252.5, 126370.0], [113250.0, 96750.0], [113245.0, 10680.0], [113242.5, 35770.0], [113235.0, 2190.0], [113232.5, 3000.0], [113227.5, 1440.0], [113225.0, 4840.0], [113210.0, 390.0], [113207.5, 1300.0], [113205.0, 900.0], [113202.5, 3000.0]], "asks": [[113280.0, 4850.0], [113290.0, 1010.0], [113297.5, 1450.0], [113300.0, 30720.0], [113302.5, 50020.0], [113305.0, 36660.0], [113307.5, 200.0], [113310.0, 11100.0], [113312.5, 37080.0], [113322.5, 1820.0], [113325.0, 6110.0], [113327.5, 2990.0], [113330.0, 10000.0], [113337.5, 1270.0], [113380.0, 24550.0], [113392.5, 390.0], [113395.0, 1320.0], [113407.5, 6420.0], [113412.5, 390.0], [113415.0, 1310.0]]}}}
{"jsonrpc": "2.0", "method": "subscription", "params": {"channel": "book.BTC-7NOV25.none.20.100ms", "data": {"timestamp": 1761733650617, "change_id": 124145616977, "instrument_name": "BTC-7NOV25", "bids": [[113277.5, 6740.0], [113275.0, 17220.0], [113272.5, 3100.0], [113270.0, 20080.0], [113267.5, 46770.0], [113265.0, 2230.0], [113262.5, 3000.0], [113255.0, 66600.0], [113252.5, 126370.0], [113250.0, 96750.0], [113245.0, 10680.0], [113242.5, 35770.0], [113235.0, 2190.0], [113232.5, 3000.0], [113227.5, 1440.0], [113225.0, 4840.0], [113210.0, 390.0], [113207.5, 1300.0], [113205.0, 900.0], [113202.5, 3000.0]], "asks": [[113280.0, 4850.0], [113290.0, 1010.0], [113297.5, 1450.0], [113300.0, 30720.0], [113302.5, 50020.0], [113305.0, 36660.0], [113307.5, 200.0], [113310.0, 11100.0], [113312.5, 37080.0], [113322.5, 11820.0], [113325.0, 6110.0], [113337.5, 1270.0], [113380.0, 24550.0], [113392.5, 390.0], [113395.0, 1320.0], [113407.5, 6420.0], [113412.5, 390.0], [113415.0, 1310.0], [113425.0, 390.0], [113427.5, 1320.0]]}}}
{"jsonrpc": "2.0", "method": "subscription", "params": {"channel": "book.BTC-7NOV25.none.20.100ms", "data": {"timestamp": 1761733651705, "change_id": 124145618116, "instrument_name": "BTC-7NOV25", "bids": [[113277.5, 6740.0], [113275.0, 12380.0], [113272.5, 3100.0], [113270.0, 20080.0], [113267.5, 46770.0], [113265.0, 2230.0], [113262.5, 3000.0], [113255.0, 66600.0], [113252.5, 126370.0], [113250.0, 96750.0], [113245.0, 10680.0], [113242.5, 35770.0], [113237.5, 390.0], [113235.0, 2190.0], [113232.5, 3000.0], [113227.5, 1440.0], [113225.0, 4840.0], [113210.0, 390.0], [113207.5, 1300.0], [113205.0, 900.0]], "asks": [[113280.0, 4850.0], [113290.0, 1010.0], [113297.5, 1450.0], [113300.0, 30720.0], [113302.5, 50020.0], [113305.0, 36660.0], [113307.5, 200.0], [113310.0, 11100.0], [113312.5, 37080.0], [113320.0, 4810.0], [113322.5, 10000.0], [113325.0, 6110.0], [113337.5, 1270.0], [113377.5, 7330.0], [113380.0, 24550.0], [113392.5, 390.0], [113395.0, 1320.0], [113405.0, 1920.0], [113407.5, 6420.0], [113412.5, 390.0]]}}}
{"jsonrpc": "2.0", "method": "subscription", "params": {"channel": "book.BTC-7NOV25.none.20.100ms", "data": {"timestamp": 1761733651847, "change_id": 124145618244, "instrument_name": "BTC-7NOV25", "bids": [[113277.5, 10420.0], [113275.0, 12380.0], [113272.5, 3100.0], [113270.0, 20080.0], [113267.5, 46770.0], [113265.0, 2230.0], [113262.5, 3000.0], [113255.0, 66600.0], [113252.5, 126370.0], [113250.0, 96750.0], [113245.0, 10680.0], [113242.5, 35770.0], [113237.5, 390.0], [113235.0, 2190.0], [113232.5, 3000.0], [113227.5, 1440.0], [113225.0, 4840.0], [113210.0, 390.0], [113207.5, 1300.0], [113205.0, 900.0]], "asks": [[113280.0, 4850.0], [113290.0, 1010.0], [113297.5, 1450.0], [113300.0, 30720.0], [113302.5, 50020.0], [113305.0, 36660.0], [113307.5, 200.0], [113310.0, 11100.0], [113312.5, 37080.0], [113320.0, 4810.0], [113322.5, 10000.0], [113325.0, 6110.0], [113337.5, 1270.0], [113377.5, 7330.0], [113380.0, 24550.0], [113392.5, 390.0], [113395.0, 1320.0], [113405.0, 1920.0], [113407.5, 6420.0], [113412.5, 390.0]]}}}
{"jsonrpc": "2.0", "method": "subscription", "params": {"channel": "book.BTC-7NOV25.none.20.100ms", "data": {"timestamp": 1761733652387, "change_id": 124145619490, "instrument_name": "BTC-7NOV25", "bids": [[113277.5, 9800.0], [113275.0, 12380.0], [113272.5, 3100.0], [113270.0, 20080.0], [113267.5, 36770.0], [113265.0, 2230.0], [113262.5, 3000.0], [113255.0, 66600.0], [113252.5, 126370.0], [113250.0, 96750.0], [113245.0, 10680.0], [113242.5, 35770.0], [113237.5, 390.0], [113235.0, 2190.0], [113232.5, 3000.0], [113207.5, 1300.0], [113205.0, 900.0], [113202.5, 3000.0], [113197.5, 400.0], [113195.0, 1330.0]], "asks": [[113280.0, 10.0], [113290.0, 10.0], [113300.0, 10.0], [113302.5, 1020.0], [113307.5, 15250.0], [113310.0, 50420.0], [113312.5, 1310.0], [113315.0, 10680.0], [113317.5, 35770.0], [113320.0, 380.0], [113325.0, 1270.0], [113327.5, 160.0], [113335.0, 10000.0], [113337.5, 1270.0], [113350.0, 4840.0], [113395.0, 1320.0], [113405.0, 1920.0], [113407.5, 6420.0], [113415.0, 1310.0], [113427.5, 1320.0]]}}}
{"jsonrpc": "2.0", "method": "subscription", "params": {"channel": "book.BTC-7NOV25.none.20.100ms", "data": {"timestamp": 1761733652747, "change_id": 124145620833, "instrument_name": "BTC-7NOV25", "bids": [[113287.5, 19210.0], [113285.0, 160.0], [113282.5, 4100.0], [113280.0, 5100.0], [113277.5, 26630.0], [113275.0, 4840.0], [113270.0, 3100.0], [113267.5, 35770.0], [113265.0, 1330.0], [113262.5, 3000.0], [113252.5, 126370.0], [113250.0, 96750.0], [113240.0, 24160.0], [113235.0, 1290.0], [113232.5, 3000.0], [113207.5, 1300.0], [113202.5, 3000.0], [113195.0, 1330.0], [113192.5, 6250.0], [113182.5, 1290.0]], "asks": [[113290.0, 10.0], [113300.0, 10.0], [113302.5, 20.0], [113307.5, 40.0], [113310.0, 30.0], [113315.0, 1000.0], [113317.5, 910.0], [113325.0, 37040.0], [113327.5, 50160.0], [113330.0, 35770.0], [113337.5, 1270.0], [113340.0, 10000.0], [113350.0, 4840.0], [113395.0, 1320.0], [113407.5, 6420.0], [113415.0, 1310.0], [113427.5, 1320.0], [113432.5, 24090.0], [113435.0, 10.0], [113437.5, 50.0]]}}}
{"jsonrpc": "2.0", "method": "subscription", "params": {"channel": "book.BTC-7NOV25.none.20.100ms", "data": {"timestamp": 1761733653062, "change_id": 124145621393, "instrument_name": "BTC-7NOV25", "bids": [[113287.5, 19220.0], [113285.0, 2920.0], [113282.5, 4100.0], [113280.0, 14540.0], [113277.5, 26560.0], [113275.0, 4840.0], [113272.5, 930.0], [113270.0, 14170.0], [113267.5, 35770.0], [113265.0, 2230.0], [113262.5, 3000.0], [113255.0, 12510.0], [113252.5, 35770.0], [113250.0, 6150.0], [113242.5, 7210.0], [113240.0, 24160.0], [113237.5, 390.0], [113235.0, 2190.0], [113232.5, 3000.0], [113210.0, 390.0]], "asks": [[113290.0, 10.0], [113297.5, 4840.0], [113300.0, 10.0], [113302.5, 20.0], [113307.5, 40.0], [113310.0, 61010.0], [113312.5, 35770.0], [113315.0, 1270.0], [113317.5, 910.0], [113322.5, 12500.0], [113325.0, 41880.0], [113327.5, 160.0], [113337.5, 4260.0], [113340.0, 10000.0], [113347.5, 1440.0], [113350.0, 4840.0], [113392.5, 390.0], [113395.0, 1320.0], [113405.0, 1920.0], [113407.5, 6420.0]]}}}
{"jsonrpc": "2.0", "method": "subscription", "params": {"channel": "book.BTC-7NOV25.none.20.100ms", "data": {"timestamp": 1761733653375, "change_id": 124145622045, "instrument_name": "BTC-7NOV25", "bids": [[113287.5, 14390.0], [113285.0, 2920.0], [113282.5, 4100.0], [113280.0, 14540.0], [113277.5, 26550.0], [113272.5, 930.0], [113270.0, 14170.0], [113267.5, 35770.0], [113265.0, 2230.0], [113262.5, 3000.0], [113255.0, 12510.0], [113252.5, 35770.0], [113250.0, 1310.0], [113242.5, 7210.0], [113240.0, 24160.0], [113237.5, 390.0], [113235.0, 2190.0], [113232.5, 3000.0], [113210.0, 390.0], [113207.5, 1300.0]], "asks": [[113290.0, 10.0], [113300.0, 10.0], [113302.5, 20.0], [113307.5, 14970.0], [113310.0, 61010.0], [113312.5, 35770.0], [113315.0, 11910.0], [113317.5, 36680.0], [113322.5, 12500.0], [113325.0, 41880.0], [113327.5, 160.0], [113330.0, 2990.0], [113332.5, 10000.0], [113335.0, 380.0], [113337.5, 1270.0], [113347.5, 1440.0], [113350.0, 4840.0], [113392.5, 390.0], [113395.0, 1320.0], [113405.0, 1920.0]]}}}
{"jsonrpc": "2.0", "method": "subscription", "params": {"channel": "book.BTC-7NOV25.none.20.100ms", "data": {"timestamp": 1761733653688, "change_id": 124145622599, "instrument_name": "BTC-7NOV25", "bids": [[113287.5, 19230.0], [113285.0, 6020.0], [113282.5, 4100.0], [113280.0, 14540.0], [113277.5, 26550.0], [113275.0, 4840.0], [113272.5, 930.0], [113270.0, 14170.0], [113267.5, 35770.0], [113265.0, 2230.0], [113262.5, 3000.0], [113255.0, 12510.0], [113252.5, 35770.0], [113250.0, 6150.0], [113242.5, 7210.0], [113240.0, 24160.0], [113237.5, 390.0], [113235.0, 2190.0], [113232.5, 3000.0], [113210.0, 390.0]], "asks": [[113290.0, 10.0], [113295.0, 4840.0], [113300.0, 10.0], [113302.5, 20.0], [113307.5, 14970.0], [113310.0, 61010.0], [113312.5, 36680.0], [113315.0, 11910.0], [113317.5, 35770.0], [113322.5, 1820.0], [113325.0, 6110.0], [113327.5, 160.0], [113330.0, 2990.0], [113332.5, 10000.0], [113335.0, 380.0], [113337.5, 1270.0], [113347.5, 1440.0], [113350.0, 4840.0], [113392.5, 390.0], [113395.0, 1320.0]]}}}
{"jsonrpc": "2.0", "method": "subscription", "params": {"channel": "book.BTC-7NOV25.none.20.100ms", "data": {"timestamp": 1761733653956, "change_id": 124145622836, "instrument_name": "BTC-7NOV25", "bids": [[113287.5, 19230.0], [113285.0, 6020.0], [113282.5, 4100.0], [113280.0, 14540.0], [113277.5, 26550.0], [113275.0, 4840.0], [113272.5, 930.0], [113270.0, 63580.0], [113267.5, 126380.0], [113265.0, 92840.0], [113262.5, 3000.0], [113255.0, 12510.0], [113252.5, 35770.0], [113250.0, 6150.0], [113242.5, 7210.0], [113240.0, 24160.0], [113237.5, 390.0], [113235.0, 2190.0], [113232.5, 3000.0], [113210.0, 390.0]], "asks": [[113290.0, 10.0], [113295.0, 4840.0], [113300.0, 10.0], [113302.5, 20.0], [113307.5, 40.0], [113310.0, 61010.0], [113312.5, 36680.0], [113315.0, 11910.0], [113317.5, 35770.0], [113322.5, 1820.0], [113325.0, 6110.0], [113327.5, 160.0], [113330.0, 2990.0], [113332.5, 10000.0], [113335.0, 380.0], [113337.5, 1270.0], [113347.5, 1440.0], [113350.0, 4840.0], [113392.5, 390.0], [113395.0, 1320.0]]}}}
{"jsonrpc": "2.0", "method": "subscription", "params": {"channel": "book.BTC-7NOV25.none.20.100ms", "data": {"timestamp": 1761733654695, "change_id": 124145623880, "instrument_name": "BTC-7NOV25", "bids": [[113287.5, 19230.0], [113285.0, 6020.0], [113282.5, 4100.0], [113280.0, 14540.0], [113277.5, 26550.0], [113275.0, 4840.0], [113272.5, 930.0], [113270.0, 63580.0], [113267.5, 126380.0], [113265.0, 92840.0], [113262.5, 3000.0], [113255.0, 12510.0], [113252.5, 35770.0], [113250.0, 6150.0], [113242.5, 7210.0], [113240.0, 24160.0], [113237.5, 390.0], [113235.0, 2190.0], [113232.5, 3000.0], [113210.0, 390.0]], "asks": [[113290.0, 10.0], [113295.0, 4840.0], [113300.0, 10.0], [113302.5, 20.0], [113307.5, 3140.0], [113310.0, 61010.0], [113312.5, 36680.0], [113315.0, 11910.0], [113317.5, 35770.0], [113322.5, 1820.0], [113325.0, 6110.0], [113327.5, 160.0], [113330.0, 2990.0], [113332.5, 10000.0], [113335.0, 380.0], [113337.5, 1270.0], [113347.5, 1440.0], [113350.0, 4840.0], [113392.5, 390.0], [113395.0, 1320.0]]}}}
{"jsonrpc": "2.0", "method": "subscription", "params": {"channel": "book.BTC-7NOV25.none.20.100ms", "data": {"timestamp": 1761733654996, "change_id": 124145624218, "instrument_name": "BTC-7NOV25", "bids": [[113287.5, 19230.0], [113285.0, 6020.0], [113282.5, 4100.0], [113280.0, 14540.0], [113277.5, 26550.0], [113275.0, 4840.0], [113272.5, 930.0], [113270.0, 63580.0], [113267.5, 126380.0], [113265.0, 92840.0], [113262.5, 3000.0], [113255.0, 12510.0], [113252.5, 35770.0], [113250.0, 6150.0], [113242.5, 7210.0], [113240.0, 24160.0], [113237.5, 390.0], [113235.0, 2190.0], [113232.5, 3000.0], [113210.0, 390.0]], "asks": [[113290.0, 10.0], [113295.0, 4840.0], [113300.0, 10.0], [113302.5, 20.0], [113307.5, 3140.0], [113310.0, 15450.0], [113312.5, 910.0], [113315.0, 61910.0], [113317.5, 35770.0], [113322.5, 1820.0], [113325.0, 6110.0], [113327.5, 160.0], [113335.0, 380.0], [113337.5, 1270.0], [113342.5, 2990.0], [113345.0, 10000.0], [113347.5, 1440.0], [113350.0, 4840.0], [113392.5, 390.0], [113395.0, 1320.0]]}}}
{"jsonrpc": "2.0", "method": "subscription", "params": {"channel": "book.BTC-7NOV25.none.20.100ms", "data": {"timestamp": 1761733655275, "change_id": 124145625281, "instrument_name": "BTC-7NOV25", "bids": [[113287.5, 19290.0], [113285.0, 6020.0], [113282.5, 4100.0], [113280.0, 14480.0], [113277.5, 26550.0], [113275.0, 4840.0], [113272.5, 930.0], [113270.0, 63580.0], [113267.5, 126380.0], [113265.0, 92840.0], [113262.5, 3000.0], [113255.0, 12510.0], [113252.5, 35770.0], [113250.0, 6150.0], [113242.5, 7210.0], [113240.0, 24160.0], [113237.5, 390.0], [113235.0, 2190.0], [113232.5, 3000.0], [113210.0, 390.0]], "asks": [[113290.0, 10.0], [113297.5, 4840.0], [113300.0, 10.0], [113302.5, 20.0], [113307.5, 40.0], [113310.0, 30.0], [113312.5, 530.0], [113315.0, 1910.0], [113322.5, 16520.0], [113325.0, 66840.0], [113327.5, 35930.0], [113335.0, 3320.0], [113337.5, 11270.0], [113347.5, 1440.0], [113350.0, 4840.0], [113392.5, 390.0], [113395.0, 1320.0], [113405.0, 1920.0], [113407.5, 6420.0], [113412.5, 390.0]]}}}
{"jsonrpc": "2.0", "method": "subscription", "params": {"channel": "book.BTC-7NOV25.none.20.100ms", "data": {"timestamp": 1761733655702, "change_id": 124145625656, "instrument_name": "BTC-7NOV25", "bids": [[113287.5, 19290.0], [113285.0, 6010.0], [113282.5, 4100.0], [113280.0, 14480.0], [113277.5, 26550.0], [113275.0, 4840.0], [113272.5, 930.0], [113270.0, 63580.0], [113267.5, 126380.0], [113265.0, 92840.0], [113262.5, 3000.0], [113255.0, 12510.0], [113252.5, 35770.0], [113250.0, 6150.0], [113242.5, 7210.0], [113240.0, 24160.0], [113237.5, 390.0], [113235.0, 2190.0], [113232.5, 3000.0], [113210.0, 390.0]], "asks": [[113290.0, 10.0], [113300.0, 10.0], [113302.5, 20.0], [113305.0, 1000.0], [113307.5, 3140.0], [113310.0, 64080.0], [113312.5, 35770.0], [113315.0, 910.0], [113322.5, 1820.0], [113325.0, 16840.0], [113327.5, 35930.0], [113335.0, 3360.0], [113337.5, 11270.0], [113350.0, 4840.0], [113392.5, 390.0], [113395.0, 1320.0], [113405.0, 1920.0], [113407.5, 6420.0], [113412.5, 390.0], [113415.0, 1310.0]]}}}
{"jsonrpc": "2.0", "method": "subscription", "params": {"channel": "book.BTC-7NOV25.none.20.100ms", "data": {"timestamp": 1761733656057, "change_id": 124145626118, "instrument_name": "BTC-7NOV25", "bids": [[113287.5, 19290.0], [113285.0, 6010.0], [113282.5, 4100.0], [113280.0, 14480.0], [113277.5, 26550.0], [113275.0, 4840.0], [113272.5, 930.0], [113270.0, 63580.0], [113267.5, 126380.0], [113265.0, 92840.0], [113262.5, 3000.0], [113255.0, 12510.0], [113252.5, 35770.0], [113250.0, 6150.0], [113242.5, 7210.0], [113240.0, 24160.0], [113237.5, 390.0], [113235.0, 2190.0], [113232.5, 3000.0], [113210.0, 390.0]], "asks": [[113290.0, 10.0], [113297.5, 4840.0], [113300.0, 10.0], [113302.5, 20.0], [113305.0, 1000.0], [113307.5, 19000.0], [113310.0, 64080.0], [113312.5, 35770.0], [113315.0, 910.0], [113322.5, 1820.0], [113325.0, 16840.0], [113327.5, 35930.0], [113330.0, 10000.0], [113337.5, 1270.0], [113347.5, 1440.0], [113350.0, 4840.0], [113392.5, 390.0], [113395.0, 1320.0], [113405.0, 1920.0], [113407.5, 6420.0]]}}}
{"jsonrpc": "2.0", "method": "subscription", "params": {"channel": "book.BTC-7NOV25.none.20.100ms", "data": {"timestamp": 1761733656153, "change_id": 124145626226, "instrument_name": "BTC-7NOV25", "bids": [[113287.5, 19290.0], [113285.0, 6010.0], [113282.5, 4100.0], [113280.0, 14480.0], [113277.5, 26550.0], [113275.0, 4840.0], [113272.5, 930.0], [113270.0, 63580.0], [113267.5, 126380.0], [113265.0, 92840.0], [113262.5, 3000.0], [113255.0, 12510.0], [113252.5, 35770.0], [113250.0, 6150.0], [113242.5, 7210.0], [113240.0, 24160.0], [113237.5, 390.0], [113235.0, 2190.0], [113232.5, 3000.0], [113210.0, 390.0]], "asks": [[113290.0, 10.0], [113292.5, 4840.0], [113300.0, 10.0], [113302.5, 20.0], [113305.0, 1000.0], [113307.5, 19000.0], [113310.0, 64080.0], [113312.5, 35770.0], [113315.0, 910.0], [113317.5, 10680.0], [113320.0, 35770.0], [113322.5, 1820.0], [113325.0, 9140.0], [113327.5, 160.0], [113330.0, 10000.0], [113337.5, 1270.0], [113347.5, 1440.0], [113350.0, 4840.0], [113392.5, 390.0], [113395.0, 1320.0]]}}}
{"jsonrpc": "2.0", "method": "subscription", "params": {"channel": "book.BTC-7NOV25.none.20.100ms", "data": {"timestamp": 1761733656673, "change_id": 124145627160, "instrument_name": "BTC-7NOV25", "bids": [[113287.5, 19290.0], [113285.0, 6010.0], [113282.5, 4100.0], [113280.0, 14480.0], [113277.5, 26550.0], [113275.0, 4840.0], [113272.5, 930.0], [113270.0, 63580.0], [113267.5, 126380.0], [113265.0, 92840.0], [113262.5, 3000.0], [113255.0, 12510.0], [113252.5, 35770.0], [113250.0, 6150.0], [113242.5, 7210.0], [113240.0, 24160.0], [113237.5, 390.0], [113235.0, 2190.0], [113232.5, 3000.0], [113210.0, 390.0]], "asks": [[113290.0, 10.0], [113292.5, 4840.0], [113300.0, 10.0], [113302.5, 20.0], [113305.0, 4100.0], [113307.5, 19000.0], [113310.0, 64080.0], [113312.5, 35770.0], [113315.0, 910.0], [113317.5, 10680.0], [113320.0, 35770.0], [113322.5, 1820.0], [113325.0, 9140.0], [113327.5, 160.0], [113330.0, 10000.0], [113337.5, 1270.0], [113347.5, 1440.0], [113350.0, 4840.0], [113392.5, 390.0], [113395.0, 1320.0]]}}}
{"jsonrpc": "2.0", "method": "subscription", "params": {"channel": "book.BTC-7NOV25.none.20.100ms", "data": {"timestamp": 1761733656968, "change_id": 124145627419, "instrument_name": "BTC-7NOV25", "bids": [[113287.5, 19290.0], [113285.0, 6010.0], [113282.5, 4100.0], [113280.0, 14480.0], [113277.5, 26550.0], [113275.0, 4840.0], [113272.5, 930.0], [113270.0, 63580.0], [113267.5, 126380.0], [113265.0, 92840.0], [113262.5, 3000.0], [113255.0, 12510.0], [113252.5, 35770.0], [113250.0, 6150.0], [113242.5, 7210.0], [113240.0, 24160.0], [113237.5, 390.0], [113235.0, 2190.0], [113232.5, 3000.0], [113210.0, 390.0]], "asks": [[113290.0, 10.0], [113292.5, 4840.0], [113300.0, 10.0], [113302.5, 20.0], [113305.0, 4100.0], [113307.5, 19000.0], [113310.0, 64080.0], [113312.5, 35770.0], [113315.0, 910.0], [113322.5, 12270.0], [113325.0, 44910.0], [113327.5, 160.0], [113330.0, 10000.0], [113335.0, 380.0], [113337.5, 1270.0], [113347.5, 1440.0], [113350.0, 4840.0], [113392.5, 390.0], [113395.0, 1320.0], [113405.0, 1920.0]]}}}
{"jsonrpc": "2.0", "method": "subscription", "params": {"channel": "book.BTC-7NOV25.none.20.100ms", "data": {"timestamp": 1761733657719, "change_id": 124145628544, "instrument_name": "BTC-7NOV25", "bids": [[113287.5, 19290.0], [113285.0, 6010.0], [113282.5, 4100.0], [113280.0, 14480.0], [113277.5, 26550.0], [113275.0, 4840.0], [113272.5, 930.0], [113270.0, 63580.0], [113267.5, 126380.0], [113265.0, 92840.0], [113262.5, 3000.0], [113255.0, 12510.0], [113252.5, 35770.0], [113250.0, 6150.0], [113242.5, 7210.0], [113240.0, 24160.0], [113237.5, 390.0], [113235.0, 2190.0], [113232.5, 3000.0], [113210.0, 390.0]], "asks": [[113290.0, 4850.0], [113300.0, 10.0], [113302.5, 20.0], [113305.0, 4100.0], [113307.5, 19000.0], [113310.0, 64080.0], [113312.5, 35770.0], [113315.0, 910.0], [113322.5, 12270.0], [113325.0, 44910.0], [113327.5, 160.0], [113330.0, 10000.0], [113335.0, 380.0], [113337.5, 1270.0], [113347.5, 1440.0], [113350.0, 4840.0], [113392.5, 390.0], [113395.0, 1320.0], [113405.0, 1920.0], [113407.5, 6420.0]]}}}
{"jsonrpc": "2.0", "method": "subscription", "params": {"channel": "book.BTC-7NOV25.none.20.100ms", "data": {"timestamp": 1761733658638, "change_id": 124145629576, "instrument_name": "BTC-7NOV25", "bids": [[113287.5, 19290.0], [113285.0, 6010.0], [113282.5, 4100.0], [113280.0, 14480.0], [113277.5, 26550.0], [113275.0, 4840.0], [113272.5, 930.0], [113270.0, 63580.0], [113267.5, 126380.0], [113265.0, 92840.0], [113262.5, 3000.0], [113255.0, 12510.0], [113252.5, 35770.0], [113250.0, 6150.0], [113242.5, 7210.0], [113240.0, 24160.0], [113237.5, 390.0], [113235.0, 2190.0], [113232.5, 3000.0], [113210.0, 390.0]], "asks": [[113290.0, 4850.0], [113300.0, 10.0], [113302.5, 1240.0], [113305.0, 4100.0], [113307.5, 19000.0], [113310.0, 64080.0], [113312.5, 35770.0], [113315.0, 910.0], [113322.5, 22270.0], [113325.0, 41880.0], [113327.5, 160.0], [113335.0, 380.0], [113337.5, 1270.0], [113347.5, 1440.0], [113350.0, 4840.0], [113392.5, 390.0], [113395.0, 1320.0], [113405.0, 1920.0], [113407.5, 6420.0], [113412.5, 390.0]]}}}
{"jsonrpc": "2.0", "method": "subscription", "params": {"channel": "book.BTC-7NOV25.none.20.100ms", "data": {"timestamp": 1761733659639, "change_id": 124145630689, "instrument_name": "BTC-7NOV25", "bids": [[113287.5, 19290.0], [113285.0, 6010.0], [113282.5, 4100.0], [113280.0, 14480.0], [113277.5, 26550.0], [113275.0, 4840.0], [113272.5, 930.0], [113270.0, 63580.0], [113267.5, 126380.0], [113265.0, 92840.0], [113262.5, 3000.0], [113255.0, 12510.0], [113252.5, 35770.0], [113250.0, 6150.0], [113242.5, 7210.0], [113240.0, 24160.0], [113237.5, 390.0], [113235.0, 2190.0], [113232.5, 3000.0], [113210.0, 390.0]], "asks": [[113290.0, 4850.0], [113300.0, 10.0], [113302.5, 4340.0], [113305.0, 4100.0], [113307.5, 19000.0], [113310.0, 64080.0], [113312.5, 35770.0], [113315.0, 910.0], [113322.5, 22270.0], [113325.0, 41880.0], [113327.5, 160.0], [113335.0, 380.0], [113337.5, 1270.0], [113347.5, 1440.0], [113350.0, 4840.0], [113392.5, 390.0], [113395.0, 1320.0], [113405.0, 1920.0], [113407.5, 6420.0], [113412.5, 390.0]]}}}
{"jsonrpc": "2.0", "method": "subscription", "params": {"channel": "book.BTC-7NOV25.none.20.100ms", "data": {"timestamp": 1761733659960, "change_id": 124145630942, "instrument_name": "BTC-7NOV25", "bids": [[113287.5, 19290.0], [113285.0, 6010.0], [113282.5, 4100.0], [113280.0, 14480.0], [113277.5, 26550.0], [113275.0, 4840.0], [113272.5, 930.0], [113270.0, 63580.0], [113267.5, 126380.0], [113265.0, 92840.0], [113262.5, 3000.0], [113255.0, 12510.0], [113252.5, 35770.0], [113250.0, 6150.0], [113242.5, 7210.0], [113240.0, 24160.0], [113235.0, 2190.0], [113232.5, 3000.0], [113210.0, 390.0], [113207.5, 1300.0]], "asks": [[113290.0, 4850.0], [113300.0, 10.0], [113302.5, 3120.0], [113305.0, 4100.0], [113307.5, 19000.0], [113310.0, 60980.0], [113312.5, 35770.0], [113315.0, 910.0], [113322.5, 22270.0], [113325.0, 41880.0], [113327.5, 160.0], [113335.0, 380.0], [113337.5, 1270.0], [113347.5, 1440.0], [113350.0, 4840.0], [113392.5, 390.0], [113395.0, 1320.0], [113405.0, 1920.0], [113407.5, 6420.0], [113412.5, 390.0]]}}}
{"jsonrpc": "2.0", "method": "subscription", "params": {"channel": "book.BTC-7NOV25.none.20.100ms", "data": {"timestamp": 1761733660280, "change_id": 124145631391, "instrument_name": "BTC-7NOV25", "bids": [[113287.5, 19290.0], [113285.0, 6010.0], [113282.5, 4100.0], [113280.0, 14480.0], [113277.5, 26550.0], [113275.0, 4840.0], [113272.5, 930.0], [113270.0, 63580.0], [113267.5, 126380.0], [113265.0, 92840.0], [113262.5, 3000.0], [113255.0, 12510.0], [113252.5, 35770.0], [113250.0, 6150.0], [113242.5, 7210.0], [113240.0, 24160.0], [113235.0, 2190.0], [113232.5, 3000.0], [113210.0, 390.0], [113207.5, 1300.0]], "asks": [[113290.0, 10.0], [113300.0, 10.0], [113302.5, 3120.0], [113305.0, 4100.0], [113307.5, 3140.0], [113310.0, 30.0], [113312.5, 60910.0], [113315.0, 36680.0], [113320.0, 15490.0], [113322.5, 10000.0], [113325.0, 41880.0], [113327.5, 160.0], [113335.0, 380.0], [113337.5, 1270.0], [113347.5, 1440.0], [113350.0, 4840.0], [113392.5, 390.0], [113395.0, 1320.0], [113405.0, 1920.0], [113407.5, 6420.0]]}}}
{"jsonrpc": "2.0", "method": "subscription", "params": {"channel": "book.BTC-7NOV25.none.20.100ms", "data": {"timestamp": 1761733660628, "change_id": 124145631927, "instrument_name": "BTC-7NOV25", "bids": [[113287.5, 19290.0], [113285.0, 6010.0], [113282.5, 4100.0], [113280.0, 14480.0], [113277.5, 26550.0], [113275.0, 4840.0], [113272.5, 930.0], [113270.0, 63580.0], [113267.5, 126380.0], [113265.0, 92840.0], [113262.5, 3000.0], [113255.0, 12510.0], [113252.5, 35770.0], [113250.0, 6150.0], [113242.5, 7210.0], [113240.0, 24160.0], [113235.0, 2190.0], [113232.5, 3000.0], [113210.0, 390.0], [113207.5, 1300.0]], "asks": [[113290.0, 10.0], [113292.5, 4840.0], [113300.0, 10.0], [113302.5, 3120.0], [113305.0, 4100.0], [113307.5, 3140.0], [113310.0, 3130.0], [113312.5, 60910.0], [113315.0, 36680.0], [113320.0, 15490.0], [113322.5, 10000.0], [113325.0, 41880.0], [113327.5, 160.0], [113335.0, 380.0], [113337.5, 1270.0], [113347.5, 1440.0], [113350.0, 4840.0], [113392.5, 390.0], [113395.0, 1320.0], [113405.0, 1920.0]]}}}
{"jsonrpc": "2.0", "method": "subscription", "params": {"channel": "book.BTC-7NOV25.none.20.100ms", "data": {"timestamp": 1761733661227, "change_id": 124145632250, "instrument_name": "BTC-7NOV25", "bids": [[113287.5, 19290.0], [113285.0, 6010.0], [113282.5, 4100.0], [113280.0, 14480.0], [113277.5, 31550.0], [113275.0, 4840.0], [113272.5, 930.0], [113270.0, 63580.0], [113267.5, 126380.0], [113265.0, 92840.0], [113262.5, 3000.0], [113255.0, 12510.0], [113252.5, 35770.0], [113250.0, 6150.0], [113242.5, 7210.0], [113240.0, 24160.0], [113237.5, 390.0], [113235.0, 2190.0], [113232.5, 3000.0], [113210.0, 390.0]], "asks": [[113290.0, 10.0], [113292.5, 4840.0], [113300.0, 10.0], [113302.5, 3120.0], [113305.0, 4100.0], [113307.5, 3140.0], [113310.0, 3130.0], [113312.5, 60910.0], [113315.0, 36680.0], [113320.0, 15490.0], [113322.5, 10000.0], [113325.0, 41880.0], [113327.5, 160.0], [113335.0, 380.0], [113337.5, 1270.0], [113347.5, 1440.0], [113350.0, 4840.0], [113392.5, 390.0], [113395.0, 1320.0], [113405.0, 1920.0]]}}}
{"jsonrpc": "2.0", "method": "subscription", "params": {"channel": "book.BTC-7NOV25.none.20.100ms", "data": {"timestamp": 1761733661453, "change_id": 124145633079, "instrument_name": "BTC-7NOV25", "bids": [[113287.5, 19290.0], [113285.0, 6010.0], [113282.5, 4100.0], [113280.0, 14480.0], [113277.5, 31550.0], [113275.0, 4840.0], [113272.5, 930.0], [113270.0, 63580.0], [113267.5, 126380.0], [113265.0, 92840.0], [113262.5, 3000.0], [113255.0, 12510.0], [113252.5, 35770.0], [113250.0, 6150.0], [113242.5, 7210.0], [113240.0, 24160.0], [113237.5, 390.0], [113235.0, 2190.0], [113232.5, 3000.0], [113210.0, 390.0]], "asks": [[113290.0, 10.0], [113300.0, 4850.0], [113302.5, 3120.0], [113305.0, 4100.0], [113307.5, 3140.0], [113310.0, 30.0], [113312.5, 60910.0], [113315.0, 36680.0], [113320.0, 15490.0], [113325.0, 41880.0], [113327.5, 160.0], [113335.0, 3320.0], [113337.5, 11270.0], [113347.5, 1440.0], [113350.0, 4840.0], [113392.5, 390.0], [113395.0, 1320.0], [113405.0, 1920.0], [113407.5, 6420.0], [113412.5, 390.0]]}}}
{"jsonrpc": "2.0", "method": "subscription", "params": {"channel": "book.BTC-7NOV25.none.20.100ms", "data": {"timestamp": 1761733661717, "change_id": 124145633325, "instrument_name": "BTC-7NOV25", "bids": [[113287.5, 19290.0], [113285.0, 6010.0], [113282.5, 4100.0], [113280.0, 14480.0], [113277.5, 31550.0], [113275.0, 4840.0], [113272.5, 930.0], [113270.0, 63580.0], [113267.5, 126380.0], [113265.0, 92840.0], [113262.5, 3000.0], [113255.0, 12510.0], [113252.5, 35770.0], [113250.0, 6150.0], [113242.5, 7210.0], [113240.0, 24160.0], [113237.5, 390.0], [113235.0, 2190.0], [113232.5, 3000.0], [113210.0, 390.0]], "asks": [[113290.0, 10.0], [113300.0, 4850.0], [113302.5, 3120.0], [113305.0, 4100.0], [113307.5, 3140.0], [113310.0, 30.0], [113312.5, 60910.0], [113315.0, 36680.0], [113320.0, 15490.0], [113325.0, 41880.0], [113327.5, 3150.0], [113330.0, 10000.0], [113335.0, 380.0], [113337.5, 1270.0], [113347.5, 1440.0], [113350.0, 4840.0], [113392.5, 390.0], [113395.0, 1320.0], [113405.0, 1920.0], [113407.5, 6420.0]]}}}
{"jsonrpc": "2.0", "method": "subscription", "params": {"channel": "book.BTC-7NOV25.none.20.100ms", "data": {"timestamp": 1761733662321, "change_id": 124145633927, "instrument_name": "BTC-7NOV25", "bids": [[113287.5, 19290.0], [113285.0, 6010.0], [113282.5, 4100.0], [113280.0, 14480.0], [113277.5, 36550.0], [113275.0, 4840.0], [113272.5, 930.0], [113270.0, 63580.0], [113267.5, 126380.0], [113265.0, 92840.0], [113262.5, 3000.0], [113255.0, 12510.0], [113252.5, 35770.0], [113250.0, 6150.0], [113242.5, 7210.0], [113240.0, 24160.0], [113237.5, 390.0], [113235.0, 2190.0], [113232.5, 3000.0], [113210.0, 390.0]], "asks": [[113290.0, 10.0], [113300.0, 4850.0], [113302.5, 3120.0], [113305.0, 5050.0], [113307.5, 3140.0], [113310.0, 24030.0], [113312.5, 50000.0], [113315.0, 36680.0], [113320.0, 15490.0], [113325.0, 41880.0], [113327.5, 3150.0], [113330.0, 10000.0], [113335.0, 380.0], [113337.5, 1270.0], [113347.5, 1440.0], [113350.0, 4840.0], [113392.5, 390.0], [113395.0, 1320.0], [113405.0, 1920.0], [113407.5, 6420.0]]}}}
{"jsonrpc": "2.0", "method": "subscription", "params": {"channel": "book.BTC-7NOV25.none.20.100ms", "data": {"timestamp": 1761733662667, "change_id": 124145634438, "instrument_name": "BTC-7NOV25", "bids": [[113287.5, 19290.0], [113285.0, 6010.0], [113282.5, 4100.0], [113280.0, 14480.0], [113277.5, 36550.0], [113275.0, 4840.0], [113272.5, 930.0], [113270.0, 41220.0], [113267.5, 126380.0], [113265.0, 2230.0], [113262.5, 3000.0], [113255.0, 12510.0], [113252.5, 35770.0], [113250.0, 6150.0], [113242.5, 7210.0], [113240.0, 24160.0], [113237.5, 390.0], [113235.0, 2190.0], [113232.5, 3000.0], [113210.0, 390.0]], "asks": [[113290.0, 10.0], [113300.0, 4850.0], [113302.5, 3120.0], [113305.0, 5050.0], [113307.5, 3140.0], [113310.0, 24030.0], [113312.5, 50000.0], [113315.0, 36680.0], [113320.0, 15490.0], [113325.0, 41880.0], [113327.5, 3150.0], [113330.0, 10000.0], [113335.0, 380.0], [113337.5, 1270.0], [113347.5, 1440.0], [113350.0, 4840.0], [113392.5, 390.0], [113395.0, 1320.0], [113405.0, 1920.0], [113407.5, 6420.0]]}}}
{"jsonrpc": "2.0", "method": "subscription", "params": {"channel": "book.BTC-7NOV25.none.20.100ms", "data": {"timestamp": 1761733662991, "change_id": 124145634690, "instrument_name": "BTC-7NOV25", "bids": [[113287.5, 19290.0], [113285.0, 6010.0], [113282.5, 4100.0], [113280.0, 14480.0], [113277.5, 36550.0], [113275.0, 4840.0], [113272.5, 930.0], [113270.0, 41220.0], [113267.5, 126380.0], [113265.0, 2230.0], [113262.5, 3000.0], [113255.0, 12510.0], [113252.5, 35770.0], [113250.0, 6150.0], [113242.5, 7210.0], [113240.0, 24160.0], [113237.5, 390.0], [113235.0, 2190.0], [113232.5, 3000.0], [113210.0, 390.0]], "asks": [[113290.0, 4850.0], [113300.0, 4850.0], [113302.5, 3120.0], [113305.0, 5050.0], [113307.5, 3140.0], [113310.0, 24030.0], [113312.5, 50000.0], [113315.0, 36680.0], [113320.0, 15490.0], [113325.0, 41880.0], [113327.5, 3150.0], [113330.0, 10000.0], [113335.0, 380.0], [113337.5, 1270.0], [113392.5, 390.0], [113395.0, 1320.0], [113405.0, 1920.0], [113407.5, 6420.0], [113412.5, 390.0], [113415.0, 1310.0]]}}}
{"jsonrpc": "2.0", "method": "subscription", "params": {"channel": "book.BTC-7NOV25.none.20.100ms", "data": {"timestamp": 1761733663314, "change_id": 124145635134, "instrument_name": "BTC-7NOV25", "bids": [[113287.5, 14450.0], [113285.0, 6010.0], [113282.5, 4100.0], [113280.0, 43310.0], [113277.5, 36550.0], [113275.0, 90620.0], [113272.5, 930.0], [113270.0, 41220.0], [113267.5, 126380.0], [113265.0, 2230.0], [113262.5, 3000.0], [113255.0, 12510.0], [113252.5, 35770.0], [113250.0, 1310.0], [113242.5, 7210.0], [113240.0, 24160.0], [113237.5, 390.0], [113235.0, 2190.0], [113232.5, 3000.0], [113210.0, 390.0]], "asks": [[113290.0, 10.0], [113300.0, 10.0], [113302.5, 3120.0], [113305.0, 5050.0], [113307.5, 3140.0], [113310.0, 24030.0], [113312.5, 50000.0], [113315.0, 36680.0], [113320.0, 11060.0], [113325.0, 37040.0], [113327.5, 3150.0], [113330.0, 10000.0], [113335.0, 380.0], [113337.5, 1270.0], [113392.5, 390.0], [113395.0, 1320.0], [113405.0, 1920.0], [113407.5, 6420.0], [113412.5, 390.0], [113415.0, 1310.0]]}}}
{"jsonrpc": "2.0", "method": "subscription", "params": {"channel": "book.BTC-7NOV25.none.20.100ms", "data": {"timestamp": 1761733663393, "change_id": 124145635420, "instrument_name": "BTC-7NOV25", "bids": [[113287.5, 14450.0], [113285.0, 6010.0], [113282.5, 4100.0], [113280.0, 43310.0], [113277.5, 41200.0], [113275.0, 90620.0], [113272.5, 930.0], [113270.0, 41220.0], [113267.5, 126380.0], [113265.0, 3500.0], [113262.5, 3000.0], [113260.0, 4650.0], [113255.0, 12510.0], [113252.5, 35770.0], [113250.0, 1310.0], [113242.5, 7210.0], [113240.0, 24160.0], [113237.5, 390.0], [113235.0, 2190.0], [113232.5, 3000.0]], "asks": [[113290.0, 10.0], [113295.0, 4650.0], [113300.0, 10.0], [113302.5, 3120.0], [113305.0, 5050.0], [113307.5, 3140.0], [113310.0, 24030.0], [113312.5, 50000.0], [113315.0, 36680.0], [113320.0, 11060.0], [113325.0, 37040.0], [113327.5, 3150.0], [113330.0, 14650.0], [113335.0, 380.0], [113337.5, 1270.0], [113392.5, 390.0], [113395.0, 1320.0], [113405.0, 1920.0], [113407.5, 6420.0], [113412.5, 390.0]]}}}
{"jsonrpc": "2.0", "method": "subscription", "params": {"channel": "book.BTC-7NOV25.none.20.100ms", "data": {"timestamp": 1761733664066, "change_id": 124145635921, "instrument_name": "BTC-7NOV25", "bids": [[113287.5, 14450.0], [113285.0, 6010.0], [113282.5, 4100.0], [113280.0, 43310.0], [113277.5, 41200.0], [113275.0, 90620.0], [113270.0, 38120.0], [113267.5, 126380.0], [113265.0, 3500.0], [113262.5, 3000.0], [113260.0, 4650.0], [113255.0, 12510.0], [113252.5, 35770.0], [113250.0, 1310.0], [113242.5, 7210.0], [113240.0, 24160.0], [113237.5, 390.0], [113235.0, 2190.0], [113232.5, 3000.0], [113210.0, 390.0]], "asks": [[113290.0, 10.0], [113295.0, 4650.0], [113300.0, 10.0], [113302.5, 3120.0], [113305.0, 5050.0], [113307.5, 3140.0], [113310.0, 24030.0], [113312.5, 50000.0], [113315.0, 36680.0], [113320.0, 11060.0], [113325.0, 37040.0], [113327.5, 3150.0], [113330.0, 14650.0], [113335.0, 380.0], [113337.5, 1270.0], [113392.5, 390.0], [113395.0, 1320.0], [113405.0, 1920.0], [113407.5, 6420.0], [113412.5, 390.0]]}}}
{"jsonrpc": "2.0", "method": "subscription", "params": {"channel": "book.BTC-7NOV25.none.20.100ms", "data": {"timestamp": 1761733666837, "change_id": 124145638888, "instrument_name": "BTC-7NOV25", "bids": [[113287.5, 14450.0], [113285.0, 6010.0], [113282.5, 4100.0], [113280.0, 43310.0], [113277.5, 41200.0], [113275.0, 90620.0], [113270.0, 38120.0], [113267.5, 126380.0], [113265.0, 3500.0], [113262.5, 3000.0], [113260.0, 4650.0], [113255.0, 12510.0], [113252.5, 35770.0], [113250.0, 1310.0], [113242.5, 7210.0], [113240.0, 24160.0], [113237.5, 390.0], [113235.0, 2190.0], [113232.5, 3000.0], [113210.0, 390.0]], "asks": [[113290.0, 10.0], [113295.0, 4650.0], [113300.0, 10.0], [113302.5, 4450.0], [113305.0, 5050.0], [113307.5, 3140.0], [113310.0, 24030.0], [113312.5, 50000.0], [113315.0, 36680.0], [113320.0, 11060.0], [113322.5, 10000.0], [113325.0, 37040.0], [113327.5, 1550.0], [113330.0, 4650.0], [113335.0, 380.0], [113337.5, 1270.0], [113392.5, 390.0], [113395.0, 1320.0], [113405.0, 1920.0], [113407.5, 6420.0]]}}}
{"jsonrpc": "2.0", "method": "subscription", "params": {"channel": "book.BTC-7NOV25.none.20.100ms", "data": {"timestamp": 1761733667901, "change_id": 124145639891, "instrument_name": "BTC-7NOV25", "bids": [[113287.5, 14450.0], [113285.0, 6010.0], [113282.5, 4100.0], [113280.0, 43310.0], [113277.5, 41200.0], [113275.0, 90620.0], [113270.0, 38120.0], [113267.5, 126380.0], [113265.0, 3500.0], [113262.5, 3000.0], [113260.0, 4650.0], [113255.0, 12510.0], [113252.5, 35770.0], [113250.0, 1310.0], [113242.5, 7210.0], [113240.0, 24160.0], [113237.5, 390.0], [113235.0, 2190.0], [113232.5, 3000.0], [113210.0, 390.0]], "asks": [[113290.0, 10.0], [113300.0, 10.0], [113302.5, 3120.0], [113305.0, 5050.0], [113307.5, 3140.0], [113310.0, 24030.0], [113312.5, 50000.0], [113315.0, 36680.0], [113320.0, 11060.0], [113322.5, 10000.0], [113325.0, 37040.0], [113327.5, 1550.0], [113330.0, 4650.0], [113335.0, 380.0], [113337.5, 1270.0], [113392.5, 390.0], [113395.0, 1320.0], [113405.0, 1920.0], [113407.5, 6420.0], [113412.5, 390.0]]}}}
{"jsonrpc": "2.0", "method": "subscription", "params": {"channel": "book.BTC-7NOV25.none.20.100ms", "data": {"timestamp": 1761733668299, "change_id": 124145640375, "instrument_name": "BTC-7NOV25", "bids": [[113287.5, 14450.0], [113285.0, 6010.0], [113282.5, 3100.0], [113280.0, 43310.0], [113277.5, 41200.0], [113275.0, 90620.0], [113272.5, 300.0], [113270.0, 39120.0], [113267.5, 126380.0], [113265.0, 3500.0], [113262.5, 3000.0], [113260.0, 4650.0], [113255.0, 12510.0], [113252.5, 35770.0], [113250.0, 1310.0], [113242.5, 7210.0], [113240.0, 24160.0], [113237.5, 390.0], [113235.0, 2190.0], [113232.5, 3000.0]], "asks": [[113290.0, 10.0], [113295.0, 4650.0], [113300.0, 2560.0], [113302.5, 4450.0], [113305.0, 5050.0], [113307.5, 3140.0], [113310.0, 24030.0], [113312.5, 50000.0], [113315.0, 36680.0], [113320.0, 11060.0], [113322.5, 10000.0], [113325.0, 37040.0], [113327.5, 1550.0], [113330.0, 4650.0], [113335.0, 380.0], [113337.5, 1270.0], [113392.5, 390.0], [113395.0, 1320.0], [113405.0, 1920.0], [113407.5, 6420.0]]}}}
{"jsonrpc": "2.0", "method": "subscription", "params": {"channel": "book.BTC-7NOV25.none.20.100ms", "data": {"timestamp": 1761733668539, "change_id": 124145640923, "instrument_name": "BTC-7NOV25", "bids": [[113287.5, 14450.0], [113285.0, 2910.0], [113282.5, 3100.0], [113280.0, 43310.0], [113277.5, 41200.0], [113275.0, 90620.0], [113272.5, 300.0], [113270.0, 39120.0], [113267.5, 126380.0], [113265.0, 3500.0], [113262.5, 3000.0], [113260.0, 4650.0], [113255.0, 12510.0], [113252.5, 35770.0], [113250.0, 1310.0], [113242.5, 7210.0], [113240.0, 24160.0], [113237.5, 390.0], [113235.0, 2190.0], [113232.5, 3000.0]], "asks": [[113290.0, 10.0], [113295.0, 4650.0], [113300.0, 2560.0], [113302.5, 4450.0], [113305.0, 5050.0], [113307.5, 3140.0], [113310.0, 24030.0], [113312.5, 50000.0], [113315.0, 36680.0], [113320.0, 11060.0], [113322.5, 10000.0], [113325.0, 37040.0], [113327.5, 1550.0], [113330.0, 4650.0], [113335.0, 380.0], [113337.5, 1270.0], [113392.5, 390.0], [113395.0, 1320.0], [113405.0, 1920.0], [113407.5, 6420.0]]}}}
{"jsonrpc": "2.0", "method": "subscription", "params": {"channel": "book.BTC-7NOV25.none.20.100ms", "data": {"timestamp": 1761733668796, "change_id": 124145641781, "instrument_name": "BTC-7NOV25", "bids": [[113287.5, 13180.0], [113285.0, 2440.0], [113282.5, 3100.0], [113280.0, 19190.0], [113277.5, 48870.0], [113272.5, 300.0], [113270.0, 11810.0], [113267.5, 35770.0], [113265.0, 3500.0], [113262.5, 3000.0], [113260.0, 4650.0], [113252.5, 35770.0], [113250.0, 1310.0], [113237.5, 390.0], [113235.0, 2190.0], [113232.5, 27170.0], [113227.5, 1390.0], [113225.0, 4650.0], [113207.5, 1300.0], [113205.0, 1750.0]], "asks": [[113290.0, 1490.0], [113295.0, 4650.0], [113297.5, 11680.0], [113300.0, 38330.0], [113302.5, 4450.0], [113305.0, 4050.0], [113307.5, 3140.0], [113310.0, 24030.0], [113312.5, 50000.0], [113315.0, 36840.0], [113320.0, 11060.0], [113322.5, 10000.0], [113325.0, 37040.0], [113327.5, 1390.0], [113330.0, 4650.0], [113335.0, 380.0], [113337.5, 1270.0], [113392.5, 390.0], [113395.0, 1320.0], [113407.5, 6420.0]]}}}
{"jsonrpc": "2.0", "method": "subscription", "params": {"channel": "book.BTC-7NOV25.none.20.100ms", "data": {"timestamp": 1761733669198, "change_id": 124145642002, "instrument_name": "BTC-7NOV25", "bids": [[113287.5, 13180.0], [113285.0, 2440.0], [113282.5, 3100.0], [113280.0, 19190.0], [113277.5, 48870.0], [113272.5, 16700.0], [113270.0, 92830.0], [113267.5, 126380.0], [113265.0, 3500.0], [113262.5, 3000.0], [113260.0, 4650.0], [113252.5, 35770.0], [113250.0, 1310.0], [113237.5, 390.0], [113235.0, 2190.0], [113232.5, 27170.0], [113227.5, 1390.0], [113225.0, 4650.0], [113207.5, 1300.0], [113205.0, 1750.0]], "asks": [[113290.0, 1490.0], [113295.0, 4650.0], [113297.5, 11680.0], [113300.0, 38330.0], [113302.5, 4450.0], [113305.0, 4050.0], [113307.5, 3140.0], [113310.0, 24030.0], [113312.5, 50000.0], [113315.0, 36840.0], [113320.0, 11060.0], [113322.5, 10000.0], [113325.0, 37040.0], [113327.5, 1390.0], [113330.0, 4650.0], [113335.0, 380.0], [113337.5, 1270.0], [113392.5, 390.0], [113395.0, 1320.0], [113407.5, 6420.0]]}}}
{"jsonrpc": "2.0", "method": "subscription", "params": {"channel": "book.BTC-7NOV25.none.20.100ms", "data": {"timestamp": 1761733669552, "change_id": 124145643224, "instrument_name": "BTC-7NOV25", "bids": [[113287.5, 10080.0], [113285.0, 2280.0], [113282.5, 3100.0], [113280.0, 9010.0], [113277.5, 10000.0], [113272.5, 16700.0], [113270.0, 82310.0], [113267.5, 126380.0], [113265.0, 3500.0], [113262.5, 3000.0], [113260.0, 4650.0], [113252.5, 35770.0], [113250.0, 1310.0], [113237.5, 390.0], [113235.0, 2190.0], [113232.5, 27170.0], [113227.5, 1390.0], [113225.0, 4650.0], [113207.5, 1300.0], [113205.0, 1750.0]], "asks": [[113290.0, 7370.0], [113292.5, 3100.0], [113295.0, 12400.0], [113297.5, 11680.0], [113300.0, 51710.0], [113302.5, 54450.0], [113305.0, 950.0], [113307.5, 3140.0], [113310.0, 30.0], [113312.5, 13980.0], [113315.0, 46840.0], [113320.0, 11060.0], [113325.0, 37040.0], [113335.0, 380.0], [113337.5, 1270.0], [113392.5, 390.0], [113395.0, 1320.0], [113407.5, 6420.0], [113415.0, 1310.0], [113427.5, 1320.0]]}}}
{"jsonrpc": "2.0", "method": "subscription", "params": {"channel": "book.BTC-7NOV25.none.20.100ms", "data": {"timestamp": 1761733669945, "change_id": 124145643866, "instrument_name": "BTC-7NOV25", "bids": [[113287.5, 1490.0], [113285.0, 12280.0], [113282.5, 3100.0], [113280.0, 9010.0], [113277.5, 10000.0], [113270.0, 26220.0], [113267.5, 90610.0], [113265.0, 2230.0], [113262.5, 3000.0], [113260.0, 300.0], [113257.5, 1000.0], [113252.5, 40420.0], [113250.0, 1310.0], [113237.5, 390.0], [113235.0, 2190.0], [113232.5, 27170.0], [113227.5, 1390.0], [113225.0, 4650.0], [113207.5, 1300.0], [113205.0, 1750.0]], "asks": [[113290.0, 7370.0], [113292.5, 3100.0], [113295.0, 12400.0], [113297.5, 11680.0], [113300.0, 51710.0], [113302.5, 54450.0], [113305.0, 950.0], [113307.5, 3140.0], [113310.0, 30.0], [113312.5, 13980.0], [113315.0, 46840.0], [113320.0, 11060.0], [113325.0, 37040.0], [113335.0, 380.0], [113337.5, 1270.0], [113392.5, 390.0], [113395.0, 1320.0], [113407.5, 6420.0], [113415.0, 1310.0], [113427.5, 1320.0]]}}}
{"jsonrpc": "2.0", "method": "subscription", "params": {"channel": "book.BTC-7NOV25.none.20.100ms", "data": {"timestamp": 1761733670285, "change_id": 124145644337, "instrument_name": "BTC-7NOV25", "bids": [[113287.5, 1490.0], [113285.0, 12280.0], [113282.5, 3100.0], [113280.0, 9010.0], [113277.5, 10000.0], [113270.0, 11230.0], [113265.0, 2230.0], [113262.5, 3000.0], [113260.0, 300.0], [113257.5, 1000.0], [113252.5, 40420.0], [113250.0, 1310.0], [113237.5, 390.0], [113235.0, 2190.0], [113232.5, 27170.0], [113227.5, 1390.0], [113225.0, 4650.0], [113207.5, 1300.0], [113205.0, 1750.0], [113202.5, 3000.0]], "asks": [[113290.0, 7370.0], [113292.5, 3100.0], [113295.0, 12400.0], [113297.5, 11680.0], [113300.0, 51710.0], [113302.5, 54610.0], [113305.0, 3010.0], [113307.5, 10040.0], [113310.0, 30.0], [113312.5, 13980.0], [113315.0, 36680.0], [113320.0, 11060.0], [113325.0, 37040.0], [113335.0, 380.0], [113337.5, 1270.0], [113392.5, 390.0], [113395.0, 1320.0], [113407.5, 6420.0], [113415.0, 1310.0], [113427.5, 1320.0]]}}}
{"jsonrpc": "2.0", "method": "subscription", "params": {"channel": "book.BTC-7NOV25.none.20.100ms", "data": {"timestamp": 1761733670519, "change_id": 124145644965, "instrument_name": "BTC-7NOV25", "bids": [[113287.5, 1490.0], [113285.0, 12280.0], [113282.5, 3100.0], [113280.0, 9010.0], [113277.5, 10000.0], [113275.0, 970.0], [113272.5, 3100.0], [113270.0, 1430.0], [113265.0, 5330.0], [113262.5, 3000.0], [113260.0, 300.0], [113257.5, 1000.0], [113255.0, 12460.0], [113252.5, 40420.0], [113250.0, 1310.0], [113237.5, 390.0], [113235.0, 2190.0], [113232.5, 3000.0], [113227.5, 1390.0], [113225.0, 28060.0]], "asks": [[113290.0, 7370.0], [113292.5, 3100.0], [113295.0, 12400.0], [113297.5, 14780.0], [113300.0, 51710.0], [113302.5, 51510.0], [113305.0, 3010.0], [113307.5, 10040.0], [113310.0, 30.0], [113312.5, 13980.0], [113315.0, 36680.0], [113320.0, 11060.0], [113325.0, 37040.0], [113335.0, 380.0], [113337.5, 1270.0], [113392.5, 390.0], [113395.0, 1320.0], [113405.0, 1920.0], [113407.5, 6420.0], [113415.0, 1310.0]]}}}
{"jsonrpc": "2.0", "method": "subscription", "params": {"channel": "book.BTC-7NOV25.none.20.100ms", "data": {"timestamp": 1761733670935, "change_id": 124145645265, "instrument_name": "BTC-7NOV25", "bids": [[113287.5, 1490.0], [113285.0, 12280.0], [113282.5, 3100.0], [113280.0, 9010.0], [113277.5, 10000.0], [113275.0, 970.0], [113272.5, 3100.0], [113270.0, 12000.0], [113267.5, 35770.0], [113265.0, 5330.0], [113262.5, 3000.0], [113260.0, 300.0], [113257.5, 76300.0], [113255.0, 12460.0], [113252.5, 40420.0], [113250.0, 1310.0], [113237.5, 390.0], [113235.0, 2190.0], [113232.5, 3000.0], [113227.5, 1390.0]], "asks": [[113290.0, 7370.0], [113292.5, 3100.0], [113295.0, 12400.0], [113297.5, 14780.0], [113300.0, 51710.0], [113302.5, 51510.0], [113305.0, 3010.0], [113307.5, 10040.0], [113310.0, 30.0], [113312.5, 13980.0], [113315.0, 36680.0], [113320.0, 11060.0], [113325.0, 37040.0], [113335.0, 380.0], [113337.5, 1270.0], [113392.5, 390.0], [113395.0, 1320.0], [113405.0, 1920.0], [113407.5, 6420.0], [113415.0, 1310.0]]}}}
{"jsonrpc": "2.0", "method": "subscription", "params": {"channel": "book.BTC-7NOV25.none.20.100ms", "data": {"timestamp": 1761733671159, "change_id": 124145645360, "instrument_name": "BTC-7NOV25", "bids": [[113287.5, 1490.0], [113285.0, 12280.0], [113282.5, 3100.0], [113280.0, 9010.0], [113277.5, 10000.0], [113275.0, 970.0], [113272.5, 3100.0], [113270.0, 12000.0], [113267.5, 35770.0], [113265.0, 5330.0], [113262.5, 3000.0], [113260.0, 300.0], [113257.5, 76300.0], [113255.0, 12460.0], [113252.5, 40420.0], [113250.0, 1310.0], [113237.5, 390.0], [113235.0, 2190.0], [113232.5, 3000.0], [113227.5, 1390.0]], "asks": [[113290.0, 7370.0], [113292.5, 3100.0], [113295.0, 12400.0], [113297.5, 14780.0], [113300.0, 51710.0], [113302.5, 51510.0], [113305.0, 3010.0], [113307.5, 10040.0], [113310.0, 30.0], [113312.5, 13980.0], [113315.0, 36680.0], [113320.0, 11060.0], [113325.0, 37040.0], [113335.0, 380.0], [113337.5, 1270.0], [113392.5, 390.0], [113395.0, 1320.0], [113405.0, 1920.0], [113407.5, 6420.0], [113415.0, 1310.0]]}}}
{"jsonrpc": "2.0", "method": "subscription", "params": {"channel": "book.BTC-7NOV25.none.20.100ms", "data": {"timestamp": 1761733671510, "change_id": 124145646109, "instrument_name": "BTC-7NOV25", "bids": [[113287.5, 690.0], [113285.0, 12280.0], [113282.5, 3100.0], [113280.0, 9010.0], [113277.5, 13100.0], [113275.0, 1770.0], [113272.5, 3100.0], [113270.0, 15100.0], [113267.5, 35770.0], [113265.0, 2230.0], [113262.5, 3000.0], [113260.0, 22740.0], [113257.5, 76300.0], [113255.0, 12460.0], [113252.5, 40420.0], [113250.0, 1310.0], [113237.5, 390.0], [113235.0, 2190.0], [113232.5, 3000.0], [113227.5, 8200.0]], "asks": [[113290.0, 2820.0], [113292.5, 3100.0], [113295.0, 12400.0], [113297.5, 14780.0], [113300.0, 51710.0], [113302.5, 51510.0], [113305.0, 3010.0], [113307.5, 10040.0], [113310.0, 30.0], [113312.5, 13980.0], [113315.0, 36680.0], [113320.0, 11060.0], [113325.0, 37040.0], [113335.0, 380.0], [113337.5, 1270.0], [113392.5, 390.0], [113395.0, 1320.0], [113405.0, 1920.0], [113407.5, 6420.0], [113412.5, 390.0]]}}}
{"jsonrpc": "2.0", "method": "subscription", "params": {"channel": "book.BTC-7NOV25.none.20.100ms", "data": {"timestamp": 1761733672062, "change_id": 124145646384, "instrument_name": "BTC-7NOV25", "bids": [[113287.5, 690.0], [113285.0, 12280.0], [113282.5, 3100.0], [113280.0, 9010.0], [113277.5, 13100.0], [113275.0, 1770.0], [113272.5, 3100.0], [113270.0, 15100.0], [113267.5, 35770.0], [113265.0, 2230.0], [113262.5, 3000.0], [113260.0, 22740.0], [113257.5, 166900.0], [113255.0, 12460.0], [113252.5, 40420.0], [113250.0, 1310.0], [113237.5, 390.0], [113235.0, 2190.0], [113232.5, 3000.0], [113227.5, 8200.0]], "asks": [[113290.0, 2820.0], [113292.5, 3100.0], [113295.0, 12400.0], [113297.5, 14780.0], [113300.0, 51710.0], [113302.5, 51510.0], [113305.0, 3010.0], [113307.5, 10040.0], [113310.0, 30.0], [113312.5, 13980.0], [113315.0, 36680.0], [113320.0, 11060.0], [113325.0, 37040.0], [113335.0, 380.0], [113337.5, 1270.0], [113392.5, 390.0], [113395.0, 1320.0], [113405.0, 1920.0], [113407.5, 6420.0], [113412.5, 390.0]]}}}
{"jsonrpc": "2.0", "method": "subscription", "params": {"channel": "book.BTC-7NOV25.none.20.100ms", "data": {"timestamp": 1761733672527, "change_id": 124145647148, "instrument_name": "BTC-7NOV25", "bids": [[113287.5, 4400.0], [113285.0, 12280.0], [113282.5, 3100.0], [113280.0, 9010.0], [113277.5, 13100.0], [113275.0, 970.0], [113272.5, 3100.0], [113270.0, 12000.0], [113267.5, 35770.0], [113265.0, 2230.0], [113262.5, 3000.0], [113260.0, 46910.0], [113257.5, 166900.0], [113255.0, 12460.0], [113252.5, 40420.0], [113250.0, 1310.0], [113237.5, 390.0], [113235.0, 2190.0], [113232.5, 3000.0], [113227.5, 8200.0]], "asks": [[113290.0, 5920.0], [113292.5, 3100.0], [113295.0, 12400.0], [113297.5, 14780.0], [113300.0, 51710.0], [113302.5, 51510.0], [113305.0, 3010.0], [113307.5, 10040.0], [113310.0, 30.0], [113312.5, 13980.0], [113315.0, 36680.0], [113320.0, 11060.0], [113325.0, 37040.0], [113335.0, 380.0], [113337.5, 1270.0], [113392.5, 390.0], [113395.0, 1320.0], [113405.0, 1920.0], [113407.5, 6420.0], [113412.5, 390.0]]}}}
{"jsonrpc": "2.0", "method": "subscription", "params": {"channel": "book.BTC-7NOV25.none.20.100ms", "data": {"timestamp": 1761733672828, "change_id": 124145647532, "instrument_name": "BTC-7NOV25", "bids": [[113287.5, 1300.0], [113285.0, 2280.0], [113282.5, 3100.0], [113280.0, 11500.0], [113277.5, 13100.0], [113275.0, 10970.0], [113272.5, 3100.0], [113270.0, 560.0], [113265.0, 2230.0], [113262.5, 3000.0], [113260.0, 46910.0], [113257.5, 166900.0], [113255.0, 12460.0], [113252.5, 40420.0], [113250.0, 1310.0], [113237.5, 390.0], [113235.0, 2190.0], [113232.5, 3000.0], [113227.5, 8200.0], [113225.0, 28060.0]], "asks": [[113290.0, 5920.0], [113292.5, 3100.0], [113295.0, 12400.0], [113297.5, 14780.0], [113300.0, 51710.0], [113302.5, 51510.0], [113305.0, 3010.0], [113307.5, 10040.0], [113310.0, 30.0], [113312.5, 13980.0], [113315.0, 36680.0], [113320.0, 11060.0], [113325.0, 37040.0], [113335.0, 380.0], [113337.5, 1270.0], [113392.5, 390.0], [113395.0, 1320.0], [113405.0, 1920.0], [113407.5, 6420.0], [113412.5, 390.0]]}}}
{"jsonrpc": "2.0", "method": "subscription", "params": {"channel": "book.BTC-7NOV25.none.20.100ms", "data": {"timestamp": 1761733673236, "change_id": 124145648061, "instrument_name": "BTC-7NOV25", "bids": [[113287.5, 80.0], [113282.5, 13100.0], [113280.0, 9010.0], [113277.5, 10000.0], [113275.0, 970.0], [113272.5, 3100.0], [113270.0, 560.0], [113265.0, 2230.0], [113262.5, 3000.0], [113260.0, 46910.0], [113257.5, 166900.0], [113255.0, 12460.0], [113252.5, 35770.0], [113250.0, 1310.0], [113237.5, 390.0], [113235.0, 2190.0], [113232.5, 3000.0], [113227.5, 8200.0], [113225.0, 28060.0], [113207.5, 1300.0]], "asks": [[113290.0, 5920.0], [113292.5, 3100.0], [113295.0, 12400.0], [113297.5, 14780.0], [113300.0, 51710.0], [113302.5, 51510.0], [113305.0, 3010.0], [113307.5, 10040.0], [113310.0, 30.0], [113312.5, 13980.0], [113315.0, 36680.0], [113320.0, 11060.0], [113325.0, 37040.0], [113335.0, 380.0], [113337.5, 1270.0], [113392.5, 390.0], [113395.0, 1320.0], [113405.0, 1920.0], [113407.5, 6420.0], [113412.5, 390.0]]}}}
{"jsonrpc": "2.0", "method": "subscription", "params": {"channel": "book.BTC-7NOV25.none.20.100ms", "data": {"timestamp": 1761733673485, "change_id": 124145648836, "instrument_name": "BTC-7NOV25", "bids": [[113287.5, 80.0], [113285.0, 2710.0], [113282.5, 13100.0], [113280.0, 9010.0], [113277.5, 10000.0], [113275.0, 970.0], [113272.5, 3100.0], [113270.0, 1430.0], [113265.0, 5330.0], [113262.5, 3000.0], [113260.0, 46910.0], [113257.5, 166900.0], [113255.0, 12460.0], [113252.5, 35770.0], [113250.0, 1310.0], [113247.5, 4650.0], [113237.5, 390.0], [113235.0, 2190.0], [113232.5, 3000.0], [113227.5, 8200.0]], "asks": [[113290.0, 5920.0], [113292.5, 21690.0], [113295.0, 12400.0], [113297.5, 4100.0], [113300.0, 61710.0], [113302.5, 51510.0], [113307.5, 40.0], [113310.0, 30.0], [113312.5, 13980.0], [113315.0, 36680.0], [113320.0, 11060.0], [113325.0, 37040.0], [113335.0, 380.0], [113337.5, 1270.0], [113392.5, 390.0], [113395.0, 1320.0], [113405.0, 1920.0], [113407.5, 6420.0], [113412.5, 390.0], [113415.0, 1310.0]]}}}
{"jsonrpc": "2.0", "method": "subscription", "params": {"channel": "book.BTC-7NOV25.none.20.100ms", "data": {"timestamp": 1761733673824, "change_id": 124145649285, "instrument_name": "BTC-7NOV25", "bids": [[113287.5, 80.0], [113285.0, 2710.0], [113282.5, 13100.0], [113280.0, 9010.0], [113277.5, 10000.0], [113275.0, 970.0], [113272.5, 3100.0], [113270.0, 1270.0], [113265.0, 5330.0], [113262.5, 3000.0], [113260.0, 46910.0], [113257.5, 166900.0], [113255.0, 12620.0], [113252.5, 35770.0], [113250.0, 2700.0], [113247.5, 4650.0], [113237.5, 390.0], [113235.0, 2190.0], [113232.5, 3000.0], [113227.5, 1390.0]], "asks": [[113290.0, 5920.0], [113292.5, 21690.0], [113295.0, 12400.0], [113297.5, 4100.0], [113300.0, 61710.0], [113302.5, 51510.0], [113307.5, 40.0], [113310.0, 30.0], [113312.5, 13980.0], [113315.0, 36680.0], [113320.0, 11060.0], [113325.0, 37040.0], [113335.0, 380.0], [113337.5, 1270.0], [113392.5, 390.0], [113395.0, 1320.0], [113405.0, 1920.0], [113407.5, 6420.0], [113412.5, 390.0], [113415.0, 1310.0]]}}}
{"jsonrpc": "2.0", "method": "subscription", "params": {"channel": "book.BTC-7NOV25.none.20.100ms", "data": {"timestamp": 1761733674164, "change_id": 124145649460, "instrument_name": "BTC-7NOV25", "bids": [[113287.5, 80.0], [113285.0, 2710.0], [113282.5, 13100.0], [113280.0, 9010.0], [113277.5, 10000.0], [113275.0, 970.0], [113272.5, 3100.0], [113270.0, 1270.0], [113265.0, 5330.0], [113262.5, 3000.0], [113260.0, 46910.0], [113257.5, 166900.0], [113255.0, 12620.0], [113252.5, 35770.0], [113250.0, 2700.0], [113247.5, 4650.0], [113237.5, 390.0], [113235.0, 2190.0], [113232.5, 3000.0], [113227.5, 1390.0]], "asks": [[113290.0, 5920.0], [113292.5, 21690.0], [113295.0, 12400.0], [113297.5, 4100.0], [113300.0, 61710.0], [113302.5, 51510.0], [113307.5, 40.0], [113310.0, 30.0], [113312.5, 13980.0], [113315.0, 36680.0], [113320.0, 11060.0], [113325.0, 37040.0], [113335.0, 380.0], [113337.5, 1270.0], [113392.5, 390.0], [113395.0, 1320.0], [113405.0, 1920.0], [113407.5, 6420.0], [113412.5, 390.0], [113415.0, 1310.0]]}}}
{"jsonrpc": "2.0", "method": "subscription", "params": {"channel": "book.BTC-7NOV25.none.20.100ms", "data": {"timestamp": 1761733674518, "change_id": 124145650404, "instrument_name": "BTC-7NOV25", "bids": [[113287.5, 80.0], [113282.5, 600.0], [113280.0, 5910.0], [113277.5, 10000.0], [113275.0, 3790.0], [113272.5, 3100.0], [113270.0, 12090.0], [113267.5, 3100.0], [113265.0, 5330.0], [113262.5, 3000.0], [113260.0, 46910.0], [113257.5, 166900.0], [113255.0, 12620.0], [113252.5, 35770.0], [113250.0, 2700.0], [113247.5, 4650.0], [113237.5, 390.0], [113235.0, 2190.0], [113232.5, 3000.0], [113227.5, 1390.0]], "asks": [[113290.0, 5920.0], [113292.5, 21690.0], [113295.0, 12400.0], [113297.5, 4100.0], [113300.0, 61710.0], [113302.5, 51510.0], [113307.5, 40.0], [113310.0, 30.0], [113312.5, 13980.0], [113315.0, 36680.0], [113320.0, 11060.0], [113325.0, 37040.0], [113335.0, 380.0], [113337.5, 1270.0], [113392.5, 390.0], [113395.0, 1320.0], [113405.0, 1920.0], [113407.5, 6420.0], [113412.5, 390.0], [113415.0, 1310.0]]}}}
{"jsonrpc": "2.0", "method": "subscription", "params": {"channel": "book.BTC-7NOV25.none.20.100ms", "data": {"timestamp": 1761733674838, "change_id": 124145651224, "instrument_name": "BTC-7NOV25", "bids": [[113287.5, 80.0], [113280.0, 2000.0], [113277.5, 10000.0], [113275.0, 3160.0], [113272.5, 3100.0], [113270.0, 11850.0], [113267.5, 3100.0], [113265.0, 4000.0], [113262.5, 4330.0], [113255.0, 160.0], [113252.5, 390.0], [113250.0, 1310.0], [113247.5, 300.0], [113245.0, 1000.0], [113237.5, 390.0], [113235.0, 2190.0], [113232.5, 3000.0], [113222.5, 1330.0], [113220.0, 7140.0], [113217.5, 23910.0]], "asks": [[113290.0, 6080.0], [113292.5, 21690.0], [113295.0, 12400.0], [113297.5, 4100.0], [113300.0, 61710.0], [113302.5, 51350.0], [113307.5, 40.0], [113310.0, 30.0], [113312.5, 13980.0], [113315.0, 36680.0], [113320.0, 11060.0], [113325.0, 37040.0], [113335.0, 380.0], [113337.5, 1270.0], [113367.5, 6980.0], [113370.0, 23380.0], [113392.5, 390.0], [113395.0, 1320.0], [113405.0, 1920.0], [113407.5, 6420.0]]}}}
{"jsonrpc": "2.0", "method": "subscription", "params": {"channel": "book.BTC-7NOV25.none.20.100ms", "data": {"timestamp": 1761733674996, "change_id": 124145651341, "instrument_name": "BTC-7NOV25", "bids": [[113287.5, 80.0], [113280.0, 2000.0], [113277.5, 10000.0], [113275.0, 3160.0], [113272.5, 3100.0], [113270.0, 11850.0], [113267.5, 3100.0], [113265.0, 4000.0], [113262.5, 4330.0], [113255.0, 160.0], [113252.5, 390.0], [113250.0, 1310.0], [113247.5, 300.0], [113245.0, 1000.0], [113237.5, 5040.0], [113235.0, 2190.0], [113232.5, 3000.0], [113222.5, 1330.0], [113220.0, 7140.0], [113217.5, 23910.0]], "asks": [[113290.0, 6080.0], [113292.5, 31690.0], [113295.0, 12400.0], [113297.5, 4100.0], [113300.0, 51710.0], [113302.5, 51350.0], [113307.5, 40.0], [113310.0, 30.0], [113312.5, 13980.0], [113315.0, 36680.0], [113320.0, 11060.0], [113325.0, 37040.0], [113335.0, 380.0], [113337.5, 1270.0], [113367.5, 6980.0], [113370.0, 23380.0], [113392.5, 390.0], [113395.0, 1320.0], [113405.0, 1920.0], [113407.5, 6420.0]]}}}
{"jsonrpc": "2.0", "method": "subscription", "params": {"channel": "book.BTC-7NOV25.none.20.100ms", "data": {"timestamp": 1761733675845, "change_id": 124145653118, "instrument_name": "BTC-7NOV25", "bids": [[113287.5, 80.0], [113280.0, 2000.0], [113275.0, 5280.0], [113272.5, 3100.0], [113270.0, 21850.0], [113267.5, 3100.0], [113265.0, 4000.0], [113262.5, 4330.0], [113255.0, 160.0], [113252.5, 390.0], [113250.0, 1310.0], [113247.5, 300.0], [113245.0, 1000.0], [113242.5, 1390.0], [113240.0, 4650.0], [113237.5, 390.0], [113235.0, 2190.0], [113232.5, 3000.0], [113222.5, 1330.0], [113220.0, 7140.0]], "asks": [[113290.0, 6080.0], [113292.5, 41250.0], [113295.0, 12400.0], [113297.5, 54100.0], [113300.0, 38330.0], [113302.5, 1350.0], [113307.5, 40.0], [113310.0, 30.0], [113312.5, 13980.0], [113315.0, 36680.0], [113320.0, 11060.0], [113325.0, 37040.0], [113335.0, 380.0], [113337.5, 1270.0], [113367.5, 6980.0], [113370.0, 23380.0], [113392.5, 390.0], [113395.0, 1320.0], [113405.0, 1920.0], [113407.5, 6420.0]]}}}
{"jsonrpc": "2.0", "method": "subscription", "params": {"channel": "book.BTC-7NOV25.none.20.100ms", "data": {"timestamp": 1761733676234, "change_id": 124145653588, "instrument_name": "BTC-7NOV25", "bids": [[113280.0, 2000.0], [113272.5, 9070.0], [113270.0, 21850.0], [113267.5, 3100.0], [113265.0, 4000.0], [113262.5, 3000.0], [113255.0, 160.0], [113252.5, 11020.0], [113250.0, 37080.0], [113247.5, 300.0], [113245.0, 1000.0], [113237.5, 390.0], [113235.0, 2190.0], [113232.5, 3000.0], [113222.5, 1330.0], [113210.0, 390.0], [113207.5, 24760.0], [113205.0, 790.0], [113202.5, 3000.0], [113197.5, 400.0]], "asks": [[113282.5, 12760.0], [113285.0, 1900.0], [113287.5, 3100.0], [113290.0, 19200.0], [113292.5, 48870.0], [113295.0, 34580.0], [113297.5, 50000.0], [113300.0, 38330.0], [113302.5, 1350.0], [113305.0, 900.0], [113307.5, 40.0], [113310.0, 30.0], [113312.5, 13980.0], [113315.0, 36680.0], [113325.0, 1270.0], [113335.0, 380.0], [113337.5, 1270.0], [113367.5, 6980.0], [113370.0, 23380.0], [113392.5, 390.0]]}}}
{"jsonrpc": "2.0", "method": "subscription", "params": {"channel": "book.BTC-7NOV25.none.20.100ms", "data": {"timestamp": 1761733676390, "change_id": 124145654879, "instrument_name": "BTC-7NOV25", "bids": [[113270.0, 10000.0], [113262.5, 3000.0], [113260.0, 10000.0], [113255.0, 160.0], [113252.5, 3100.0], [113250.0, 39080.0], [113247.5, 3100.0], [113245.0, 1000.0], [113240.0, 35770.0], [113235.0, 1290.0], [113232.5, 3000.0], [113230.0, 4650.0], [113222.5, 1330.0], [113207.5, 24760.0], [113202.5, 3000.0], [113195.0, 1330.0], [113190.0, 4650.0], [113182.5, 1290.0], [113170.0, 6250.0], [113157.5, 1280.0]], "asks": [[113272.5, 11560.0], [113280.0, 3100.0], [113282.5, 38870.0], [113285.0, 11330.0], [113287.5, 3100.0], [113290.0, 3270.0], [113292.5, 88870.0], [113295.0, 5550.0], [113300.0, 35780.0], [113302.5, 1350.0], [113307.5, 40.0], [113310.0, 30.0], [113325.0, 1270.0], [113337.5, 1270.0], [113370.0, 23380.0], [113395.0, 1320.0], [113407.5, 6420.0], [113415.0, 1310.0], [113427.5, 1320.0], [113435.0, 10.0]]}}}
{"jsonrpc": "2.0", "method": "subscription", "params": {"channel": "book.BTC-7NOV25.none.20.100ms", "data": {"timestamp": 1761733676852, "change_id": 124145655436, "instrument_name": "BTC-7NOV25", "bids": [[113270.0, 10000.0], [113265.0, 3880.0], [113262.5, 3000.0], [113260.0, 10000.0], [113252.5, 14770.0], [113250.0, 40300.0], [113247.5, 3100.0], [113245.0, 1000.0], [113242.5, 10730.0], [113240.0, 35930.0], [113235.0, 1290.0], [113232.5, 3000.0], [113230.0, 4650.0], [113222.5, 1330.0], [113210.0, 7390.0], [113207.5, 24760.0], [113202.5, 3000.0], [113195.0, 1330.0], [113190.0, 4650.0], [113182.5, 1290.0]], "asks": [[113272.5, 11560.0], [113277.5, 930.0], [113280.0, 18080.0], [113282.5, 38870.0], [113285.0, 27910.0], [113287.5, 53100.0], [113290.0, 16530.0], [113292.5, 38870.0], [113295.0, 5550.0], [113297.5, 10680.0], [113300.0, 35780.0], [113302.5, 1350.0], [113307.5, 40.0], [113310.0, 30.0], [113325.0, 1270.0], [113337.5, 1270.0], [113370.0, 23380.0], [113395.0, 1320.0], [113407.5, 6420.0], [113415.0, 1310.0]]}}}
{"jsonrpc": "2.0", "method": "subscription", "params": {"channel": "book.BTC-7NOV25.none.20.100ms", "data": {"timestamp": 1761733677197, "change_id": 124145655646, "instrument_name": "BTC-7NOV25", "bids": [[113270.0, 10000.0], [113265.0, 3880.0], [113262.5, 3000.0], [113260.0, 10000.0], [113255.0, 12350.0], [113252.5, 3100.0], [113250.0, 42080.0], [113247.5, 3100.0], [113245.0, 7470.0], [113242.5, 64440.0], [113240.0, 35930.0], [113235.0, 1290.0], [113232.5, 3000.0], [113230.0, 4650.0], [113222.5, 1330.0], [113210.0, 7390.0], [113207.5, 24760.0], [113202.5, 3000.0], [113195.0, 1330.0], [113190.0, 4650.0]], "asks": [[113272.5, 11560.0], [113277.5, 930.0], [113280.0, 18080.0], [113282.5, 38870.0], [113285.0, 27910.0], [113287.5, 53100.0], [113290.0, 16530.0], [113292.5, 38870.0], [113295.0, 5550.0], [113297.5, 10680.0], [113300.0, 35780.0], [113302.5, 1350.0], [113307.5, 40.0], [113310.0, 30.0], [113325.0, 1270.0], [113337.5, 1270.0], [113370.0, 23380.0], [113395.0, 1320.0], [113407.5, 6420.0], [113415.0, 1310.0]]}}}
{"jsonrpc": "2.0", "method": "subscription", "params": {"channel": "book.BTC-7NOV25.none.20.100ms", "data": {"timestamp": 1761733677440, "change_id": 124145656264, "instrument_name": "BTC-7NOV25", "bids": [[113270.0, 10000.0], [113265.0, 3880.0], [113262.5, 6100.0], [113260.0, 10930.0], [113257.5, 3100.0], [113255.0, 12350.0], [113252.5, 3100.0], [113250.0, 42090.0], [113247.5, 3100.0], [113245.0, 7470.0], [113242.5, 64440.0], [113240.0, 35930.0], [113235.0, 1290.0], [113232.5, 3000.0], [113230.0, 4650.0], [113222.5, 1330.0], [113210.0, 7390.0], [113207.5, 24760.0], [113202.5, 3000.0], [113195.0, 1330.0]], "asks": [[113272.5, 8460.0], [113275.0, 1850.0], [113277.5, 3100.0], [113280.0, 18080.0], [113282.5, 38870.0], [113285.0, 27910.0], [113287.5, 53110.0], [113290.0, 13430.0], [113292.5, 35770.0], [113295.0, 5550.0], [113297.5, 10680.0], [113300.0, 35780.0], [113302.5, 1350.0], [113307.5, 40.0], [113310.0, 30.0], [113325.0, 1270.0], [113337.5, 1270.0], [113370.0, 23380.0], [113395.0, 1320.0], [113407.5, 6420.0]]}}}
{"jsonrpc": "2.0", "method": "subscription", "params": {"channel": "book.BTC-7NOV25.none.20.100ms", "data": {"timestamp": 1761733677866, "change_id": 124145656778, "instrument_name": "BTC-7NOV25", "bids": [[113270.0, 10000.0], [113265.0, 3880.0], [113262.5, 6100.0], [113260.0, 10930.0], [113257.5, 3100.0], [113255.0, 12350.0], [113252.5, 3100.0], [113250.0, 42090.0], [113247.5, 3100.0], [113245.0, 34230.0], [113242.5, 53710.0], [113240.0, 35930.0], [113235.0, 1290.0], [113232.5, 3000.0], [113230.0, 4650.0], [113222.5, 1330.0], [113210.0, 7390.0], [113207.5, 24760.0], [113205.0, 900.0], [113202.5, 3000.0]], "asks": [[113272.5, 8460.0], [113275.0, 1850.0], [113277.5, 3100.0], [113280.0, 18080.0], [113282.5, 38870.0], [113285.0, 27910.0], [113287.5, 53110.0], [113290.0, 13430.0], [113292.5, 35770.0], [113295.0, 5550.0], [113297.5, 10680.0], [113300.0, 36180.0], [113302.5, 1350.0], [113307.5, 40.0], [113310.0, 30.0], [113325.0, 1270.0], [113335.0, 380.0], [113337.5, 1270.0], [113367.5, 6980.0], [113370.0, 23380.0]]}}}
{"jsonrpc": "2.0", "method": "subscription", "params": {"channel": "book.BTC-7NOV25.none.20.100ms", "data": {"timestamp": 1761733678507, "change_id": 124145657644, "instrument_name": "BTC-7NOV25", "bids": [[113270.0, 13100.0], [113267.5, 4030.0], [113265.0, 6980.0], [113262.5, 6100.0], [113260.0, 10930.0], [113257.5, 3100.0], [113255.0, 12350.0], [113252.5, 3100.0], [113250.0, 42090.0], [113245.0, 34230.0], [113242.5, 53710.0], [113240.0, 35930.0], [113235.0, 1290.0], [113232.5, 3000.0], [113230.0, 4650.0], [113222.5, 1330.0], [113210.0, 7390.0], [113207.5, 24760.0], [113205.0, 900.0], [113202.5, 3000.0]], "asks": [[113272.5, 11560.0], [113275.0, 1850.0], [113277.5, 3100.0], [113280.0, 30170.0], [113282.5, 85770.0], [113285.0, 11330.0], [113287.5, 10.0], [113290.0, 13430.0], [113292.5, 35770.0], [113295.0, 5550.0], [113297.5, 10680.0], [113300.0, 36180.0], [113302.5, 1350.0], [113307.5, 40.0], [113310.0, 30.0], [113325.0, 1270.0], [113335.0, 380.0], [113337.5, 1270.0], [113367.5, 6980.0], [113370.0, 23380.0]]}}}
{"jsonrpc": "2.0", "method": "subscription", "params": {"channel": "book.BTC-7NOV25.none.20.100ms", "data": {"timestamp": 1761733678866, "change_id": 124145658078, "instrument_name": "BTC-7NOV25", "bids": [[113270.0, 13100.0], [113267.5, 4030.0], [113265.0, 6980.0], [113262.5, 6100.0], [113260.0, 10930.0], [113257.5, 3100.0], [113255.0, 12350.0], [113250.0, 42090.0], [113245.0, 34230.0], [113242.5, 53710.0], [113240.0, 35930.0], [113235.0, 2190.0], [113232.5, 3000.0], [113222.5, 1330.0], [113210.0, 7390.0], [113207.5, 24760.0], [113205.0, 900.0], [113202.5, 3000.0], [113197.5, 400.0], [113195.0, 1330.0]], "asks": [[113272.5, 11560.0], [113275.0, 1850.0], [113277.5, 3100.0], [113280.0, 30170.0], [113282.5, 85770.0], [113285.0, 11330.0], [113287.5, 10.0], [113290.0, 13430.0], [113292.5, 35770.0], [113295.0, 5550.0], [113297.5, 10680.0], [113300.0, 36180.0], [113302.5, 1350.0], [113307.5, 40.0], [113310.0, 30.0], [113322.5, 380.0], [113325.0, 1270.0], [113335.0, 380.0], [113337.5, 1270.0], [113367.5, 6980.0]]}}}
{"jsonrpc": "2.0", "method": "subscription", "params": {"channel": "book.BTC-7NOV25.none.20.100ms", "data": {"timestamp": 1761733678942, "change_id": 124145658153, "instrument_name": "BTC-7NOV25", "bids": [[113270.0, 10000.0], [113267.5, 4030.0], [113265.0, 6980.0], [113262.5, 3000.0], [113260.0, 10000.0], [113255.0, 12350.0], [113250.0, 42090.0], [113245.0, 34230.0], [113242.5, 53710.0], [113240.0, 35930.0], [113235.0, 6840.0], [113232.5, 3000.0], [113222.5, 1330.0], [113210.0, 7390.0], [113207.5, 24760.0], [113205.0, 900.0], [113202.5, 3000.0], [113197.5, 400.0], [113195.0, 1330.0], [113190.0, 4650.0]], "asks": [[113272.5, 11560.0], [113275.0, 1850.0], [113277.5, 3100.0], [113280.0, 30170.0], [113282.5, 85770.0], [113285.0, 11330.0], [113287.5, 10.0], [113290.0, 13430.0], [113292.5, 35770.0], [113295.0, 5550.0], [113297.5, 10680.0], [113300.0, 36180.0], [113302.5, 1350.0], [113307.5, 40.0], [113310.0, 30.0], [113322.5, 380.0], [113325.0, 1270.0], [113335.0, 380.0], [113337.5, 1270.0], [113367.5, 6980.0]]}}}
{"jsonrpc": "2.0", "method": "subscription", "params": {"channel": "book.BTC-7NOV25.none.20.100ms", "data": {"timestamp": 1761733679526, "change_id": 124145658985, "instrument_name": "BTC-7NOV25", "bids": [[113270.0, 13100.0], [113267.5, 4030.0], [113265.0, 6980.0], [113262.5, 6100.0], [113260.0, 10000.0], [113257.5, 10.0], [113255.0, 12360.0], [113250.0, 42080.0], [113245.0, 34230.0], [113242.5, 53710.0], [113240.0, 35930.0], [113235.0, 6840.0], [113232.5, 3000.0], [113222.5, 1330.0], [113210.0, 7390.0], [113207.5, 24760.0], [113205.0, 900.0], [113202.5, 3000.0], [113197.5, 400.0], [113195.0, 1330.0]], "asks": [[113272.5, 11560.0], [113275.0, 1850.0], [113277.5, 3100.0], [113280.0, 30170.0], [113282.5, 85770.0], [113285.0, 11340.0], [113287.5, 10.0], [113290.0, 13430.0], [113292.5, 35770.0], [113295.0, 5550.0], [113297.5, 10680.0], [113300.0, 36180.0], [113302.5, 1350.0], [113307.5, 40.0], [113310.0, 30.0], [113322.5, 380.0], [113325.0, 1270.0], [113335.0, 380.0], [113337.5, 1270.0], [113367.5, 6980.0]]}}}
{"jsonrpc": "2.0", "method": "subscription", "params": {"channel": "book.BTC-7NOV25.none.20.100ms", "data": {"timestamp": 1761733679579, "change_id": 124145658995, "instrument_name": "BTC-7NOV25", "bids": [[113270.0, 10000.0], [113267.5, 4030.0], [113265.0, 6980.0], [113262.5, 3000.0], [113260.0, 10000.0], [113257.5, 10.0], [113255.0, 12360.0], [113250.0, 42080.0], [113245.0, 34230.0], [113242.5, 53710.0], [113240.0, 35930.0], [113235.0, 6840.0], [113232.5, 3000.0], [113222.5, 1330.0], [113210.0, 7390.0], [113207.5, 24760.0], [113205.0, 900.0], [113202.5, 3000.0], [113197.5, 400.0], [113195.0, 1330.0]], "asks": [[113272.5, 11560.0], [113275.0, 1850.0], [113277.5, 3100.0], [113280.0, 30170.0], [113282.5, 85770.0], [113285.0, 11340.0], [113287.5, 10.0], [113290.0, 13430.0], [113292.5, 35770.0], [113295.0, 5550.0], [113297.5, 10680.0], [113300.0, 36180.0], [113302.5, 1350.0], [113307.5, 40.0], [113310.0, 30.0], [113322.5, 380.0], [113325.0, 1270.0], [113335.0, 380.0], [113337.5, 1270.0], [113367.5, 6980.0]]}}}
{"jsonrpc": "2.0", "method": "subscription", "params": {"channel": "book.BTC-7NOV25.none.20.100ms", "data": {"timestamp": 1761733680169, "change_id": 124145659342, "instrument_name": "BTC-7NOV25", "bids": [[113270.0, 10000.0], [113267.5, 4030.0], [113265.0, 6980.0], [113262.5, 3000.0], [113260.0, 10000.0], [113257.5, 10.0], [113255.0, 12360.0], [113250.0, 42080.0], [113245.0, 34230.0], [113242.5, 53710.0], [113240.0, 35930.0], [113237.5, 1770.0], [113235.0, 6840.0], [113232.5, 3000.0], [113222.5, 1330.0], [113210.0, 7390.0], [113207.5, 24760.0], [113205.0, 900.0], [113202.5, 3000.0], [113197.5, 400.0]], "asks": [[113272.5, 11560.0], [113275.0, 1850.0], [113277.5, 3100.0], [113280.0, 30170.0], [113282.5, 85770.0], [113285.0, 11340.0], [113287.5, 10.0], [113290.0, 13430.0], [113292.5, 35770.0], [113295.0, 5550.0], [113297.5, 10680.0], [113300.0, 36180.0], [113302.5, 1350.0], [113307.5, 40.0], [113310.0, 30.0], [113322.5, 380.0], [113325.0, 1270.0], [113335.0, 380.0], [113337.5, 1270.0], [113357.5, 1920.0]]}}}
{"jsonrpc": "2.0", "method": "subscription", "params": {"channel": "book.BTC-7NOV25.none.20.100ms", "data": {"timestamp": 1761733680409, "change_id": 124145659870, "instrument_name": "BTC-7NOV25", "bids": [[113270.0, 10000.0], [113267.5, 4030.0], [113265.0, 6980.0], [113262.5, 6100.0], [113260.0, 10930.0], [113257.5, 3110.0], [113255.0, 12360.0], [113250.0, 42080.0], [113245.0, 34230.0], [113242.5, 53710.0], [113240.0, 35930.0], [113237.5, 1770.0], [113235.0, 6840.0], [113232.5, 3000.0], [113222.5, 1330.0], [113210.0, 7390.0], [113207.5, 24760.0], [113205.0, 900.0], [113202.5, 3000.0], [113197.5, 400.0]], "asks": [[113272.5, 11560.0], [113275.0, 1850.0], [113277.5, 3100.0], [113280.0, 30170.0], [113282.5, 85770.0], [113285.0, 11340.0], [113287.5, 10.0], [113290.0, 13430.0], [113292.5, 35770.0], [113295.0, 5550.0], [113297.5, 10680.0], [113300.0, 36180.0], [113302.5, 1350.0], [113307.5, 40.0], [113310.0, 30.0], [113322.5, 380.0], [113325.0, 1270.0], [113335.0, 380.0], [113337.5, 1270.0], [113357.5, 1920.0]]}}}
{"jsonrpc": "2.0", "method": "subscription", "params": {"channel": "book.BTC-7NOV25.none.20.100ms", "data": {"timestamp": 1761733681397, "change_id": 124145660845, "instrument_name": "BTC-7NOV25", "bids": [[113270.0, 13100.0], [113267.5, 4030.0], [113265.0, 6980.0], [113262.5, 6100.0], [113260.0, 10930.0], [113257.5, 3110.0], [113255.0, 12360.0], [113250.0, 42080.0], [113245.0, 34230.0], [113242.5, 53710.0], [113240.0, 35930.0], [113237.5, 1770.0], [113235.0, 6840.0], [113232.5, 3000.0], [113225.0, 400.0], [113222.5, 1330.0], [113210.0, 7390.0], [113207.5, 24760.0], [113205.0, 900.0], [113202.5, 3000.0]], "asks": [[113272.5, 11560.0], [113275.0, 1850.0], [113277.5, 3100.0], [113280.0, 30170.0], [113282.5, 85770.0], [113285.0, 11340.0], [113287.5, 10.0], [113290.0, 13430.0], [113292.5, 35770.0], [113295.0, 5550.0], [113297.5, 10680.0], [113300.0, 36180.0], [113302.5, 1350.0], [113307.5, 40.0], [113310.0, 30.0], [113322.5, 380.0], [113325.0, 1270.0], [113335.0, 380.0], [113337.5, 1270.0], [113357.5, 1920.0]]}}}
{"jsonrpc": "2.0", "method": "subscription", "params": {"channel": "book.BTC-7NOV25.none.20.100ms", "data": {"timestamp": 1761733681844, "change_id": 124145661346, "instrument_name": "BTC-7NOV25", "bids": [[113270.0, 13100.0], [113267.5, 4030.0], [113265.0, 6980.0], [113262.5, 6100.0], [113260.0, 10000.0], [113257.5, 30.0], [113255.0, 12350.0], [113250.0, 42080.0], [113245.0, 34230.0], [113242.5, 53710.0], [113240.0, 35930.0], [113237.5, 1770.0], [113235.0, 6840.0], [113232.5, 3000.0], [113225.0, 400.0], [113222.5, 1330.0], [113210.0, 7390.0], [113207.5, 24760.0], [113205.0, 900.0], [113202.5, 3000.0]], "asks": [[113272.5, 11560.0], [113275.0, 1850.0], [113277.5, 3100.0], [113280.0, 30170.0], [113282.5, 85770.0], [113285.0, 11350.0], [113287.5, 10.0], [113290.0, 13430.0], [113292.5, 35770.0], [113295.0, 5550.0], [113297.5, 10680.0], [113300.0, 36180.0], [113302.5, 1350.0], [113307.5, 40.0], [113310.0, 30.0], [113322.5, 380.0], [113325.0, 1270.0], [113335.0, 380.0], [113337.5, 1270.0], [113357.5, 1920.0]]}}}
{"jsonrpc": "2.0", "method": "subscription", "params": {"channel": "book.BTC-7NOV25.none.20.100ms", "data": {"timestamp": 1761733682385, "change_id": 124145661819, "instrument_name": "BTC-7NOV25", "bids": [[113270.0, 13100.0], [113267.5, 4030.0], [113265.0, 6980.0], [113262.5, 6100.0], [113260.0, 10760.0], [113257.5, 2530.0], [113255.0, 12350.0], [113250.0, 42080.0], [113245.0, 34230.0], [113242.5, 53710.0], [113240.0, 35930.0], [113237.5, 1770.0], [113235.0, 6840.0], [113232.5, 3000.0], [113225.0, 400.0], [113222.5, 1330.0], [113210.0, 7390.0], [113207.5, 24760.0], [113205.0, 900.0], [113202.5, 3000.0]], "asks": [[113272.5, 11560.0], [113275.0, 1850.0], [113277.5, 3100.0], [113280.0, 30170.0], [113282.5, 85770.0], [113285.0, 11350.0], [113287.5, 10.0], [113290.0, 13430.0], [113292.5, 35770.0], [113295.0, 5550.0], [113297.5, 10680.0], [113300.0, 36180.0], [113302.5, 1350.0], [113307.5, 40.0], [113310.0, 30.0], [113322.5, 380.0], [113325.0, 1270.0], [113335.0, 380.0], [113337.5, 1270.0], [113357.5, 1920.0]]}}}
{"jsonrpc": "2.0", "method": "subscription", "params": {"channel": "book.BTC-7NOV25.none.20.100ms", "data": {"timestamp": 1761733683475, "change_id": 124145663192, "instrument_name": "BTC-7NOV25", "bids": [[113270.0, 13100.0], [113267.5, 4030.0], [113265.0, 15370.0], [113262.5, 6100.0], [113260.0, 36530.0], [113257.5, 2530.0], [113255.0, 12350.0], [113250.0, 42080.0], [113245.0, 34230.0], [113242.5, 53710.0], [113240.0, 35930.0], [113237.5, 1770.0], [113235.0, 6840.0], [113232.5, 3000.0], [113225.0, 400.0], [113222.5, 1330.0], [113210.0, 7390.0], [113207.5, 24760.0], [113205.0, 900.0], [113202.5, 3000.0]], "asks": [[113272.5, 11560.0], [113275.0, 1850.0], [113277.5, 3100.0], [113280.0, 30170.0], [113282.5, 35770.0], [113285.0, 61350.0], [113287.5, 10.0], [113290.0, 13430.0], [113292.5, 35770.0], [113295.0, 5550.0], [113297.5, 10680.0], [113300.0, 36180.0], [113302.5, 1350.0], [113307.5, 40.0], [113310.0, 30.0], [113322.5, 380.0], [113325.0, 1270.0], [113335.0, 380.0], [113337.5, 1270.0], [113357.5, 1920.0]]}}}
{"jsonrpc": "2.0", "method": "subscription", "params": {"channel": "book.BTC-7NOV25.none.20.100ms", "data": {"timestamp": 1761733684025, "change_id": 124145663524, "instrument_name": "BTC-7NOV25", "bids": [[113270.0, 13100.0], [113267.5, 4030.0], [113265.0, 15370.0], [113262.5, 6100.0], [113260.0, 36530.0], [113257.5, 2540.0], [113255.0, 12350.0], [113250.0, 42080.0], [113245.0, 34230.0], [113242.5, 53710.0], [113240.0, 35930.0], [113237.5, 1770.0], [113235.0, 6840.0], [113232.5, 3000.0], [113225.0, 400.0], [113222.5, 1330.0], [113210.0, 7390.0], [113207.5, 24760.0], [113205.0, 900.0], [113202.5, 3000.0]], "asks": [[113272.5, 11560.0], [113275.0, 1850.0], [113277.5, 3100.0], [113280.0, 30170.0], [113282.5, 35770.0], [113285.0, 61360.0], [113287.5, 10.0], [113290.0, 13430.0], [113292.5, 35770.0], [113295.0, 5550.0], [113297.5, 10680.0], [113300.0, 36180.0], [113302.5, 1350.0], [113307.5, 40.0], [113310.0, 30.0], [113322.5, 380.0], [113325.0, 1270.0], [113335.0, 380.0], [113337.5, 1270.0], [113357.5, 1920.0]]}}}
{"jsonrpc": "2.0", "method": "subscription", "params": {"channel": "book.BTC-7NOV25.none.20.100ms", "data": {"timestamp": 1761733684736, "change_id": 124145664380, "instrument_name": "BTC-7NOV25", "bids": [[113270.0, 13100.0], [113267.5, 4030.0], [113265.0, 4920.0], [113262.5, 6100.0], [113260.0, 760.0], [113257.5, 2540.0], [113255.0, 12350.0], [113250.0, 42080.0], [113245.0, 34230.0], [113242.5, 53710.0], [113240.0, 35930.0], [113237.5, 1770.0], [113235.0, 6840.0], [113232.5, 3000.0], [113225.0, 400.0], [113222.5, 1330.0], [113210.0, 7390.0], [113207.5, 24760.0], [113205.0, 900.0], [113202.5, 3000.0]], "asks": [[113272.5, 11560.0], [113275.0, 1850.0], [113277.5, 3100.0], [113280.0, 30170.0], [113282.5, 35770.0], [113285.0, 61360.0], [113287.5, 10.0], [113290.0, 13430.0], [113292.5, 35770.0], [113295.0, 5550.0], [113297.5, 10680.0], [113300.0, 36180.0], [113302.5, 1350.0], [113307.5, 40.0], [113310.0, 30.0], [113322.5, 380.0], [113325.0, 1270.0], [113335.0, 380.0], [113337.5, 1270.0], [113357.5, 1920.0]]}}}
{"jsonrpc": "2.0", "method": "subscription", "params": {"channel": "book.BTC-7NOV25.none.20.100ms", "data": {"timestamp": 1761733685168, "change_id": 124145665101, "instrument_name": "BTC-7NOV25", "bids": [[113270.0, 10000.0], [113267.5, 930.0], [113265.0, 4000.0], [113262.5, 3000.0], [113260.0, 760.0], [113257.5, 2540.0], [113255.0, 11540.0], [113250.0, 41150.0], [113245.0, 34230.0], [113242.5, 53710.0], [113240.0, 35930.0], [113237.5, 1770.0], [113235.0, 6840.0], [113232.5, 3000.0], [113225.0, 400.0], [113222.5, 1330.0], [113210.0, 7390.0], [113207.5, 24760.0], [113205.0, 900.0], [113202.5, 3000.0]], "asks": [[113272.5, 11560.0], [113275.0, 1850.0], [113277.5, 3100.0], [113280.0, 30170.0], [113282.5, 35770.0], [113285.0, 61360.0], [113287.5, 10.0], [113290.0, 13430.0], [113292.5, 35770.0], [113295.0, 5550.0], [113297.5, 10680.0], [113300.0, 36180.0], [113302.5, 1350.0], [113307.5, 40.0], [113310.0, 30.0], [113322.5, 380.0], [113325.0, 1270.0], [113335.0, 380.0], [113337.5, 1270.0], [113357.5, 1920.0]]}}}
