{"jsonrpc": "2.0", "id": 1, "result": ["book.BTC-23JAN26.none.20.100ms"], "usIn": 1768887267464042, "usOut": 1768887267464233, "usDiff": 191, "testnet": false}
{"jsonrpc": "2.0", "method": "subscription", "params": {"channel": "book.BTC-23JAN26.none.20.100ms", "data": {"timestamp": 1768887267415, "change_id": 136163234159, "instrument_name": "BTC-23JAN26", "bids": [[91750.0, 6440.0], [91747.5, 1900.0], [91745.0, 450.0], [91742.5, 10.0], [91740.0, 3480.0], [91737.5, 1900.0], [91735.0, 3400.0], [91732.5, 570.0], [91730.0, 1900.0], [91727.5, 63140.0], [91725.0, 53110.0], [91722.5, 44020.0], [91712.5, 900.0], [91710.0, 3000.0], [91690.0, 1360.0], [91687.5, 4540.0], [91682.5, 300.0], [91680.0, 1000.0], [91652.5, 300.0], [91650.0, 5700.0]], "asks": [[91752.5, 47310.0], [91755.0, 7450.0], [91757.5, 3410.0], [91760.0, 570.0], [91762.5, 1900.0], [91765.0, 1130.0], [91767.5, 1900.0], [91770.0, 2500.0], [91772.5, 2000.0], [91812.5, 10530.0], [91815.0, 20060.0], [91817.5, 600.0], [91820.0, 2000.0], [91840.0, 4800.0], [91842.5, 16090.0], [91915.0, 20300.0], [91947.5, 8300.0], [91960.0, 40580.0], [92010.0, 50000.0], [92107.5, 40290.0]]}}}
{"jsonrpc": "2.0", "method": "subscription", "params": {"channel": "book.BTC-23JAN26.none.20.100ms", "data": {"timestamp": 1768887267415, "change_id": 136163234159, "instrument_name": "BTC-23JAN26", "bids": [[91750.0, 6440.0], [91747.5, 1900.0], [91745.0, 450.0], [91742.5, 10.0], [91740.0, 3480.0], [91737.5, 1900.0], [91735.0, 3400.0], [91732.5, 570.0], [91730.0, 1900.0], [91727.5, 63140.0], [91725.0, 53110.0], [91722.5, 44020.0], [91712.5, 900.0], [91710.0, 3000.0], [91690.0, 1360.0], [91687.5, 4540.0], [91682.5, 300.0], [91680.0, 1000.0], [91652.5, 300.0], [91650.0, 5700.0]], "asks": [[91752.5, 47310.0], [91755.0, 7450.0], [91757.5, 3410.0], [91760.0, 570.0], [91762.5, 1900.0], [91765.0, 1130.0], [91767.5, 1900.0], [91770.0, 2500.0], [91772.5, 2000.0], [91812.5, 10530.0], [91815.0, 20060.0], [91817.5, 600.0], [91820.0, 2000.0], [91840.0, 4800.0], [91842.5, 16090.0], [91915.0, 20300.0], [91947.5, 8300.0], [91960.0, 40580.0], [92010.0, 50000.0], [92107.5, 40290.0]]}}}
{"jsonrpc": "2.0", "method": "subscription", "params": {"channel": "book.BTC-23JAN26.none.20.100ms", "data": {"timestamp": 1768887267733, "change_id": 136163234370, "instrument_name": "BTC-23JAN26", "bids": [[91750.0, 4540.0], [91747.5, 1900.0], [91742.5, 1910.0], [91740.0, 1580.0], [91737.5, 1900.0], [91735.0, 3400.0], [91732.5, 570.0], [91730.0, 1900.0], [91727.5, 63140.0], [91725.0, 53110.0], [91722.5, 44020.0], [91712.5, 900.0], [91710.0, 3000.0], [91690.0, 1360.0], [91687.5, 4540.0], [91682.5, 300.0], [91680.0, 1000.0], [91652.5, 300.0], [91650.0, 5700.0], [91647.5, 15740.0]], "asks": [[91752.5, 48810.0], [91755.0, 7010.0], [91757.5, 1910.0], [91760.0, 570.0], [91762.5, 1900.0], [91765.0, 1130.0], [91767.5, 1900.0], [91770.0, 2500.0], [91772.5, 2000.0], [91812.5, 10530.0], [91815.0, 20060.0], [91817.5, 600.0], [91820.0, 2000.0], [91840.0, 4800.0], [91842.5, 16090.0], [91915.0, 20300.0], [91947.5, 8300.0], [91960.0, 40580.0], [92010.0, 50000.0], [92107.5, 40290.0]]}}}
{"jsonrpc": "2.0", "method": "subscription", "params": {"channel": "book.BTC-23JAN26.none.20.100ms", "data": {"timestamp": 1768887268139, "change_id": 136163235067, "instrument_name": "BTC-23JAN26", "bids": [[91750.0, 4540.0], [91742.5, 1910.0], [91740.0, 1580.0], [91737.5, 1900.0], [91735.0, 3400.0], [91732.5, 570.0], [91730.0, 1900.0], [91727.5, 63140.0], [91725.0, 53110.0], [91722.5, 44020.0], [91712.5, 900.0], [91710.0, 3000.0], [91690.0, 1360.0], [91687.5, 4540.0], [91682.5, 300.0], [91680.0, 1000.0], [91652.5, 300.0], [91650.0, 5700.0], [91647.5, 15740.0], [91645.0, 1330.0]], "asks": [[91752.5, 48810.0], [91755.0, 7010.0], [91757.5, 1910.0], [91760.0, 570.0], [91762.5, 1900.0], [91765.0, 1130.0], [91767.5, 1900.0], [91770.0, 2500.0], [91772.5, 2000.0], [91812.5, 10530.0], [91815.0, 20060.0], [91817.5, 600.0], [91820.0, 2000.0], [91840.0, 4800.0], [91842.5, 16090.0], [91915.0, 20300.0], [91947.5, 6400.0], [91960.0, 40580.0], [92010.0, 50000.0], [92107.5, 40290.0]]}}}
{"jsonrpc": "2.0", "method": "subscription", "params": {"channel": "book.BTC-23JAN26.none.20.100ms", "data": {"timestamp": 1768887268860, "change_id": 136163235755, "instrument_name": "BTC-23JAN26", "bids": [[91745.0, 1900.0], [91742.5, 1900.0], [91740.0, 1130.0], [91737.5, 1900.0], [91735.0, 1910.0], [91732.5, 570.0], [91730.0, 1900.0], [91727.5, 64640.0], [91725.0, 53110.0], [91722.5, 44020.0], [91710.0, 1000.0], [91690.0, 1360.0], [91687.5, 4540.0], [91682.5, 300.0], [91680.0, 1000.0], [91652.5, 300.0], [91650.0, 5700.0], [91647.5, 15740.0], [91645.0, 1330.0], [91642.5, 4450.0]], "asks": [[91747.5, 6440.0], [91750.0, 15920.0], [91752.5, 48810.0], [91755.0, 2470.0], [91757.5, 1910.0], [91760.0, 570.0], [91762.5, 1900.0], [91765.0, 1130.0], [91767.5, 1900.0], [91770.0, 2500.0], [91772.5, 2000.0], [91812.5, 10530.0], [91815.0, 20060.0], [91817.5, 600.0], [91820.0, 2000.0], [91840.0, 4800.0], [91842.5, 16090.0], [91915.0, 20300.0], [91947.5, 8300.0], [91960.0, 40580.0]]}}}
{"jsonrpc": "2.0", "method": "subscription", "params": {"channel": "book.BTC-23JAN26.none.20.100ms", "data": {"timestamp": 1768887269078, "change_id": 136163236409, "instrument_name": "BTC-23JAN26", "bids": [[91742.5, 1900.0], [91740.0, 5670.0], [91737.5, 1900.0], [91735.0, 1910.0], [91732.5, 570.0], [91730.0, 1900.0], [91727.5, 64640.0], [91725.0, 53110.0], [91722.5, 44020.0], [91710.0, 1000.0], [91690.0, 1360.0], [91687.5, 4540.0], [91682.5, 300.0], [91680.0, 1000.0], [91652.5, 300.0], [91650.0, 5700.0], [91647.5, 15740.0], [91645.0, 1330.0], [91642.5, 4450.0], [91605.0, 6030.0]], "asks": [[91747.5, 6440.0], [91750.0, 15920.0], [91752.5, 48820.0], [91755.0, 2470.0], [91757.5, 1900.0], [91760.0, 570.0], [91762.5, 1900.0], [91765.0, 1130.0], [91767.5, 1900.0], [91770.0, 2500.0], [91772.5, 2000.0], [91812.5, 10530.0], [91815.0, 20060.0], [91817.5, 600.0], [91820.0, 2000.0], [91840.0, 4800.0], [91842.5, 16090.0], [91915.0, 20300.0], [91947.5, 8300.0], [91960.0, 40580.0]]}}}
{"jsonrpc": "2.0", "method": "subscription", "params": {"channel": "book.BTC-23JAN26.none.20.100ms", "data": {"timestamp": 1768887269447, "change_id": 136163237073, "instrument_name": "BTC-23JAN26", "bids": [[91745.0, 6440.0], [91742.5, 1900.0], [91740.0, 1130.0], [91737.5, 1910.0], [91735.0, 1900.0], [91732.5, 570.0], [91730.0, 2350.0], [91727.5, 1500.0], [91712.5, 300.0], [91710.0, 1000.0], [91707.5, 50000.0], [91690.0, 1360.0], [91687.5, 4540.0], [91682.5, 300.0], [91680.0, 1000.0], [91652.5, 300.0], [91650.0, 5700.0], [91647.5, 15740.0], [91645.0, 1330.0], [91642.5, 4450.0]], "asks": [[91747.5, 1900.0], [91750.0, 20460.0], [91752.5, 48810.0], [91755.0, 2480.0], [91757.5, 1900.0], [91760.0, 570.0], [91762.5, 1900.0], [91765.0, 1130.0], [91767.5, 1900.0], [91770.0, 2500.0], [91772.5, 2000.0], [91812.5, 10530.0], [91815.0, 20060.0], [91840.0, 4800.0], [91842.5, 16090.0], [91915.0, 20300.0], [91947.5, 8300.0], [91960.0, 40580.0], [92010.0, 50000.0], [92107.5, 40290.0]]}}}
{"jsonrpc": "2.0", "method": "subscription", "params": {"channel": "book.BTC-23JAN26.none.20.100ms", "data": {"timestamp": 1768887269709, "change_id": 136163237201, "instrument_name": "BTC-23JAN26", "bids": [[91745.0, 6440.0], [91742.5, 1900.0], [91740.0, 1130.0], [91737.5, 1910.0], [91735.0, 2910.0], [91732.5, 1500.0], [91730.0, 1900.0], [91727.5, 13140.0], [91725.0, 44020.0], [91712.5, 300.0], [91710.0, 1000.0], [91707.5, 50000.0], [91690.0, 1360.0], [91687.5, 4540.0], [91682.5, 300.0], [91680.0, 1000.0], [91652.5, 300.0], [91650.0, 5700.0], [91647.5, 15740.0], [91645.0, 1330.0]], "asks": [[91747.5, 1900.0], [91750.0, 20460.0], [91752.5, 48810.0], [91755.0, 580.0], [91757.5, 1900.0], [91760.0, 570.0], [91762.5, 1900.0], [91765.0, 1130.0], [91767.5, 1900.0], [91770.0, 2500.0], [91772.5, 2000.0], [91812.5, 10530.0], [91815.0, 20060.0], [91840.0, 4800.0], [91842.5, 16090.0], [91915.0, 20300.0], [91947.5, 8300.0], [91960.0, 40580.0], [92010.0, 50000.0], [92107.5, 40290.0]]}}}
{"jsonrpc": "2.0", "method": "subscription", "params": {"channel": "book.BTC-23JAN26.none.20.100ms", "data": {"timestamp": 1768887270118, "change_id": 136163237786, "instrument_name": "BTC-23JAN26", "bids": [[91745.0, 6440.0], [91742.5, 1900.0], [91740.0, 1130.0], [91737.5, 1910.0], [91735.0, 2910.0], [91732.5, 1500.0], [91730.0, 1900.0], [91727.5, 63140.0], [91725.0, 44020.0], [91712.5, 300.0], [91710.0, 1000.0], [91690.0, 1360.0], [91687.5, 4540.0], [91682.5, 300.0], [91680.0, 1000.0], [91652.5, 300.0], [91650.0, 5700.0], [91647.5, 15740.0], [91645.0, 1330.0], [91642.5, 4450.0]], "asks": [[91747.5, 1900.0], [91750.0, 20460.0], [91752.5, 48810.0], [91755.0, 580.0], [91757.5, 1900.0], [91760.0, 570.0], [91762.5, 1900.0], [91765.0, 1130.0], [91767.5, 1900.0], [91770.0, 2500.0], [91772.5, 2000.0], [91812.5, 10530.0], [91815.0, 20060.0], [91840.0, 4800.0], [91842.5, 16090.0], [91915.0, 20300.0], [91947.5, 8300.0], [91960.0, 40580.0], [92010.0, 50000.0], [92107.5, 40290.0]]}}}
{"jsonrpc": "2.0", "method": "subscription", "params": {"channel": "book.BTC-23JAN26.none.20.100ms", "data": {"timestamp": 1768887270356, "change_id": 136163238244, "instrument_name": "BTC-23JAN26", "bids": [[91745.0, 4540.0], [91742.5, 1900.0], [91740.0, 1130.0], [91737.5, 1910.0], [91735.0, 2470.0], [91730.0, 1900.0], [91727.5, 63140.0], [91725.0, 45520.0], [91712.5, 300.0], [91710.0, 3000.0], [91690.0, 1360.0], [91687.5, 4540.0], [91682.5, 300.0], [91680.0, 1000.0], [91652.5, 300.0], [91650.0, 5700.0], [91647.5, 15740.0], [91645.0, 1330.0], [91642.5, 4450.0], [91605.0, 6030.0]], "asks": [[91747.5, 3400.0], [91750.0, 20460.0], [91752.5, 47310.0], [91755.0, 580.0], [91757.5, 1900.0], [91760.0, 570.0], [91762.5, 1900.0], [91765.0, 1130.0], [91767.5, 1900.0], [91770.0, 2500.0], [91772.5, 2000.0], [91807.5, 600.0], [91810.0, 2000.0], [91812.5, 10530.0], [91815.0, 20060.0], [91840.0, 4800.0], [91842.5, 16090.0], [91915.0, 20300.0], [91947.5, 8300.0], [91960.0, 40580.0]]}}}
{"jsonrpc": "2.0", "method": "subscription", "params": {"channel": "book.BTC-23JAN26.none.20.100ms", "data": {"timestamp": 1768887270699, "change_id": 136163238406, "instrument_name": "BTC-23JAN26", "bids": [[91745.0, 4540.0], [91742.5, 1900.0], [91737.5, 1910.0], [91735.0, 570.0], [91730.0, 1900.0], [91727.5, 63140.0], [91725.0, 45520.0], [91712.5, 300.0], [91710.0, 3000.0], [91690.0, 1360.0], [91687.5, 4540.0], [91682.5, 300.0], [91680.0, 1000.0], [91652.5, 300.0], [91650.0, 5700.0], [91647.5, 15740.0], [91645.0, 1330.0], [91642.5, 4450.0], [91605.0, 6030.0], [91602.5, 20190.0]], "asks": [[91747.5, 3400.0], [91750.0, 20460.0], [91752.5, 47310.0], [91755.0, 580.0], [91757.5, 1900.0], [91760.0, 570.0], [91762.5, 1900.0], [91765.0, 1130.0], [91767.5, 1900.0], [91770.0, 2500.0], [91772.5, 2000.0], [91807.5, 600.0], [91810.0, 2000.0], [91812.5, 10530.0], [91815.0, 20060.0], [91840.0, 4800.0], [91842.5, 16090.0], [91915.0, 20300.0], [91947.5, 8300.0], [91960.0, 40580.0]]}}}
{"jsonrpc": "2.0", "method": "subscription", "params": {"channel": "book.BTC-23JAN26.none.20.100ms", "data": {"timestamp": 1768887271831, "change_id": 136163239492, "instrument_name": "BTC-23JAN26", "bids": [[91745.0, 6440.0], [91737.5, 1910.0], [91735.0, 570.0], [91730.0, 1900.0], [91727.5, 63140.0], [91725.0, 45520.0], [91712.5, 860.0], [91710.0, 3000.0], [91690.0, 1360.0], [91687.5, 4540.0], [91682.5, 300.0], [91680.0, 1000.0], [91652.5, 300.0], [91650.0, 5700.0], [91647.5, 15740.0], [91645.0, 1330.0], [91642.5, 4450.0], [91605.0, 6030.0], [91602.5, 20190.0], [91577.5, 650.0]], "asks": [[91747.5, 7940.0], [91750.0, 15920.0], [91752.5, 47310.0], [91755.0, 580.0], [91757.5, 1900.0], [91760.0, 570.0], [91762.5, 1900.0], [91765.0, 1130.0], [91767.5, 1900.0], [91770.0, 2500.0], [91772.5, 2000.0], [91807.5, 600.0], [91810.0, 2000.0], [91812.5, 10530.0], [91815.0, 20060.0], [91840.0, 4800.0], [91842.5, 16090.0], [91915.0, 20300.0], [91947.5, 8300.0], [91960.0, 40580.0]]}}}
{"jsonrpc": "2.0", "method": "subscription", "params": {"channel": "book.BTC-23JAN26.none.20.100ms", "data": {"timestamp": 1768887272359, "change_id": 136163240367, "instrument_name": "BTC-23JAN26", "bids": [[91745.0, 6440.0], [91737.5, 1910.0], [91735.0, 570.0], [91730.0, 1900.0], [91727.5, 63140.0], [91725.0, 45520.0], [91712.5, 860.0], [91710.0, 3000.0], [91690.0, 1360.0], [91687.5, 4540.0], [91682.5, 300.0], [91680.0, 1000.0], [91652.5, 300.0], [91650.0, 5700.0], [91647.5, 15740.0], [91645.0, 1330.0], [91642.5, 4450.0], [91605.0, 6030.0], [91602.5, 20190.0], [91577.5, 650.0]], "asks": [[91747.5, 3400.0], [91750.0, 15920.0], [91752.5, 47310.0], [91755.0, 580.0], [91757.5, 1900.0], [91760.0, 570.0], [91762.5, 1900.0], [91765.0, 1130.0], [91767.5, 1900.0], [91770.0, 2500.0], [91772.5, 2000.0], [91807.5, 600.0], [91810.0, 2000.0], [91812.5, 10530.0], [91815.0, 20060.0], [91840.0, 4800.0], [91842.5, 16090.0], [91915.0, 20300.0], [91947.5, 8300.0], [91960.0, 40580.0]]}}}
{"jsonrpc": "2.0", "method": "subscription", "params": {"channel": "book.BTC-23JAN26.none.20.100ms", "data": {"timestamp": 1768887272583, "change_id": 136163240515, "instrument_name": "BTC-23JAN26", "bids": [[91745.0, 6440.0], [91740.0, 570.0], [91737.5, 1910.0], [91735.0, 1460.0], [91732.5, 1900.0], [91730.0, 3400.0], [91727.5, 63140.0], [91725.0, 44020.0], [91712.5, 860.0], [91710.0, 3000.0], [91690.0, 1360.0], [91687.5, 4540.0], [91682.5, 300.0], [91680.0, 1000.0], [91652.5, 300.0], [91650.0, 5700.0], [91647.5, 15740.0], [91645.0, 1330.0], [91642.5, 4450.0], [91605.0, 6030.0]], "asks": [[91747.5, 7940.0], [91750.0, 15920.0], [91752.5, 47310.0], [91755.0, 580.0], [91757.5, 1900.0], [91760.0, 570.0], [91762.5, 1900.0], [91765.0, 1130.0], [91767.5, 1900.0], [91770.0, 2500.0], [91772.5, 2000.0], [91807.5, 600.0], [91810.0, 2000.0], [91812.5, 10530.0], [91815.0, 20060.0], [91840.0, 4800.0], [91842.5, 16090.0], [91915.0, 20300.0], [91947.5, 8300.0], [91960.0, 40580.0]]}}}
{"jsonrpc": "2.0", "method": "subscription", "params": {"channel": "book.BTC-23JAN26.none.20.100ms", "data": {"timestamp": 1768887273693, "change_id": 136163241635, "instrument_name": "BTC-23JAN26", "bids": [[91745.0, 6440.0], [91740.0, 570.0], [91737.5, 1910.0], [91735.0, 1460.0], [91732.5, 1900.0], [91730.0, 3400.0], [91727.5, 63140.0], [91725.0, 44020.0], [91712.5, 860.0], [91710.0, 3000.0], [91690.0, 1360.0], [91687.5, 4540.0], [91682.5, 300.0], [91680.0, 1000.0], [91652.5, 300.0], [91650.0, 5700.0], [91647.5, 15740.0], [91645.0, 1330.0], [91642.5, 4450.0], [91605.0, 6030.0]], "asks": [[91747.5, 7940.0], [91750.0, 15920.0], [91752.5, 47310.0], [91755.0, 580.0], [91757.5, 1900.0], [91760.0, 570.0], [91762.5, 1900.0], [91765.0, 1130.0], [91767.5, 1900.0], [91770.0, 2500.0], [91772.5, 2000.0], [91807.5, 600.0], [91810.0, 2000.0], [91812.5, 10530.0], [91815.0, 20060.0], [91840.0, 4800.0], [91842.5, 16090.0], [91915.0, 20300.0], [91947.5, 8300.0], [91960.0, 40580.0]]}}}
{"jsonrpc": "2.0", "method": "subscription", "params": {"channel": "book.BTC-23JAN26.none.20.100ms", "data": {"timestamp": 1768887275770, "change_id": 136163243518, "instrument_name": "BTC-23JAN26", "bids": [[91745.0, 4540.0], [91740.0, 570.0], [91737.5, 1910.0], [91735.0, 1460.0], [91732.5, 1900.0], [91730.0, 3400.0], [91727.5, 63140.0], [91725.0, 44020.0], [91712.5, 860.0], [91710.0, 3000.0], [91690.0, 1360.0], [91687.5, 4540.0], [91682.5, 300.0], [91680.0, 1000.0], [91652.5, 300.0], [91650.0, 5700.0], [91647.5, 15740.0], [91645.0, 1330.0], [91642.5, 4450.0], [91605.0, 6030.0]], "asks": [[91747.5, 7940.0], [91750.0, 15920.0], [91752.5, 47310.0], [91755.0, 580.0], [91757.5, 1900.0], [91760.0, 570.0], [91762.5, 1900.0], [91765.0, 1130.0], [91767.5, 1900.0], [91770.0, 2500.0], [91772.5, 2000.0], [91807.5, 600.0], [91810.0, 2000.0], [91812.5, 10530.0], [91815.0, 20060.0], [91840.0, 4800.0], [91842.5, 16090.0], [91915.0, 20300.0], [91947.5, 8300.0], [91960.0, 40580.0]]}}}
{"jsonrpc": "2.0", "method": "subscription", "params": {"channel": "book.BTC-23JAN26.none.20.100ms", "data": {"timestamp": 1768887275911, "change_id": 136163243566, "instrument_name": "BTC-23JAN26", "bids": [[91745.0, 4540.0], [91740.0, 570.0], [91737.5, 1910.0], [91735.0, 1460.0], [91732.5, 1900.0], [91730.0, 3400.0], [91727.5, 63140.0], [91725.0, 44020.0], [91712.5, 860.0], [91710.0, 3000.0], [91690.0, 1360.0], [91687.5, 4540.0], [91682.5, 300.0], [91680.0, 1000.0], [91652.5, 300.0], [91650.0, 5700.0], [91647.5, 15740.0], [91645.0, 1330.0], [91642.5, 4450.0], [91605.0, 6030.0]], "asks": [[91747.5, 7940.0], [91750.0, 15920.0], [91752.5, 47320.0], [91755.0, 570.0], [91757.5, 1900.0], [91760.0, 570.0], [91762.5, 1900.0], [91765.0, 1130.0], [91767.5, 1900.0], [91770.0, 2500.0], [91772.5, 2000.0], [91807.5, 600.0], [91810.0, 2000.0], [91812.5, 10530.0], [91815.0, 20060.0], [91840.0, 4800.0], [91842.5, 16090.0], [91915.0, 20300.0], [91947.5, 8300.0], [91960.0, 40580.0]]}}}
{"jsonrpc": "2.0", "method": "subscription", "params": {"channel": "book.BTC-23JAN26.none.20.100ms", "data": {"timestamp": 1768887276414, "change_id": 136163244458, "instrument_name": "BTC-23JAN26", "bids": [[91745.0, 6440.0], [91740.0, 570.0], [91737.5, 1910.0], [91735.0, 1460.0], [91732.5, 1900.0], [91730.0, 3400.0], [91727.5, 63140.0], [91725.0, 44020.0], [91712.5, 860.0], [91710.0, 3000.0], [91690.0, 1360.0], [91687.5, 4540.0], [91682.5, 300.0], [91680.0, 1000.0], [91652.5, 300.0], [91650.0, 5700.0], [91647.5, 15740.0], [91645.0, 1330.0], [91642.5, 4450.0], [91605.0, 6030.0]], "asks": [[91747.5, 7940.0], [91750.0, 15920.0], [91752.5, 47310.0], [91755.0, 580.0], [91757.5, 1900.0], [91760.0, 570.0], [91762.5, 1900.0], [91765.0, 1130.0], [91767.5, 1900.0], [91770.0, 2500.0], [91772.5, 2000.0], [91807.5, 600.0], [91810.0, 2000.0], [91812.5, 10530.0], [91815.0, 20060.0], [91840.0, 4800.0], [91842.5, 16090.0], [91915.0, 20300.0], [91947.5, 8300.0], [91960.0, 40580.0]]}}}
{"jsonrpc": "2.0", "method": "subscription", "params": {"channel": "book.BTC-23JAN26.none.20.100ms", "data": {"timestamp": 1768887277297, "change_id": 136163245284, "instrument_name": "BTC-23JAN26", "bids": [[91745.0, 6440.0], [91740.0, 570.0], [91737.5, 1910.0], [91735.0, 1460.0], [91732.5, 1900.0], [91730.0, 3400.0], [91727.5, 63140.0], [91725.0, 44020.0], [91712.5, 860.0], [91710.0, 3000.0], [91690.0, 1360.0], [91687.5, 4540.0], [91682.5, 300.0], [91680.0, 1000.0], [91652.5, 300.0], [91650.0, 5700.0], [91647.5, 15740.0], [91645.0, 1330.0], [91642.5, 4450.0], [91605.0, 6030.0]], "asks": [[91747.5, 7940.0], [91750.0, 15920.0], [91752.5, 47310.0], [91755.0, 580.0], [91757.5, 1900.0], [91760.0, 570.0], [91762.5, 1900.0], [91765.0, 1130.0], [91767.5, 1900.0], [91770.0, 2500.0], [91772.5, 2000.0], [91807.5, 600.0], [91810.0, 2000.0], [91812.5, 10530.0], [91815.0, 20060.0], [91840.0, 4800.0], [91842.5, 16090.0], [91915.0, 20300.0], [91947.5, 8300.0], [91960.0, 40580.0]]}}}
{"jsonrpc": "2.0", "method": "subscription", "params": {"channel": "book.BTC-23JAN26.none.20.100ms", "data": {"timestamp": 1768887277632, "change_id": 136163245548, "instrument_name": "BTC-23JAN26", "bids": [[91745.0, 4540.0], [91740.0, 570.0], [91737.5, 1910.0], [91735.0, 1460.0], [91732.5, 1900.0], [91730.0, 3400.0], [91727.5, 63140.0], [91725.0, 44020.0], [91712.5, 860.0], [91710.0, 3000.0], [91690.0, 1360.0], [91687.5, 4540.0], [91682.5, 300.0], [91680.0, 1000.0], [91652.5, 300.0], [91650.0, 5700.0], [91647.5, 15740.0], [91645.0, 1330.0], [91642.5, 4450.0], [91605.0, 6030.0]], "asks": [[91747.5, 7940.0], [91750.0, 15920.0], [91752.5, 47320.0], [91755.0, 570.0], [91757.5, 1900.0], [91760.0, 570.0], [91762.5, 1900.0], [91765.0, 1130.0], [91767.5, 1900.0], [91770.0, 2500.0], [91772.5, 2000.0], [91807.5, 600.0], [91810.0, 2000.0], [91812.5, 10530.0], [91815.0, 20060.0], [91840.0, 4800.0], [91842.5, 16090.0], [91915.0, 20300.0], [91947.5, 8300.0], [91960.0, 40580.0]]}}}
{"jsonrpc": "2.0", "method": "subscription", "params": {"channel": "book.BTC-23JAN26.none.20.100ms", "data": {"timestamp": 1768887278308, "change_id": 136163246264, "instrument_name": "BTC-23JAN26", "bids": [[91745.0, 4540.0], [91740.0, 570.0], [91737.5, 1910.0], [91735.0, 1460.0], [91732.5, 1900.0], [91730.0, 3400.0], [91727.5, 63140.0], [91725.0, 44020.0], [91712.5, 860.0], [91710.0, 3000.0], [91690.0, 1360.0], [91687.5, 4540.0], [91682.5, 300.0], [91680.0, 1000.0], [91652.5, 300.0], [91650.0, 5700.0], [91647.5, 15740.0], [91645.0, 1330.0], [91642.5, 4450.0], [91605.0, 6030.0]], "asks": [[91747.5, 7940.0], [91750.0, 15920.0], [91752.5, 47320.0], [91755.0, 570.0], [91757.5, 1900.0], [91760.0, 570.0], [91762.5, 1900.0], [91765.0, 1130.0], [91767.5, 1900.0], [91770.0, 2500.0], [91772.5, 2000.0], [91807.5, 600.0], [91810.0, 2000.0], [91812.5, 10530.0], [91815.0, 20060.0], [91840.0, 4800.0], [91842.5, 16090.0], [91915.0, 20300.0], [91947.5, 8300.0], [91960.0, 40580.0]]}}}
{"jsonrpc": "2.0", "method": "subscription", "params": {"channel": "book.BTC-23JAN26.none.20.100ms", "data": {"timestamp": 1768887278618, "change_id": 136163246504, "instrument_name": "BTC-23JAN26", "bids": [[91745.0, 6440.0], [91740.0, 570.0], [91737.5, 1910.0], [91735.0, 1460.0], [91732.5, 1900.0], [91730.0, 3400.0], [91727.5, 63140.0], [91725.0, 44020.0], [91712.5, 860.0], [91710.0, 3000.0], [91690.0, 1360.0], [91687.5, 4540.0], [91682.5, 300.0], [91680.0, 1000.0], [91652.5, 300.0], [91650.0, 5700.0], [91647.5, 15740.0], [91645.0, 1330.0], [91642.5, 4450.0], [91605.0, 6030.0]], "asks": [[91747.5, 7940.0], [91750.0, 15920.0], [91752.5, 47310.0], [91755.0, 580.0], [91757.5, 1900.0], [91760.0, 570.0], [91762.5, 1900.0], [91765.0, 1130.0], [91767.5, 1900.0], [91770.0, 2500.0], [91772.5, 2000.0], [91807.5, 600.0], [91810.0, 2000.0], [91812.5, 10530.0], [91815.0, 20060.0], [91840.0, 4800.0], [91842.5, 16090.0], [91915.0, 20300.0], [91947.5, 8300.0], [91960.0, 40580.0]]}}}
{"jsonrpc": "2.0", "method": "subscription", "params": {"channel": "book.BTC-23JAN26.none.20.100ms", "data": {"timestamp": 1768887279310, "change_id": 136163247207, "instrument_name": "BTC-23JAN26", "bids": [[91745.0, 6440.0], [91740.0, 570.0], [91737.5, 1910.0], [91735.0, 1460.0], [91732.5, 1900.0], [91730.0, 3400.0], [91727.5, 63140.0], [91725.0, 44020.0], [91712.5, 860.0], [91710.0, 3000.0], [91690.0, 1360.0], [91687.5, 4540.0], [91682.5, 300.0], [91680.0, 1000.0], [91652.5, 300.0], [91650.0, 5700.0], [91647.5, 15740.0], [91645.0, 1330.0], [91642.5, 4450.0], [91605.0, 6030.0]], "asks": [[91747.5, 6040.0], [91750.0, 15920.0], [91752.5, 47310.0], [91755.0, 580.0], [91757.5, 1900.0], [91760.0, 570.0], [91762.5, 1900.0], [91765.0, 1130.0], [91767.5, 1900.0], [91770.0, 2500.0], [91772.5, 2000.0], [91807.5, 600.0], [91810.0, 2000.0], [91812.5, 10530.0], [91815.0, 20060.0], [91840.0, 4800.0], [91842.5, 16090.0], [91915.0, 20300.0], [91947.5, 8300.0], [91960.0, 40580.0]]}}}
{"jsonrpc": "2.0", "method": "subscription", "params": {"channel": "book.BTC-23JAN26.none.20.100ms", "data": {"timestamp": 1768887279751, "change_id": 136163247572, "instrument_name": "BTC-23JAN26", "bids": [[91745.0, 4540.0], [91740.0, 570.0], [91737.5, 1910.0], [91735.0, 1460.0], [91732.5, 1900.0], [91730.0, 3400.0], [91727.5, 63140.0], [91725.0, 44020.0], [91712.5, 860.0], [91710.0, 3000.0], [91690.0, 1360.0], [91687.5, 4540.0], [91682.5, 300.0], [91680.0, 1000.0], [91652.5, 300.0], [91650.0, 5700.0], [91647.5, 15740.0], [91645.0, 1330.0], [91642.5, 4450.0], [91605.0, 6030.0]], "asks": [[91747.5, 7940.0], [91750.0, 15920.0], [91752.5, 47320.0], [91755.0, 570.0], [91757.5, 1900.0], [91760.0, 570.0], [91762.5, 1900.0], [91765.0, 1130.0], [91767.5, 1900.0], [91770.0, 2500.0], [91772.5, 2000.0], [91807.5, 600.0], [91810.0, 2000.0], [91812.5, 10530.0], [91815.0, 20060.0], [91840.0, 4800.0], [91842.5, 16090.0], [91915.0, 20300.0], [91947.5, 8300.0], [91960.0, 40580.0]]}}}
{"jsonrpc": "2.0", "method": "subscription", "params": {"channel": "book.BTC-23JAN26.none.20.100ms", "data": {"timestamp": 1768887281101, "change_id": 136163249074, "instrument_name": "BTC-23JAN26", "bids": [[91742.5, 4540.0], [91740.0, 570.0], [91737.5, 1900.0], [91735.0, 1460.0], [91732.5, 1910.0], [91730.0, 3400.0], [91727.5, 63140.0], [91725.0, 44020.0], [91712.5, 860.0], [91710.0, 3000.0], [91690.0, 1360.0], [91687.5, 4540.0], [91682.5, 300.0], [91680.0, 1000.0], [91652.5, 300.0], [91650.0, 5700.0], [91647.5, 15740.0], [91645.0, 1330.0], [91642.5, 4450.0], [91605.0, 6030.0]], "asks": [[91745.0, 1900.0], [91747.5, 7940.0], [91750.0, 15920.0], [91752.5, 47320.0], [91755.0, 570.0], [91757.5, 1900.0], [91760.0, 570.0], [91762.5, 1900.0], [91765.0, 1130.0], [91767.5, 1900.0], [91770.0, 2500.0], [91772.5, 2000.0], [91807.5, 600.0], [91810.0, 2000.0], [91812.5, 10530.0], [91815.0, 20060.0], [91840.0, 4800.0], [91842.5, 16090.0], [91915.0, 20300.0], [91947.5, 8300.0]]}}}
{"jsonrpc": "2.0", "method": "subscription", "params": {"channel": "book.BTC-23JAN26.none.20.100ms", "data": {"timestamp": 1768887281315, "change_id": 136163249399, "instrument_name": "BTC-23JAN26", "bids": [[91740.0, 570.0], [91737.5, 1900.0], [91735.0, 1460.0], [91732.5, 1910.0], [91730.0, 3400.0], [91727.5, 63140.0], [91725.0, 44020.0], [91712.5, 860.0], [91710.0, 3000.0], [91690.0, 1360.0], [91687.5, 4540.0], [91682.5, 300.0], [91680.0, 1000.0], [91652.5, 300.0], [91650.0, 5700.0], [91647.5, 15740.0], [91645.0, 1330.0], [91642.5, 4450.0], [91605.0, 6030.0], [91602.5, 20190.0]], "asks": [[91745.0, 8030.0], [91747.5, 3410.0], [91750.0, 15920.0], [91752.5, 47310.0], [91755.0, 570.0], [91757.5, 1900.0], [91760.0, 570.0], [91762.5, 1900.0], [91765.0, 1130.0], [91767.5, 1900.0], [91770.0, 2500.0], [91772.5, 2000.0], [91807.5, 600.0], [91810.0, 2000.0], [91812.5, 10530.0], [91815.0, 20060.0], [91840.0, 4800.0], [91842.5, 16090.0], [91915.0, 20300.0], [91947.5, 8300.0]]}}}
{"jsonrpc": "2.0", "method": "subscription", "params": {"channel": "book.BTC-23JAN26.none.20.100ms", "data": {"timestamp": 1768887281707, "change_id": 136163250096, "instrument_name": "BTC-23JAN26", "bids": [[91740.0, 570.0], [91737.5, 1900.0], [91735.0, 1460.0], [91732.5, 1910.0], [91730.0, 3400.0], [91727.5, 63140.0], [91725.0, 44020.0], [91722.5, 44020.0], [91712.5, 860.0], [91710.0, 3000.0], [91690.0, 1360.0], [91687.5, 4540.0], [91682.5, 300.0], [91680.0, 1000.0], [91652.5, 300.0], [91650.0, 5700.0], [91647.5, 15740.0], [91645.0, 1330.0], [91642.5, 4450.0], [91605.0, 6030.0]], "asks": [[91745.0, 8030.0], [91747.5, 3410.0], [91750.0, 15920.0], [91752.5, 47310.0], [91755.0, 570.0], [91757.5, 1900.0], [91760.0, 570.0], [91762.5, 1900.0], [91765.0, 570.0], [91767.5, 1900.0], [91770.0, 600.0], [91772.5, 2000.0], [91807.5, 600.0], [91810.0, 2000.0], [91812.5, 10530.0], [91815.0, 20060.0], [91840.0, 4800.0], [91842.5, 16090.0], [91915.0, 20300.0], [91947.5, 8300.0]]}}}
{"jsonrpc": "2.0", "method": "subscription", "params": {"channel": "book.BTC-23JAN26.none.20.100ms", "data": {"timestamp": 1768887282002, "change_id": 136163250522, "instrument_name": "BTC-23JAN26", "bids": [[91742.5, 4540.0], [91740.0, 570.0], [91737.5, 1900.0], [91735.0, 1470.0], [91732.5, 1900.0], [91730.0, 3400.0], [91727.5, 63140.0], [91725.0, 44020.0], [91722.5, 44020.0], [91712.5, 860.0], [91710.0, 3000.0], [91690.0, 1360.0], [91687.5, 4540.0], [91682.5, 300.0], [91680.0, 1000.0], [91652.5, 300.0], [91650.0, 5700.0], [91647.5, 15740.0], [91645.0, 1330.0], [91642.5, 4450.0]], "asks": [[91745.0, 1900.0], [91747.5, 3400.0], [91750.0, 15920.0], [91752.5, 47320.0], [91755.0, 570.0], [91757.5, 1900.0], [91760.0, 570.0], [91762.5, 1900.0], [91765.0, 570.0], [91767.5, 1900.0], [91770.0, 600.0], [91772.5, 2000.0], [91807.5, 600.0], [91810.0, 2000.0], [91812.5, 10530.0], [91815.0, 20060.0], [91840.0, 4800.0], [91842.5, 16090.0], [91915.0, 20300.0], [91947.5, 8300.0]]}}}
{"jsonrpc": "2.0", "method": "subscription", "params": {"channel": "book.BTC-23JAN26.none.20.100ms", "data": {"timestamp": 1768887282144, "change_id": 136163250802, "instrument_name": "BTC-23JAN26", "bids": [[91742.5, 4540.0], [91740.0, 570.0], [91737.5, 1900.0], [91735.0, 1470.0], [91732.5, 1900.0], [91730.0, 3400.0], [91727.5, 63140.0], [91725.0, 44020.0], [91722.5, 44020.0], [91712.5, 860.0], [91710.0, 3000.0], [91690.0, 1360.0], [91687.5, 4540.0], [91682.5, 300.0], [91680.0, 1000.0], [91652.5, 300.0], [91650.0, 5700.0], [91647.5, 15740.0], [91645.0, 1330.0], [91642.5, 4450.0]], "asks": [[91745.0, 1900.0], [91747.5, 7940.0], [91750.0, 15920.0], [91752.5, 47320.0], [91755.0, 570.0], [91757.5, 1900.0], [91760.0, 570.0], [91762.5, 1900.0], [91765.0, 570.0], [91767.5, 1900.0], [91770.0, 600.0], [91772.5, 2000.0], [91807.5, 600.0], [91810.0, 2000.0], [91812.5, 10530.0], [91815.0, 20060.0], [91840.0, 4800.0], [91842.5, 16090.0], [91915.0, 20300.0], [91947.5, 8300.0]]}}}
{"jsonrpc": "2.0", "method": "subscription", "params": {"channel": "book.BTC-23JAN26.none.20.100ms", "data": {"timestamp": 1768887282565, "change_id": 136163251148, "instrument_name": "BTC-23JAN26", "bids": [[91742.5, 6440.0], [91740.0, 570.0], [91737.5, 1900.0], [91735.0, 1470.0], [91732.5, 1900.0], [91730.0, 3400.0], [91727.5, 63140.0], [91725.0, 44020.0], [91722.5, 44020.0], [91712.5, 860.0], [91710.0, 3000.0], [91690.0, 1360.0], [91687.5, 4540.0], [91682.5, 300.0], [91680.0, 1000.0], [91652.5, 300.0], [91650.0, 5700.0], [91647.5, 15740.0], [91645.0, 1330.0], [91642.5, 4450.0]], "asks": [[91745.0, 1900.0], [91747.5, 7940.0], [91750.0, 15920.0], [91752.5, 47320.0], [91755.0, 570.0], [91757.5, 1900.0], [91760.0, 570.0], [91762.5, 1900.0], [91765.0, 570.0], [91767.5, 1900.0], [91770.0, 600.0], [91772.5, 2000.0], [91807.5, 600.0], [91810.0, 2000.0], [91812.5, 10530.0], [91815.0, 20060.0], [91840.0, 4800.0], [91842.5, 16090.0], [91915.0, 20300.0], [91947.5, 8300.0]]}}}
{"jsonrpc": "2.0", "method": "subscription", "params": {"channel": "book.BTC-23JAN26.none.20.100ms", "data": {"timestamp": 1768887282929, "change_id": 136163251350, "instrument_name": "BTC-23JAN26", "bids": [[91742.5, 6440.0], [91740.0, 570.0], [91737.5, 1900.0], [91735.0, 1470.0], [91732.5, 1900.0], [91730.0, 3400.0], [91727.5, 63140.0], [91725.0, 44020.0], [91722.5, 44020.0], [91712.5, 860.0], [91710.0, 3000.0], [91690.0, 1360.0], [91687.5, 4540.0], [91682.5, 300.0], [91680.0, 1000.0], [91652.5, 300.0], [91650.0, 5700.0], [91647.5, 15740.0], [91645.0, 1330.0], [91642.5, 4450.0]], "asks": [[91745.0, 1900.0], [91747.5, 7940.0], [91750.0, 15920.0], [91752.5, 47320.0], [91755.0, 570.0], [91757.5, 1900.0], [91760.0, 570.0], [91762.5, 1900.0], [91765.0, 570.0], [91767.5, 1900.0], [91770.0, 600.0], [91772.5, 2000.0], [91807.5, 600.0], [91810.0, 2000.0], [91812.5, 10530.0], [91815.0, 20060.0], [91840.0, 4800.0], [91842.5, 16090.0], [91915.0, 20300.0], [91947.5, 8300.0]]}}}
{"jsonrpc": "2.0", "method": "subscription", "params": {"channel": "book.BTC-23JAN26.none.20.100ms", "data": {"timestamp": 1768887284691, "change_id": 136163253549, "instrument_name": "BTC-23JAN26", "bids": [[91742.5, 6440.0], [91740.0, 570.0], [91737.5, 1900.0], [91735.0, 580.0], [91730.0, 1900.0], [91727.5, 63140.0], [91725.0, 45520.0], [91722.5, 44020.0], [91712.5, 300.0], [91710.0, 1000.0], [91702.5, 600.0], [91700.0, 2000.0], [91690.0, 1360.0], [91687.5, 4540.0], [91682.5, 300.0], [91680.0, 1000.0], [91652.5, 300.0], [91650.0, 5700.0], [91647.5, 15740.0], [91645.0, 1330.0]], "asks": [[91745.0, 1900.0], [91747.5, 7940.0], [91750.0, 15920.0], [91752.5, 47320.0], [91755.0, 570.0], [91757.5, 1900.0], [91760.0, 570.0], [91762.5, 1900.0], [91765.0, 570.0], [91767.5, 1900.0], [91770.0, 600.0], [91772.5, 2000.0], [91807.5, 600.0], [91810.0, 2000.0], [91812.5, 10530.0], [91815.0, 20060.0], [91840.0, 4800.0], [91842.5, 16090.0], [91915.0, 20300.0], [91947.5, 8300.0]]}}}
{"jsonrpc": "2.0", "method": "subscription", "params": {"channel": "book.BTC-23JAN26.none.20.100ms", "data": {"timestamp": 1768887286390, "change_id": 136163255678, "instrument_name": "BTC-23JAN26", "bids": [[91742.5, 6440.0], [91740.0, 570.0], [91737.5, 1900.0], [91735.0, 580.0], [91730.0, 1900.0], [91727.5, 63140.0], [91725.0, 45520.0], [91722.5, 44020.0], [91712.5, 300.0], [91710.0, 1000.0], [91702.5, 600.0], [91700.0, 2000.0], [91690.0, 1360.0], [91687.5, 4540.0], [91682.5, 300.0], [91680.0, 1000.0], [91652.5, 300.0], [91650.0, 5700.0], [91647.5, 15740.0], [91645.0, 1330.0]], "asks": [[91745.0, 1900.0], [91747.5, 7940.0], [91750.0, 15920.0], [91752.5, 47320.0], [91755.0, 570.0], [91757.5, 1900.0], [91760.0, 570.0], [91762.5, 1900.0], [91765.0, 570.0], [91767.5, 1900.0], [91770.0, 600.0], [91772.5, 2000.0], [91807.5, 600.0], [91810.0, 2000.0], [91812.5, 10530.0], [91815.0, 20060.0], [91840.0, 4800.0], [91842.5, 16090.0], [91915.0, 20300.0], [91947.5, 6400.0]]}}}
{"jsonrpc": "2.0", "method": "subscription", "params": {"channel": "book.BTC-23JAN26.none.20.100ms", "data": {"timestamp": 1768887286624, "change_id": 136163255798, "instrument_name": "BTC-23JAN26", "bids": [[91742.5, 6440.0], [91740.0, 570.0], [91737.5, 1900.0], [91735.0, 580.0], [91730.0, 1900.0], [91727.5, 63140.0], [91725.0, 45520.0], [91722.5, 44020.0], [91712.5, 300.0], [91710.0, 1000.0], [91702.5, 600.0], [91700.0, 2000.0], [91690.0, 1360.0], [91687.5, 4540.0], [91682.5, 300.0], [91680.0, 1000.0], [91652.5, 300.0], [91650.0, 5700.0], [91647.5, 15740.0], [91645.0, 1330.0]], "asks": [[91745.0, 1900.0], [91747.5, 7940.0], [91750.0, 15920.0], [91752.5, 47320.0], [91755.0, 570.0], [91757.5, 1900.0], [91760.0, 570.0], [91762.5, 1900.0], [91765.0, 570.0], [91767.5, 1900.0], [91770.0, 600.0], [91772.5, 2000.0], [91807.5, 600.0], [91810.0, 2000.0], [91812.5, 10530.0], [91815.0, 20060.0], [91840.0, 4800.0], [91842.5, 16090.0], [91915.0, 20300.0], [91947.5, 8300.0]]}}}
{"jsonrpc": "2.0", "method": "subscription", "params": {"channel": "book.BTC-23JAN26.none.20.100ms", "data": {"timestamp": 1768887287056, "change_id": 136163256583, "instrument_name": "BTC-23JAN26", "bids": [[91732.5, 10.0], [91725.0, 50000.0], [91712.5, 300.0], [91710.0, 1000.0], [91702.5, 600.0], [91700.0, 2000.0], [91690.0, 1360.0], [91687.5, 4540.0], [91682.5, 300.0], [91680.0, 1000.0], [91652.5, 300.0], [91650.0, 5700.0], [91647.5, 15740.0], [91645.0, 1330.0], [91642.5, 4450.0], [91605.0, 6030.0], [91602.5, 20190.0], [91577.5, 650.0], [91575.0, 2180.0], [91570.0, 19450.0]], "asks": [[91740.0, 1900.0], [91742.5, 1900.0], [91745.0, 3490.0], [91747.5, 3410.0], [91750.0, 15920.0], [91752.5, 47310.0], [91755.0, 570.0], [91757.5, 1900.0], [91760.0, 570.0], [91762.5, 1900.0], [91765.0, 570.0], [91767.5, 1900.0], [91770.0, 600.0], [91772.5, 2000.0], [91807.5, 600.0], [91810.0, 2000.0], [91812.5, 10530.0], [91815.0, 20060.0], [91840.0, 4800.0], [91842.5, 16090.0]]}}}
{"jsonrpc": "2.0", "method": "subscription", "params": {"channel": "book.BTC-23JAN26.none.20.100ms", "data": {"timestamp": 1768887287384, "change_id": 136163258308, "instrument_name": "BTC-23JAN26", "bids": [[91727.5, 11350.0], [91722.5, 450.0], [91720.0, 1500.0], [91712.5, 300.0], [91710.0, 1000.0], [91702.5, 600.0], [91700.0, 2000.0], [91690.0, 1360.0], [91687.5, 4540.0], [91682.5, 300.0], [91680.0, 1000.0], [91655.0, 15190.0], [91652.5, 65580.0], [91650.0, 1000.0], [91645.0, 1330.0], [91642.5, 4450.0], [91597.5, 6030.0], [91595.0, 20190.0], [91577.5, 650.0], [91575.0, 2180.0]], "asks": [[91730.0, 4550.0], [91732.5, 44420.0], [91735.0, 1900.0], [91737.5, 1900.0], [91740.0, 3350.0], [91742.5, 3400.0], [91745.0, 3310.0], [91747.5, 1900.0], [91750.0, 2470.0], [91752.5, 1900.0], [91755.0, 570.0], [91757.5, 1900.0], [91770.0, 600.0], [91772.5, 2000.0], [91807.5, 600.0], [91810.0, 2000.0], [91812.5, 10530.0], [91815.0, 20060.0], [91842.5, 16090.0], [91915.0, 20300.0]]}}}
{"jsonrpc": "2.0", "method": "subscription", "params": {"channel": "book.BTC-23JAN26.none.20.100ms", "data": {"timestamp": 1768887287511, "change_id": 136163258460, "instrument_name": "BTC-23JAN26", "bids": [[91727.5, 11350.0], [91722.5, 450.0], [91720.0, 1500.0], [91712.5, 300.0], [91710.0, 1000.0], [91707.5, 570.0], [91705.0, 1900.0], [91702.5, 600.0], [91700.0, 2000.0], [91690.0, 1360.0], [91687.5, 4540.0], [91682.5, 300.0], [91680.0, 1000.0], [91655.0, 15190.0], [91652.5, 65580.0], [91650.0, 1000.0], [91645.0, 1330.0], [91642.5, 4450.0], [91597.5, 6030.0], [91595.0, 20190.0]], "asks": [[91730.0, 4550.0], [91732.5, 44420.0], [91735.0, 1900.0], [91737.5, 1900.0], [91740.0, 2910.0], [91742.5, 3400.0], [91745.0, 570.0], [91747.5, 1900.0], [91750.0, 570.0], [91752.5, 1900.0], [91770.0, 600.0], [91772.5, 2000.0], [91807.5, 600.0], [91810.0, 2000.0], [91812.5, 10530.0], [91815.0, 20060.0], [91842.5, 16090.0], [91915.0, 20300.0], [91947.5, 8300.0], [91960.0, 40580.0]]}}}
{"jsonrpc": "2.0", "method": "subscription", "params": {"channel": "book.BTC-23JAN26.none.20.100ms", "data": {"timestamp": 1768887288022, "change_id": 136163259045, "instrument_name": "BTC-23JAN26", "bids": [[91727.5, 11350.0], [91722.5, 450.0], [91720.0, 1500.0], [91712.5, 300.0], [91710.0, 1000.0], [91707.5, 570.0], [91705.0, 1900.0], [91702.5, 600.0], [91700.0, 2000.0], [91690.0, 1360.0], [91687.5, 4540.0], [91682.5, 300.0], [91680.0, 1000.0], [91655.0, 15190.0], [91652.5, 65580.0], [91650.0, 1000.0], [91645.0, 1330.0], [91642.5, 4450.0], [91597.5, 6030.0], [91595.0, 20190.0]], "asks": [[91730.0, 10.0], [91732.5, 44420.0], [91735.0, 5670.0], [91737.5, 1900.0], [91740.0, 2910.0], [91742.5, 3400.0], [91745.0, 570.0], [91747.5, 1900.0], [91750.0, 570.0], [91752.5, 1900.0], [91770.0, 600.0], [91772.5, 2000.0], [91807.5, 600.0], [91810.0, 2000.0], [91812.5, 10530.0], [91815.0, 20060.0], [91842.5, 16090.0], [91915.0, 20300.0], [91947.5, 8300.0], [91960.0, 40580.0]]}}}
{"jsonrpc": "2.0", "method": "subscription", "params": {"channel": "book.BTC-23JAN26.none.20.100ms", "data": {"timestamp": 1768887288581, "change_id": 136163259776, "instrument_name": "BTC-23JAN26", "bids": [[91727.5, 11350.0], [91725.0, 1900.0], [91722.5, 11730.0], [91720.0, 76680.0], [91717.5, 44020.0], [91712.5, 300.0], [91710.0, 1000.0], [91707.5, 570.0], [91705.0, 1900.0], [91702.5, 600.0], [91700.0, 2000.0], [91690.0, 1360.0], [91687.5, 4540.0], [91682.5, 300.0], [91680.0, 1000.0], [91655.0, 4910.0], [91652.5, 15580.0], [91650.0, 1000.0], [91645.0, 1330.0], [91642.5, 4450.0]], "asks": [[91730.0, 10.0], [91732.5, 44420.0], [91735.0, 5670.0], [91737.5, 1900.0], [91740.0, 2910.0], [91742.5, 3400.0], [91745.0, 570.0], [91747.5, 1900.0], [91770.0, 600.0], [91772.5, 2000.0], [91807.5, 600.0], [91810.0, 2000.0], [91812.5, 10530.0], [91815.0, 20060.0], [91842.5, 16090.0], [91915.0, 20300.0], [91947.5, 8300.0], [91960.0, 40580.0], [92010.0, 50000.0], [92107.5, 40290.0]]}}}
{"jsonrpc": "2.0", "method": "subscription", "params": {"channel": "book.BTC-23JAN26.none.20.100ms", "data": {"timestamp": 1768887289306, "change_id": 136163260786, "instrument_name": "BTC-23JAN26", "bids": [[91727.5, 11350.0], [91725.0, 1900.0], [91722.5, 13630.0], [91720.0, 60720.0], [91717.5, 44020.0], [91712.5, 300.0], [91710.0, 1000.0], [91707.5, 570.0], [91705.0, 1900.0], [91702.5, 600.0], [91700.0, 2000.0], [91690.0, 1360.0], [91687.5, 4540.0], [91682.5, 300.0], [91680.0, 1000.0], [91655.0, 4910.0], [91652.5, 15580.0], [91650.0, 1000.0], [91645.0, 1330.0], [91642.5, 4450.0]], "asks": [[91730.0, 10.0], [91732.5, 44420.0], [91740.0, 450.0], [91742.5, 1500.0], [91770.0, 600.0], [91772.5, 2000.0], [91807.5, 600.0], [91810.0, 2000.0], [91812.5, 10530.0], [91815.0, 20060.0], [91840.0, 4800.0], [91842.5, 16090.0], [91915.0, 20300.0], [91947.5, 8300.0], [91960.0, 40580.0], [92010.0, 50000.0], [92107.5, 40290.0], [92152.5, 139510.0], [92202.5, 50000.0], [92222.5, 61010.0]]}}}
{"jsonrpc": "2.0", "method": "subscription", "params": {"channel": "book.BTC-23JAN26.none.20.100ms", "data": {"timestamp": 1768887289493, "change_id": 136163261146, "instrument_name": "BTC-23JAN26", "bids": [[91727.5, 11350.0], [91725.0, 3400.0], [91722.5, 13630.0], [91720.0, 59220.0], [91717.5, 88040.0], [91712.5, 300.0], [91710.0, 1000.0], [91707.5, 570.0], [91705.0, 1900.0], [91702.5, 600.0], [91700.0, 2000.0], [91690.0, 1360.0], [91687.5, 4540.0], [91682.5, 300.0], [91680.0, 1000.0], [91655.0, 4910.0], [91652.5, 15580.0], [91650.0, 1000.0], [91645.0, 1330.0], [91642.5, 4450.0]], "asks": [[91730.0, 10.0], [91732.5, 44420.0], [91737.5, 4540.0], [91740.0, 2350.0], [91742.5, 1500.0], [91770.0, 600.0], [91772.5, 2000.0], [91807.5, 600.0], [91810.0, 2000.0], [91812.5, 10530.0], [91815.0, 20060.0], [91840.0, 4800.0], [91842.5, 16090.0], [91915.0, 20300.0], [91947.5, 8300.0], [91960.0, 40580.0], [92010.0, 50000.0], [92107.5, 40290.0], [92152.5, 139510.0], [92202.5, 50000.0]]}}}
{"jsonrpc": "2.0", "method": "subscription", "params": {"channel": "book.BTC-23JAN26.none.20.100ms", "data": {"timestamp": 1768887289923, "change_id": 136163261418, "instrument_name": "BTC-23JAN26", "bids": [[91727.5, 11350.0], [91725.0, 3400.0], [91722.5, 13630.0], [91720.0, 59220.0], [91717.5, 88040.0], [91712.5, 300.0], [91710.0, 1000.0], [91707.5, 570.0], [91705.0, 1900.0], [91702.5, 600.0], [91700.0, 2000.0], [91690.0, 1360.0], [91687.5, 4540.0], [91682.5, 300.0], [91680.0, 1000.0], [91655.0, 4910.0], [91652.5, 15580.0], [91650.0, 1000.0], [91645.0, 1330.0], [91642.5, 4450.0]], "asks": [[91730.0, 10.0], [91732.5, 44420.0], [91735.0, 1920.0], [91737.5, 4540.0], [91740.0, 2350.0], [91742.5, 1500.0], [91770.0, 600.0], [91772.5, 2000.0], [91807.5, 600.0], [91810.0, 2000.0], [91812.5, 10530.0], [91815.0, 20060.0], [91840.0, 4800.0], [91842.5, 16090.0], [91915.0, 20300.0], [91947.5, 8300.0], [91960.0, 40580.0], [92010.0, 50000.0], [92107.5, 40290.0], [92152.5, 139510.0]]}}}
{"jsonrpc": "2.0", "method": "subscription", "params": {"channel": "book.BTC-23JAN26.none.20.100ms", "data": {"timestamp": 1768887290109, "change_id": 136163261831, "instrument_name": "BTC-23JAN26", "bids": [[91727.5, 11350.0], [91725.0, 3400.0], [91722.5, 13630.0], [91720.0, 59220.0], [91717.5, 88040.0], [91712.5, 300.0], [91710.0, 1000.0], [91707.5, 570.0], [91705.0, 1900.0], [91702.5, 600.0], [91700.0, 2000.0], [91690.0, 1360.0], [91687.5, 4540.0], [91682.5, 300.0], [91680.0, 1000.0], [91655.0, 4910.0], [91652.5, 15580.0], [91650.0, 1000.0], [91645.0, 1330.0], [91642.5, 4450.0]], "asks": [[91730.0, 10.0], [91732.5, 44420.0], [91735.0, 1920.0], [91737.5, 4540.0], [91740.0, 2350.0], [91742.5, 1500.0], [91770.0, 600.0], [91772.5, 2000.0], [91807.5, 600.0], [91810.0, 2000.0], [91812.5, 10530.0], [91815.0, 20060.0], [91840.0, 4800.0], [91842.5, 16090.0], [91915.0, 20300.0], [91947.5, 8300.0], [91960.0, 40580.0], [92010.0, 50000.0], [92107.5, 40290.0], [92152.5, 139510.0]]}}}
{"jsonrpc": "2.0", "method": "subscription", "params": {"channel": "book.BTC-23JAN26.none.20.100ms", "data": {"timestamp": 1768887290585, "change_id": 136163262400, "instrument_name": "BTC-23JAN26", "bids": [[91727.5, 11350.0], [91725.0, 3400.0], [91722.5, 13630.0], [91720.0, 59220.0], [91717.5, 44020.0], [91712.5, 300.0], [91710.0, 1000.0], [91707.5, 570.0], [91705.0, 1900.0], [91702.5, 600.0], [91700.0, 2000.0], [91690.0, 1360.0], [91687.5, 4540.0], [91682.5, 300.0], [91680.0, 1000.0], [91655.0, 4910.0], [91652.5, 15580.0], [91650.0, 1000.0], [91645.0, 1330.0], [91642.5, 4450.0]], "asks": [[91730.0, 10.0], [91732.5, 44420.0], [91735.0, 1920.0], [91737.5, 6440.0], [91740.0, 2350.0], [91742.5, 1500.0], [91770.0, 600.0], [91772.5, 2000.0], [91807.5, 600.0], [91810.0, 2000.0], [91812.5, 10530.0], [91815.0, 20060.0], [91840.0, 4800.0], [91842.5, 16090.0], [91915.0, 20300.0], [91947.5, 8300.0], [91960.0, 40580.0], [92010.0, 50000.0], [92107.5, 40290.0], [92152.5, 139510.0]]}}}
{"jsonrpc": "2.0", "method": "subscription", "params": {"channel": "book.BTC-23JAN26.none.20.100ms", "data": {"timestamp": 1768887290924, "change_id": 136163262590, "instrument_name": "BTC-23JAN26", "bids": [[91727.5, 11350.0], [91725.0, 3400.0], [91722.5, 13630.0], [91720.0, 59220.0], [91717.5, 44020.0], [91715.0, 44020.0], [91712.5, 300.0], [91710.0, 1000.0], [91707.5, 570.0], [91705.0, 1900.0], [91702.5, 600.0], [91700.0, 2000.0], [91690.0, 1360.0], [91687.5, 4540.0], [91682.5, 300.0], [91680.0, 1000.0], [91655.0, 4910.0], [91652.5, 15580.0], [91650.0, 1000.0], [91645.0, 1330.0]], "asks": [[91730.0, 10.0], [91732.5, 44420.0], [91735.0, 1130.0], [91737.5, 1900.0], [91740.0, 2350.0], [91742.5, 1500.0], [91770.0, 600.0], [91772.5, 2000.0], [91807.5, 600.0], [91810.0, 2000.0], [91812.5, 10530.0], [91815.0, 20060.0], [91840.0, 4800.0], [91842.5, 16090.0], [91915.0, 20300.0], [91947.5, 8300.0], [91960.0, 40580.0], [92010.0, 50000.0], [92107.5, 40290.0], [92152.5, 139510.0]]}}}
{"jsonrpc": "2.0", "method": "subscription", "params": {"channel": "book.BTC-23JAN26.none.20.100ms", "data": {"timestamp": 1768887291263, "change_id": 136163263248, "instrument_name": "BTC-23JAN26", "bids": [[91727.5, 11350.0], [91725.0, 3400.0], [91722.5, 13630.0], [91720.0, 59220.0], [91717.5, 44020.0], [91715.0, 44020.0], [91712.5, 300.0], [91710.0, 1000.0], [91702.5, 600.0], [91700.0, 2000.0], [91690.0, 1360.0], [91687.5, 4540.0], [91682.5, 300.0], [91680.0, 1000.0], [91655.0, 4910.0], [91652.5, 15580.0], [91650.0, 1000.0], [91645.0, 1330.0], [91642.5, 4450.0], [91592.5, 6030.0]], "asks": [[91730.0, 10.0], [91732.5, 44420.0], [91747.5, 450.0], [91750.0, 1500.0], [91770.0, 600.0], [91772.5, 2000.0], [91807.5, 600.0], [91810.0, 2000.0], [91812.5, 10530.0], [91815.0, 20060.0], [91840.0, 4800.0], [91842.5, 16090.0], [91915.0, 20300.0], [91947.5, 8300.0], [91960.0, 40580.0], [92010.0, 50000.0], [92107.5, 40290.0], [92152.5, 139510.0], [92202.5, 50000.0], [92222.5, 61010.0]]}}}
{"jsonrpc": "2.0", "method": "subscription", "params": {"channel": "book.BTC-23JAN26.none.20.100ms", "data": {"timestamp": 1768887291654, "change_id": 136163264106, "instrument_name": "BTC-23JAN26", "bids": [[91727.5, 11350.0], [91725.0, 3400.0], [91722.5, 13630.0], [91720.0, 59220.0], [91717.5, 44020.0], [91715.0, 44020.0], [91712.5, 300.0], [91710.0, 1000.0], [91702.5, 600.0], [91700.0, 2000.0], [91690.0, 1360.0], [91687.5, 4540.0], [91682.5, 300.0], [91680.0, 1000.0], [91655.0, 4910.0], [91652.5, 15580.0], [91650.0, 1000.0], [91592.5, 6030.0], [91590.0, 20190.0], [91577.5, 650.0]], "asks": [[91730.0, 10.0], [91732.5, 44420.0], [91737.5, 4540.0], [91745.0, 1010.0], [91747.5, 1900.0], [91750.0, 1500.0], [91765.0, 1330.0], [91767.5, 8920.0], [91770.0, 600.0], [91772.5, 2000.0], [91807.5, 600.0], [91810.0, 2000.0], [91812.5, 10530.0], [91815.0, 20060.0], [91840.0, 4800.0], [91842.5, 16090.0], [91915.0, 20300.0], [91947.5, 4070.0], [91960.0, 40580.0], [92010.0, 50000.0]]}}}
{"jsonrpc": "2.0", "method": "subscription", "params": {"channel": "book.BTC-23JAN26.none.20.100ms", "data": {"timestamp": 1768887291876, "change_id": 136163264752, "instrument_name": "BTC-23JAN26", "bids": [[91727.5, 11350.0], [91725.0, 3400.0], [91722.5, 13630.0], [91720.0, 59220.0], [91717.5, 44020.0], [91715.0, 44020.0], [91712.5, 300.0], [91710.0, 1000.0], [91702.5, 600.0], [91700.0, 2000.0], [91690.0, 1360.0], [91687.5, 4540.0], [91682.5, 300.0], [91680.0, 1000.0], [91655.0, 4910.0], [91652.5, 15580.0], [91650.0, 1000.0], [91592.5, 6030.0], [91590.0, 20190.0], [91577.5, 650.0]], "asks": [[91730.0, 10.0], [91732.5, 44420.0], [91737.5, 4540.0], [91742.5, 450.0], [91745.0, 2070.0], [91747.5, 1900.0], [91765.0, 1330.0], [91767.5, 8920.0], [91770.0, 600.0], [91772.5, 2000.0], [91807.5, 600.0], [91810.0, 2000.0], [91812.5, 10530.0], [91815.0, 20060.0], [91840.0, 4800.0], [91842.5, 16090.0], [91915.0, 20300.0], [91947.5, 4070.0], [91960.0, 40580.0], [92010.0, 50000.0]]}}}
{"jsonrpc": "2.0", "method": "subscription", "params": {"channel": "book.BTC-23JAN26.none.20.100ms", "data": {"timestamp": 1768887292527, "change_id": 136163265879, "instrument_name": "BTC-23JAN26", "bids": [[91727.5, 12360.0], [91725.0, 3400.0], [91722.5, 13630.0], [91720.0, 59230.0], [91717.5, 44020.0], [91715.0, 44020.0], [91712.5, 300.0], [91710.0, 1000.0], [91702.5, 600.0], [91700.0, 2000.0], [91690.0, 1360.0], [91687.5, 4540.0], [91682.5, 300.0], [91680.0, 1000.0], [91655.0, 4910.0], [91652.5, 15580.0], [91650.0, 1000.0], [91592.5, 6030.0], [91590.0, 20190.0], [91577.5, 650.0]], "asks": [[91732.5, 44420.0], [91737.5, 4550.0], [91740.0, 1010.0], [91742.5, 1900.0], [91745.0, 1500.0], [91765.0, 1330.0], [91767.5, 8920.0], [91770.0, 600.0], [91772.5, 2000.0], [91807.5, 600.0], [91810.0, 2000.0], [91812.5, 10530.0], [91815.0, 20060.0], [91840.0, 4800.0], [91842.5, 16090.0], [91915.0, 20300.0], [91947.5, 4070.0], [91960.0, 40580.0], [92010.0, 50000.0], [92107.5, 40290.0]]}}}
{"jsonrpc": "2.0", "method": "subscription", "params": {"channel": "book.BTC-23JAN26.none.20.100ms", "data": {"timestamp": 1768887292753, "change_id": 136163266206, "instrument_name": "BTC-23JAN26", "bids": [[91727.5, 12360.0], [91725.0, 3400.0], [91722.5, 13630.0], [91720.0, 59230.0], [91717.5, 44020.0], [91715.0, 44020.0], [91712.5, 300.0], [91710.0, 1000.0], [91702.5, 600.0], [91700.0, 2000.0], [91690.0, 1360.0], [91687.5, 4540.0], [91682.5, 300.0], [91680.0, 1000.0], [91655.0, 4910.0], [91652.5, 15580.0], [91650.0, 1000.0], [91592.5, 6030.0], [91590.0, 20190.0], [91577.5, 650.0]], "asks": [[91732.5, 44420.0], [91737.5, 4550.0], [91740.0, 1010.0], [91742.5, 1900.0], [91745.0, 1500.0], [91765.0, 1330.0], [91767.5, 4460.0], [91770.0, 600.0], [91772.5, 2000.0], [91807.5, 600.0], [91810.0, 2000.0], [91812.5, 10530.0], [91815.0, 20060.0], [91840.0, 4800.0], [91842.5, 16090.0], [91915.0, 20300.0], [91947.5, 4070.0], [91960.0, 40580.0], [92010.0, 50000.0], [92107.5, 40290.0]]}}}
{"jsonrpc": "2.0", "method": "subscription", "params": {"channel": "book.BTC-23JAN26.none.20.100ms", "data": {"timestamp": 1768887293442, "change_id": 136163267222, "instrument_name": "BTC-23JAN26", "bids": [[91727.5, 12360.0], [91725.0, 3400.0], [91722.5, 13630.0], [91720.0, 59230.0], [91717.5, 44020.0], [91715.0, 44020.0], [91712.5, 300.0], [91710.0, 1000.0], [91702.5, 600.0], [91700.0, 2000.0], [91690.0, 1360.0], [91687.5, 4540.0], [91682.5, 300.0], [91680.0, 1000.0], [91655.0, 4910.0], [91652.5, 15580.0], [91650.0, 1000.0], [91592.5, 6030.0], [91590.0, 20190.0], [91577.5, 650.0]], "asks": [[91732.5, 44420.0], [91737.5, 6450.0], [91740.0, 1010.0], [91742.5, 1900.0], [91745.0, 1500.0], [91765.0, 1330.0], [91767.5, 4460.0], [91770.0, 600.0], [91772.5, 2000.0], [91807.5, 600.0], [91810.0, 2000.0], [91812.5, 10530.0], [91815.0, 20060.0], [91840.0, 4800.0], [91842.5, 16090.0], [91915.0, 20300.0], [91947.5, 4070.0], [91960.0, 40580.0], [92010.0, 50000.0], [92107.5, 40290.0]]}}}
{"jsonrpc": "2.0", "method": "subscription", "params": {"channel": "book.BTC-23JAN26.none.20.100ms", "data": {"timestamp": 1768887293859, "change_id": 136163267410, "instrument_name": "BTC-23JAN26", "bids": [[91727.5, 12360.0], [91725.0, 3400.0], [91722.5, 13630.0], [91720.0, 59230.0], [91717.5, 44020.0], [91715.0, 44020.0], [91712.5, 300.0], [91710.0, 1000.0], [91702.5, 600.0], [91700.0, 2000.0], [91690.0, 1360.0], [91687.5, 4540.0], [91682.5, 300.0], [91680.0, 1000.0], [91655.0, 4910.0], [91652.5, 15580.0], [91650.0, 1000.0], [91592.5, 6030.0], [91590.0, 20190.0], [91577.5, 650.0]], "asks": [[91732.5, 44420.0], [91737.5, 4550.0], [91740.0, 1010.0], [91742.5, 1900.0], [91745.0, 1500.0], [91765.0, 1330.0], [91767.5, 4460.0], [91770.0, 600.0], [91772.5, 2000.0], [91807.5, 600.0], [91810.0, 2000.0], [91812.5, 10530.0], [91815.0, 20060.0], [91840.0, 4800.0], [91842.5, 16090.0], [91915.0, 20300.0], [91947.5, 4070.0], [91960.0, 40580.0], [92010.0, 50000.0], [92107.5, 40290.0]]}}}
{"jsonrpc": "2.0", "method": "subscription", "params": {"channel": "book.BTC-23JAN26.none.20.100ms", "data": {"timestamp": 1768887294297, "change_id": 136163268463, "instrument_name": "BTC-23JAN26", "bids": [[91730.0, 3400.0], [91727.5, 11920.0], [91725.0, 1900.0], [91722.5, 13640.0], [91720.0, 59220.0], [91717.5, 44020.0], [91715.0, 44020.0], [91712.5, 300.0], [91710.0, 1000.0], [91702.5, 600.0], [91700.0, 2000.0], [91690.0, 1360.0], [91687.5, 4540.0], [91682.5, 300.0], [91680.0, 1000.0], [91655.0, 4910.0], [91652.5, 15580.0], [91650.0, 1000.0], [91592.5, 6030.0], [91590.0, 20190.0]], "asks": [[91732.5, 44420.0], [91737.5, 10.0], [91745.0, 4540.0], [91750.0, 450.0], [91752.5, 1500.0], [91765.0, 1330.0], [91767.5, 4460.0], [91770.0, 600.0], [91772.5, 2000.0], [91807.5, 600.0], [91810.0, 2000.0], [91812.5, 10530.0], [91815.0, 20060.0], [91840.0, 4800.0], [91842.5, 16090.0], [91915.0, 20300.0], [91947.5, 4070.0], [91960.0, 40580.0], [92010.0, 50000.0], [92107.5, 40290.0]]}}}
{"jsonrpc": "2.0", "method": "subscription", "params": {"channel": "book.BTC-23JAN26.none.20.100ms", "data": {"timestamp": 1768887294588, "change_id": 136163269134, "instrument_name": "BTC-23JAN26", "bids": [[91730.0, 8310.0], [91727.5, 5110.0], [91725.0, 1900.0], [91722.5, 13640.0], [91720.0, 59220.0], [91717.5, 44020.0], [91712.5, 300.0], [91710.0, 1000.0], [91702.5, 600.0], [91700.0, 2000.0], [91690.0, 1360.0], [91687.5, 4540.0], [91682.5, 300.0], [91680.0, 1000.0], [91655.0, 4910.0], [91652.5, 15580.0], [91650.0, 1000.0], [91602.5, 6030.0], [91600.0, 20190.0], [91577.5, 650.0]], "asks": [[91732.5, 44420.0], [91740.0, 10.0], [91750.0, 1360.0], [91752.5, 4540.0], [91765.0, 1330.0], [91767.5, 4460.0], [91770.0, 600.0], [91772.5, 2000.0], [91807.5, 600.0], [91810.0, 2000.0], [91812.5, 10530.0], [91815.0, 20060.0], [91840.0, 4800.0], [91842.5, 16090.0], [91915.0, 20300.0], [91947.5, 4070.0], [91960.0, 40580.0], [92010.0, 50000.0], [92107.5, 40290.0], [92152.5, 139510.0]]}}}
{"jsonrpc": "2.0", "method": "subscription", "params": {"channel": "book.BTC-23JAN26.none.20.100ms", "data": {"timestamp": 1768887294995, "change_id": 136163269780, "instrument_name": "BTC-23JAN26", "bids": [[91730.0, 8310.0], [91727.5, 5110.0], [91725.0, 2470.0], [91722.5, 1910.0], [91712.5, 300.0], [91710.0, 1000.0], [91690.0, 16110.0], [91687.5, 54540.0], [91682.5, 300.0], [91680.0, 1000.0], [91655.0, 4910.0], [91652.5, 15580.0], [91650.0, 1000.0], [91602.5, 6030.0], [91600.0, 20190.0], [91577.5, 650.0], [91575.0, 2180.0], [91570.0, 19450.0], [91557.5, 8720.0], [91502.5, 34880.0]], "asks": [[91732.5, 39730.0], [91737.5, 10.0], [91750.0, 1360.0], [91752.5, 4540.0], [91757.5, 450.0], [91760.0, 1500.0], [91765.0, 1330.0], [91767.5, 4460.0], [91770.0, 600.0], [91772.5, 2000.0], [91812.5, 10530.0], [91815.0, 20060.0], [91840.0, 4800.0], [91842.5, 16090.0], [91915.0, 20300.0], [91947.5, 4070.0], [91960.0, 40580.0], [92010.0, 50000.0], [92107.5, 40290.0], [92152.5, 139510.0]]}}}
{"jsonrpc": "2.0", "method": "subscription", "params": {"channel": "book.BTC-23JAN26.none.20.100ms", "data": {"timestamp": 1768887295314, "change_id": 136163270535, "instrument_name": "BTC-23JAN26", "bids": [[91730.0, 58310.0], [91727.5, 44600.0], [91725.0, 2480.0], [91722.5, 1900.0], [91712.5, 300.0], [91710.0, 1000.0], [91690.0, 1360.0], [91687.5, 4540.0], [91682.5, 300.0], [91680.0, 1000.0], [91655.0, 4910.0], [91652.5, 15580.0], [91650.0, 1000.0], [91602.5, 6030.0], [91600.0, 20190.0], [91577.5, 650.0], [91575.0, 2180.0], [91570.0, 19450.0], [91557.5, 8720.0], [91502.5, 34880.0]], "asks": [[91732.5, 39730.0], [91740.0, 10.0], [91747.5, 4540.0], [91757.5, 450.0], [91760.0, 1500.0], [91765.0, 1330.0], [91767.5, 4460.0], [91770.0, 600.0], [91772.5, 2000.0], [91812.5, 10530.0], [91815.0, 20060.0], [91840.0, 4800.0], [91842.5, 16090.0], [91915.0, 20300.0], [91947.5, 4070.0], [91960.0, 40580.0], [92010.0, 50000.0], [92107.5, 40290.0], [92152.5, 139510.0], [92202.5, 50000.0]]}}}
{"jsonrpc": "2.0", "method": "subscription", "params": {"channel": "book.BTC-23JAN26.none.20.100ms", "data": {"timestamp": 1768887295619, "change_id": 136163270950, "instrument_name": "BTC-23JAN26", "bids": [[91730.0, 58310.0], [91727.5, 57100.0], [91725.0, 44030.0], [91712.5, 300.0], [91710.0, 1000.0], [91690.0, 1360.0], [91687.5, 4540.0], [91682.5, 300.0], [91680.0, 1000.0], [91655.0, 4910.0], [91652.5, 15580.0], [91650.0, 1000.0], [91602.5, 6030.0], [91600.0, 20190.0], [91577.5, 650.0], [91575.0, 2180.0], [91570.0, 19450.0], [91557.5, 8720.0], [91502.5, 34880.0], [91500.0, 4000.0]], "asks": [[91732.5, 39730.0], [91740.0, 10.0], [91747.5, 4540.0], [91752.5, 600.0], [91755.0, 2000.0], [91757.5, 450.0], [91760.0, 1500.0], [91765.0, 1330.0], [91767.5, 4460.0], [91770.0, 600.0], [91772.5, 2000.0], [91812.5, 10530.0], [91815.0, 20060.0], [91840.0, 4800.0], [91842.5, 16090.0], [91915.0, 20300.0], [91947.5, 4070.0], [91960.0, 40580.0], [92010.0, 50000.0], [92107.5, 40290.0]]}}}
{"jsonrpc": "2.0", "method": "subscription", "params": {"channel": "book.BTC-23JAN26.none.20.100ms", "data": {"timestamp": 1768887295981, "change_id": 136163271357, "instrument_name": "BTC-23JAN26", "bids": [[91730.0, 62850.0], [91727.5, 57100.0], [91725.0, 44030.0], [91712.5, 860.0], [91710.0, 3000.0], [91690.0, 1360.0], [91687.5, 4540.0], [91682.5, 300.0], [91680.0, 1000.0], [91655.0, 4910.0], [91652.5, 15580.0], [91650.0, 1000.0], [91602.5, 6030.0], [91600.0, 20190.0], [91577.5, 650.0], [91575.0, 2180.0], [91570.0, 19450.0], [91557.5, 8720.0], [91502.5, 34880.0], [91500.0, 4000.0]], "asks": [[91732.5, 39730.0], [91740.0, 10.0], [91747.5, 4540.0], [91750.0, 2000.0], [91752.5, 600.0], [91755.0, 2000.0], [91757.5, 450.0], [91760.0, 1500.0], [91765.0, 1330.0], [91767.5, 4460.0], [91770.0, 600.0], [91772.5, 2000.0], [91807.5, 600.0], [91810.0, 2000.0], [91812.5, 10530.0], [91815.0, 20060.0], [91840.0, 4800.0], [91842.5, 16090.0], [91915.0, 20300.0], [91947.5, 4070.0]]}}}
{"jsonrpc": "2.0", "method": "subscription", "params": {"channel": "book.BTC-23JAN26.none.20.100ms", "data": {"timestamp": 1768887296588, "change_id": 136163272239, "instrument_name": "BTC-23JAN26", "bids": [[91730.0, 58310.0], [91727.5, 57100.0], [91725.0, 44030.0], [91712.5, 860.0], [91710.0, 3000.0], [91690.0, 1360.0], [91687.5, 4540.0], [91682.5, 300.0], [91680.0, 1000.0], [91655.0, 4910.0], [91652.5, 15580.0], [91650.0, 1000.0], [91602.5, 6030.0], [91600.0, 20190.0], [91577.5, 650.0], [91575.0, 2180.0], [91570.0, 19450.0], [91557.5, 8720.0], [91502.5, 34880.0], [91500.0, 4000.0]], "asks": [[91732.5, 39730.0], [91740.0, 10.0], [91745.0, 2000.0], [91747.5, 4540.0], [91750.0, 2000.0], [91752.5, 600.0], [91755.0, 2000.0], [91757.5, 450.0], [91760.0, 1500.0], [91765.0, 1330.0], [91767.5, 4460.0], [91770.0, 600.0], [91772.5, 2000.0], [91807.5, 600.0], [91810.0, 2000.0], [91812.5, 10530.0], [91815.0, 20060.0], [91840.0, 4800.0], [91842.5, 16090.0], [91915.0, 20300.0]]}}}
{"jsonrpc": "2.0", "method": "subscription", "params": {"channel": "book.BTC-23JAN26.none.20.100ms", "data": {"timestamp": 1768887296915, "change_id": 136163272550, "instrument_name": "BTC-23JAN26", "bids": [[91730.0, 62850.0], [91727.5, 57100.0], [91725.0, 44030.0], [91712.5, 300.0], [91710.0, 1000.0], [91690.0, 1360.0], [91687.5, 4540.0], [91682.5, 300.0], [91680.0, 1000.0], [91655.0, 4910.0], [91652.5, 15580.0], [91650.0, 1000.0], [91602.5, 6030.0], [91600.0, 20190.0], [91577.5, 650.0], [91575.0, 2180.0], [91570.0, 19450.0], [91557.5, 8720.0], [91502.5, 34880.0], [91500.0, 4000.0]], "asks": [[91732.5, 39730.0], [91740.0, 10.0], [91745.0, 2000.0], [91747.5, 4540.0], [91750.0, 2000.0], [91752.5, 600.0], [91755.0, 2000.0], [91757.5, 450.0], [91760.0, 1500.0], [91765.0, 1330.0], [91767.5, 4460.0], [91770.0, 600.0], [91772.5, 2000.0], [91812.5, 10530.0], [91815.0, 20060.0], [91840.0, 4800.0], [91842.5, 16090.0], [91915.0, 20300.0], [91947.5, 4070.0], [91960.0, 40580.0]]}}}
{"jsonrpc": "2.0", "method": "subscription", "params": {"channel": "book.BTC-23JAN26.none.20.100ms", "data": {"timestamp": 1768887297585, "change_id": 136163273536, "instrument_name": "BTC-23JAN26", "bids": [[91730.0, 62850.0], [91727.5, 57100.0], [91725.0, 44030.0], [91712.5, 300.0], [91710.0, 1000.0], [91690.0, 1360.0], [91687.5, 4540.0], [91682.5, 300.0], [91680.0, 1000.0], [91655.0, 4910.0], [91652.5, 15580.0], [91650.0, 1000.0], [91602.5, 6030.0], [91600.0, 20190.0], [91577.5, 650.0], [91575.0, 2180.0], [91570.0, 19450.0], [91557.5, 8720.0], [91502.5, 34880.0], [91500.0, 4000.0]], "asks": [[91732.5, 39730.0], [91740.0, 10.0], [91745.0, 2000.0], [91747.5, 4540.0], [91750.0, 2000.0], [91752.5, 600.0], [91755.0, 2000.0], [91757.5, 450.0], [91760.0, 1500.0], [91765.0, 1330.0], [91767.5, 4460.0], [91770.0, 600.0], [91772.5, 2000.0], [91812.5, 10530.0], [91815.0, 20060.0], [91840.0, 4800.0], [91842.5, 16090.0], [91915.0, 20300.0], [91947.5, 4070.0], [91960.0, 40580.0]]}}}
{"jsonrpc": "2.0", "method": "subscription", "params": {"channel": "book.BTC-23JAN26.none.20.100ms", "data": {"timestamp": 1768887297939, "change_id": 136163273737, "instrument_name": "BTC-23JAN26", "bids": [[91730.0, 62850.0], [91727.5, 57100.0], [91725.0, 44030.0], [91712.5, 860.0], [91710.0, 3000.0], [91690.0, 1360.0], [91687.5, 4540.0], [91682.5, 300.0], [91680.0, 1000.0], [91655.0, 4910.0], [91652.5, 15580.0], [91650.0, 1000.0], [91602.5, 6030.0], [91600.0, 20190.0], [91577.5, 650.0], [91575.0, 2180.0], [91570.0, 19450.0], [91557.5, 8720.0], [91502.5, 34880.0], [91500.0, 4000.0]], "asks": [[91732.5, 39730.0], [91740.0, 10.0], [91745.0, 2000.0], [91747.5, 4540.0], [91750.0, 2000.0], [91752.5, 600.0], [91755.0, 2000.0], [91757.5, 450.0], [91760.0, 1500.0], [91765.0, 1330.0], [91767.5, 4460.0], [91770.0, 600.0], [91772.5, 2000.0], [91807.5, 600.0], [91810.0, 2000.0], [91812.5, 10530.0], [91815.0, 20060.0], [91840.0, 4800.0], [91842.5, 16090.0], [91915.0, 20300.0]]}}}
{"jsonrpc": "2.0", "method": "subscription", "params": {"channel": "book.BTC-23JAN26.none.20.100ms", "data": {"timestamp": 1768887298476, "change_id": 136163274590, "instrument_name": "BTC-23JAN26", "bids": [[91730.0, 62850.0], [91727.5, 57100.0], [91725.0, 44030.0], [91712.5, 860.0], [91710.0, 3000.0], [91690.0, 1360.0], [91687.5, 4540.0], [91682.5, 300.0], [91680.0, 1000.0], [91655.0, 4910.0], [91652.5, 15580.0], [91650.0, 1000.0], [91602.5, 6030.0], [91600.0, 20190.0], [91577.5, 650.0], [91575.0, 2180.0], [91570.0, 19450.0], [91557.5, 8720.0], [91502.5, 34880.0], [91500.0, 4000.0]], "asks": [[91732.5, 39730.0], [91740.0, 10.0], [91747.5, 4540.0], [91750.0, 2000.0], [91752.5, 600.0], [91755.0, 2000.0], [91757.5, 450.0], [91760.0, 1500.0], [91765.0, 1330.0], [91767.5, 4460.0], [91770.0, 600.0], [91772.5, 2000.0], [91807.5, 600.0], [91810.0, 2000.0], [91812.5, 10530.0], [91815.0, 20060.0], [91840.0, 4800.0], [91842.5, 16090.0], [91915.0, 20300.0], [91947.5, 4070.0]]}}}
{"jsonrpc": "2.0", "method": "subscription", "params": {"channel": "book.BTC-23JAN26.none.20.100ms", "data": {"timestamp": 1768887298943, "change_id": 136163274814, "instrument_name": "BTC-23JAN26", "bids": [[91730.0, 62850.0], [91727.5, 57100.0], [91725.0, 44030.0], [91712.5, 860.0], [91710.0, 3000.0], [91690.0, 1360.0], [91687.5, 4540.0], [91682.5, 300.0], [91680.0, 1000.0], [91655.0, 4910.0], [91652.5, 15580.0], [91650.0, 1000.0], [91602.5, 6030.0], [91600.0, 20190.0], [91577.5, 650.0], [91575.0, 2180.0], [91570.0, 19450.0], [91557.5, 8720.0], [91502.5, 34880.0], [91500.0, 4000.0]], "asks": [[91732.5, 39730.0], [91740.0, 10.0], [91745.0, 2000.0], [91747.5, 4540.0], [91750.0, 2000.0], [91752.5, 600.0], [91755.0, 2000.0], [91757.5, 450.0], [91760.0, 1500.0], [91765.0, 1330.0], [91767.5, 4460.0], [91770.0, 600.0], [91772.5, 2000.0], [91807.5, 600.0], [91810.0, 2000.0], [91812.5, 10530.0], [91815.0, 20060.0], [91840.0, 4800.0], [91842.5, 16090.0], [91915.0, 20300.0]]}}}
{"jsonrpc": "2.0", "method": "subscription", "params": {"channel": "book.BTC-23JAN26.none.20.100ms", "data": {"timestamp": 1768887299109, "change_id": 136163275205, "instrument_name": "BTC-23JAN26", "bids": [[91730.0, 62850.0], [91727.5, 57100.0], [91725.0, 44030.0], [91712.5, 860.0], [91710.0, 3000.0], [91690.0, 1360.0], [91687.5, 4540.0], [91682.5, 300.0], [91680.0, 1000.0], [91655.0, 4910.0], [91652.5, 15580.0], [91650.0, 1000.0], [91580.0, 20190.0], [91577.5, 650.0], [91575.0, 2180.0], [91572.5, 5810.0], [91570.0, 19450.0], [91557.5, 8720.0], [91502.5, 34880.0], [91500.0, 4000.0]], "asks": [[91732.5, 39730.0], [91740.0, 10.0], [91745.0, 2000.0], [91747.5, 4540.0], [91750.0, 2000.0], [91752.5, 600.0], [91755.0, 2000.0], [91757.5, 450.0], [91760.0, 1500.0], [91765.0, 1330.0], [91767.5, 4460.0], [91770.0, 600.0], [91772.5, 2000.0], [91807.5, 600.0], [91810.0, 2000.0], [91812.5, 10530.0], [91815.0, 20060.0], [91840.0, 4800.0], [91842.5, 16090.0], [91915.0, 20300.0]]}}}
{"jsonrpc": "2.0", "method": "subscription", "params": {"channel": "book.BTC-23JAN26.none.20.100ms", "data": {"timestamp": 1768887299528, "change_id": 136163275824, "instrument_name": "BTC-23JAN26", "bids": [[91730.0, 62850.0], [91727.5, 57100.0], [91725.0, 44030.0], [91712.5, 860.0], [91710.0, 3000.0], [91690.0, 1360.0], [91687.5, 4540.0], [91682.5, 300.0], [91680.0, 1000.0], [91655.0, 4910.0], [91652.5, 15580.0], [91650.0, 1000.0], [91580.0, 20190.0], [91577.5, 650.0], [91575.0, 2180.0], [91572.5, 5810.0], [91570.0, 19450.0], [91557.5, 8720.0], [91502.5, 34880.0], [91500.0, 4000.0]], "asks": [[91732.5, 39730.0], [91740.0, 10.0], [91742.5, 4540.0], [91745.0, 2000.0], [91747.5, 600.0], [91750.0, 2000.0], [91752.5, 600.0], [91755.0, 2000.0], [91757.5, 450.0], [91760.0, 1500.0], [91765.0, 1330.0], [91767.5, 4460.0], [91770.0, 600.0], [91772.5, 2000.0], [91807.5, 600.0], [91810.0, 2000.0], [91812.5, 10530.0], [91815.0, 20060.0], [91840.0, 4800.0], [91842.5, 16090.0]]}}}
{"jsonrpc": "2.0", "method": "subscription", "params": {"channel": "book.BTC-23JAN26.none.20.100ms", "data": {"timestamp": 1768887299894, "change_id": 136163276283, "instrument_name": "BTC-23JAN26", "bids": [[91730.0, 62850.0], [91727.5, 57100.0], [91725.0, 44030.0], [91712.5, 860.0], [91710.0, 3000.0], [91690.0, 1360.0], [91687.5, 4540.0], [91682.5, 300.0], [91680.0, 1000.0], [91655.0, 4910.0], [91652.5, 15580.0], [91650.0, 1000.0], [91580.0, 20190.0], [91577.5, 650.0], [91575.0, 2180.0], [91572.5, 5810.0], [91570.0, 19450.0], [91557.5, 8720.0], [91502.5, 34880.0], [91500.0, 4000.0]], "asks": [[91732.5, 39730.0], [91740.0, 10.0], [91745.0, 2000.0], [91750.0, 2000.0], [91752.5, 600.0], [91755.0, 2000.0], [91765.0, 1330.0], [91767.5, 4460.0], [91770.0, 600.0], [91772.5, 2000.0], [91807.5, 600.0], [91810.0, 2000.0], [91812.5, 10530.0], [91815.0, 20060.0], [91840.0, 4800.0], [91842.5, 16090.0], [91915.0, 20300.0], [91947.5, 4070.0], [91960.0, 40580.0], [92010.0, 50000.0]]}}}
{"jsonrpc": "2.0", "method": "subscription", "params": {"channel": "book.BTC-23JAN26.none.20.100ms", "data": {"timestamp": 1768887300148, "change_id": 136163276837, "instrument_name": "BTC-23JAN26", "bids": [[91730.0, 62850.0], [91727.5, 57100.0], [91725.0, 44030.0], [91712.5, 860.0], [91710.0, 3000.0], [91690.0, 1360.0], [91687.5, 4540.0], [91682.5, 300.0], [91680.0, 1000.0], [91655.0, 4910.0], [91652.5, 15580.0], [91650.0, 1000.0], [91580.0, 20190.0], [91577.5, 650.0], [91575.0, 2180.0], [91572.5, 5810.0], [91570.0, 19450.0], [91557.5, 8720.0], [91502.5, 34880.0], [91500.0, 4000.0]], "asks": [[91732.5, 39730.0], [91740.0, 4550.0], [91745.0, 2000.0], [91750.0, 2000.0], [91752.5, 600.0], [91755.0, 2000.0], [91757.5, 450.0], [91760.0, 1500.0], [91765.0, 1330.0], [91767.5, 4460.0], [91770.0, 600.0], [91772.5, 2000.0], [91807.5, 600.0], [91810.0, 2000.0], [91812.5, 10530.0], [91815.0, 20060.0], [91840.0, 4800.0], [91842.5, 16090.0], [91915.0, 20300.0], [91947.5, 4070.0]]}}}
{"jsonrpc": "2.0", "method": "subscription", "params": {"channel": "book.BTC-23JAN26.none.20.100ms", "data": {"timestamp": 1768887300366, "change_id": 136163277148, "instrument_name": "BTC-23JAN26", "bids": [[91730.0, 62850.0], [91727.5, 57100.0], [91725.0, 44030.0], [91712.5, 860.0], [91710.0, 3000.0], [91690.0, 1360.0], [91687.5, 4540.0], [91682.5, 300.0], [91680.0, 1000.0], [91655.0, 4910.0], [91652.5, 15580.0], [91650.0, 1000.0], [91580.0, 20190.0], [91577.5, 650.0], [91575.0, 2180.0], [91572.5, 5810.0], [91570.0, 19450.0], [91557.5, 8720.0], [91502.5, 34880.0], [91500.0, 4000.0]], "asks": [[91732.5, 39730.0], [91740.0, 4550.0], [91747.5, 600.0], [91750.0, 2000.0], [91752.5, 600.0], [91755.0, 2000.0], [91757.5, 450.0], [91760.0, 1500.0], [91765.0, 1330.0], [91767.5, 4460.0], [91770.0, 600.0], [91772.5, 2000.0], [91807.5, 600.0], [91810.0, 2000.0], [91812.5, 10530.0], [91815.0, 20060.0], [91840.0, 4800.0], [91842.5, 16090.0], [91915.0, 20300.0], [91947.5, 4070.0]]}}}
{"jsonrpc": "2.0", "method": "subscription", "params": {"channel": "book.BTC-23JAN26.none.20.100ms", "data": {"timestamp": 1768887301254, "change_id": 136163278090, "instrument_name": "BTC-23JAN26", "bids": [[91730.0, 62850.0], [91727.5, 57100.0], [91725.0, 44030.0], [91712.5, 860.0], [91710.0, 3000.0], [91690.0, 1360.0], [91687.5, 4540.0], [91682.5, 300.0], [91680.0, 1000.0], [91655.0, 4910.0], [91652.5, 15580.0], [91650.0, 1000.0], [91582.5, 6030.0], [91580.0, 20190.0], [91577.5, 650.0], [91575.0, 2180.0], [91572.5, 5810.0], [91570.0, 19450.0], [91557.5, 8720.0], [91502.5, 34880.0]], "asks": [[91732.5, 39730.0], [91740.0, 4550.0], [91750.0, 2000.0], [91752.5, 970.0], [91755.0, 3500.0], [91765.0, 1330.0], [91767.5, 4460.0], [91770.0, 600.0], [91772.5, 2000.0], [91807.5, 600.0], [91810.0, 2000.0], [91812.5, 10530.0], [91815.0, 20060.0], [91840.0, 4800.0], [91842.5, 16090.0], [91915.0, 20300.0], [91947.5, 4070.0], [91960.0, 40580.0], [92010.0, 50000.0], [92107.5, 40290.0]]}}}
{"jsonrpc": "2.0", "method": "subscription", "params": {"channel": "book.BTC-23JAN26.none.20.100ms", "data": {"timestamp": 1768887301595, "change_id": 136163278501, "instrument_name": "BTC-23JAN26", "bids": [[91730.0, 62850.0], [91727.5, 57100.0], [91725.0, 44030.0], [91712.5, 860.0], [91710.0, 3000.0], [91690.0, 1360.0], [91687.5, 4540.0], [91682.5, 300.0], [91680.0, 1000.0], [91655.0, 4910.0], [91652.5, 15580.0], [91650.0, 1000.0], [91582.5, 6030.0], [91580.0, 20190.0], [91577.5, 650.0], [91575.0, 2180.0], [91572.5, 5810.0], [91570.0, 19450.0], [91557.5, 8720.0], [91502.5, 34880.0]], "asks": [[91732.5, 39730.0], [91740.0, 10.0], [91745.0, 4540.0], [91750.0, 3040.0], [91752.5, 2000.0], [91755.0, 1500.0], [91765.0, 1330.0], [91767.5, 4460.0], [91770.0, 600.0], [91772.5, 2000.0], [91807.5, 600.0], [91810.0, 2000.0], [91812.5, 10530.0], [91815.0, 20060.0], [91840.0, 4800.0], [91842.5, 16090.0], [91915.0, 20300.0], [91947.5, 4070.0], [91960.0, 40580.0], [92010.0, 50000.0]]}}}
{"jsonrpc": "2.0", "method": "subscription", "params": {"channel": "book.BTC-23JAN26.none.20.100ms", "data": {"timestamp": 1768887302273, "change_id": 136163279754, "instrument_name": "BTC-23JAN26", "bids": [[91732.5, 20770.0], [91730.0, 62850.0], [91727.5, 57100.0], [91725.0, 44020.0], [91712.5, 860.0], [91710.0, 3000.0], [91690.0, 1360.0], [91687.5, 4540.0], [91682.5, 300.0], [91680.0, 1000.0], [91655.0, 4910.0], [91652.5, 15580.0], [91650.0, 1000.0], [91587.5, 6030.0], [91585.0, 20190.0], [91577.5, 650.0], [91575.0, 2180.0], [91572.5, 5810.0], [91570.0, 19450.0], [91557.5, 8720.0]], "asks": [[91740.0, 10.0], [91752.5, 2000.0], [91760.0, 450.0], [91762.5, 1500.0], [91765.0, 1330.0], [91767.5, 4460.0], [91792.5, 600.0], [91795.0, 92840.0], [91807.5, 600.0], [91810.0, 2000.0], [91812.5, 10530.0], [91815.0, 20060.0], [91840.0, 4800.0], [91842.5, 16090.0], [91915.0, 20300.0], [91947.5, 4070.0], [91960.0, 40580.0], [92010.0, 50000.0], [92107.5, 40290.0], [92152.5, 139510.0]]}}}
{"jsonrpc": "2.0", "method": "subscription", "params": {"channel": "book.BTC-23JAN26.none.20.100ms", "data": {"timestamp": 1768887302512, "change_id": 136163280285, "instrument_name": "BTC-23JAN26", "bids": [[91752.5, 7140.0], [91750.0, 3040.0], [91747.5, 2010.0], [91745.0, 1500.0], [91737.5, 600.0], [91735.0, 3160.0], [91732.5, 2000.0], [91730.0, 1900.0], [91712.5, 860.0], [91710.0, 17930.0], [91707.5, 50000.0], [91690.0, 1360.0], [91687.5, 4540.0], [91682.5, 300.0], [91680.0, 1000.0], [91655.0, 4910.0], [91652.5, 15580.0], [91650.0, 1000.0], [91587.5, 6030.0], [91585.0, 20190.0]], "asks": [[91757.5, 4540.0], [91760.0, 450.0], [91762.5, 1510.0], [91765.0, 1330.0], [91767.5, 4460.0], [91792.5, 600.0], [91795.0, 92840.0], [91807.5, 600.0], [91810.0, 2000.0], [91812.5, 10530.0], [91815.0, 20060.0], [91840.0, 4800.0], [91842.5, 16090.0], [91915.0, 20300.0], [91947.5, 4070.0], [91960.0, 40580.0], [92010.0, 50000.0], [92107.5, 40290.0], [92152.5, 139510.0], [92202.5, 50000.0]]}}}
{"jsonrpc": "2.0", "method": "subscription", "params": {"channel": "book.BTC-23JAN26.none.20.100ms", "data": {"timestamp": 1768887302880, "change_id": 136163281631, "instrument_name": "BTC-23JAN26", "bids": [[91757.5, 4540.0], [91755.0, 1200.0], [91752.5, 2010.0], [91750.0, 4100.0], [91747.5, 2000.0], [91742.5, 300.0], [91740.0, 1000.0], [91737.5, 600.0], [91735.0, 3160.0], [91732.5, 2000.0], [91730.0, 1900.0], [91712.5, 300.0], [91710.0, 15930.0], [91707.5, 50000.0], [91700.0, 4870.0], [91697.5, 16300.0], [91690.0, 1360.0], [91687.5, 4540.0], [91682.5, 300.0], [91680.0, 1000.0]], "asks": [[91762.5, 4540.0], [91765.0, 1330.0], [91767.5, 4470.0], [91770.0, 450.0], [91772.5, 1500.0], [91792.5, 14080.0], [91795.0, 47420.0], [91812.5, 10530.0], [91815.0, 20060.0], [91840.0, 4800.0], [91842.5, 16090.0], [91912.5, 6060.0], [91915.0, 20300.0], [91947.5, 4070.0], [91960.0, 40580.0], [92010.0, 50000.0], [92107.5, 40290.0], [92152.5, 139510.0], [92202.5, 50000.0], [92222.5, 61010.0]]}}}
{"jsonrpc": "2.0", "method": "subscription", "params": {"channel": "book.BTC-23JAN26.none.20.100ms", "data": {"timestamp": 1768887303256, "change_id": 136163282779, "instrument_name": "BTC-23JAN26", "bids": [[91765.0, 4540.0], [91757.5, 450.0], [91755.0, 2700.0], [91752.5, 2010.0], [91750.0, 2600.0], [91747.5, 2000.0], [91745.0, 1000.0], [91737.5, 600.0], [91735.0, 3160.0], [91732.5, 2000.0], [91730.0, 1900.0], [91717.5, 300.0], [91715.0, 1000.0], [91710.0, 14930.0], [91707.5, 50000.0], [91700.0, 4870.0], [91697.5, 16300.0], [91690.0, 1360.0], [91687.5, 4540.0], [91685.0, 1000.0]], "asks": [[91767.5, 9000.0], [91770.0, 460.0], [91772.5, 1500.0], [91792.5, 14080.0], [91795.0, 47420.0], [91812.5, 10530.0], [91815.0, 20060.0], [91840.0, 4800.0], [91842.5, 16090.0], [91912.5, 6060.0], [91915.0, 20300.0], [91947.5, 2170.0], [91960.0, 40580.0], [92010.0, 50000.0], [92107.5, 40290.0], [92152.5, 139510.0], [92202.5, 50000.0], [92222.5, 61010.0], [92232.5, 43600.0], [92235.0, 60980.0]]}}}
{"jsonrpc": "2.0", "method": "subscription", "params": {"channel": "book.BTC-23JAN26.none.20.100ms", "data": {"timestamp": 1768887303534, "change_id": 136163283768, "instrument_name": "BTC-23JAN26", "bids": [[91760.0, 2000.0], [91755.0, 5140.0], [91752.5, 2010.0], [91750.0, 7090.0], [91747.5, 2000.0], [91745.0, 62790.0], [91742.5, 44030.0], [91740.0, 44030.0], [91717.5, 300.0], [91715.0, 1000.0], [91700.0, 4870.0], [91697.5, 16300.0], [91690.0, 1360.0], [91687.5, 4540.0], [91685.0, 1000.0], [91625.0, 6030.0], [91622.5, 20190.0], [91605.0, 19450.0], [91577.5, 650.0], [91575.0, 2180.0]], "asks": [[91762.5, 6540.0], [91765.0, 3930.0], [91767.5, 6470.0], [91770.0, 450.0], [91772.5, 1500.0], [91787.5, 600.0], [91790.0, 2000.0], [91792.5, 14080.0], [91795.0, 47420.0], [91812.5, 10530.0], [91815.0, 20060.0], [91840.0, 4800.0], [91842.5, 16090.0], [91912.5, 6060.0], [91915.0, 20300.0], [91947.5, 4070.0], [91960.0, 40580.0], [92010.0, 50000.0], [92107.5, 40290.0], [92152.5, 139510.0]]}}}
{"jsonrpc": "2.0", "method": "subscription", "params": {"channel": "book.BTC-23JAN26.none.20.100ms", "data": {"timestamp": 1768887303764, "change_id": 136163284066, "instrument_name": "BTC-23JAN26", "bids": [[91760.0, 2000.0], [91755.0, 5140.0], [91752.5, 2010.0], [91750.0, 7090.0], [91747.5, 2000.0], [91745.0, 62790.0], [91742.5, 45530.0], [91740.0, 44030.0], [91717.5, 300.0], [91715.0, 1000.0], [91700.0, 4870.0], [91697.5, 16300.0], [91690.0, 1360.0], [91687.5, 4540.0], [91685.0, 1000.0], [91625.0, 6030.0], [91622.5, 20190.0], [91605.0, 19450.0], [91577.5, 650.0], [91575.0, 2180.0]], "asks": [[91762.5, 8040.0], [91765.0, 3930.0], [91767.5, 6470.0], [91787.5, 600.0], [91790.0, 2000.0], [91792.5, 14080.0], [91795.0, 47420.0], [91812.5, 10530.0], [91815.0, 20060.0], [91840.0, 4800.0], [91842.5, 16090.0], [91912.5, 6060.0], [91915.0, 20300.0], [91947.5, 4070.0], [91960.0, 40580.0], [92010.0, 50000.0], [92107.5, 40290.0], [92152.5, 139510.0], [92202.5, 50000.0], [92222.5, 61010.0]]}}}
{"jsonrpc": "2.0", "method": "subscription", "params": {"channel": "book.BTC-23JAN26.none.20.100ms", "data": {"timestamp": 1768887304083, "change_id": 136163284589, "instrument_name": "BTC-23JAN26", "bids": [[91760.0, 2000.0], [91755.0, 5140.0], [91752.5, 2010.0], [91750.0, 7090.0], [91747.5, 2000.0], [91745.0, 62790.0], [91742.5, 45530.0], [91740.0, 44030.0], [91722.5, 600.0], [91720.0, 2000.0], [91717.5, 300.0], [91715.0, 1000.0], [91700.0, 4870.0], [91697.5, 16300.0], [91690.0, 1360.0], [91687.5, 4540.0], [91685.0, 1000.0], [91625.0, 6030.0], [91622.5, 20190.0], [91605.0, 19450.0]], "asks": [[91762.5, 8040.0], [91765.0, 3930.0], [91767.5, 6470.0], [91787.5, 600.0], [91790.0, 2000.0], [91792.5, 14080.0], [91795.0, 47420.0], [91812.5, 10530.0], [91815.0, 20060.0], [91827.5, 600.0], [91830.0, 2000.0], [91840.0, 4800.0], [91842.5, 16090.0], [91912.5, 6060.0], [91915.0, 20300.0], [91947.5, 4070.0], [91960.0, 40580.0], [92010.0, 50000.0], [92107.5, 40290.0], [92152.5, 139510.0]]}}}
{"jsonrpc": "2.0", "method": "subscription", "params": {"channel": "book.BTC-23JAN26.none.20.100ms", "data": {"timestamp": 1768887304559, "change_id": 136163285248, "instrument_name": "BTC-23JAN26", "bids": [[91760.0, 2000.0], [91757.5, 2000.0], [91755.0, 5140.0], [91752.5, 2010.0], [91750.0, 7090.0], [91747.5, 2000.0], [91745.0, 62790.0], [91742.5, 45530.0], [91740.0, 44030.0], [91722.5, 600.0], [91720.0, 2000.0], [91717.5, 300.0], [91715.0, 1000.0], [91700.0, 4870.0], [91697.5, 16300.0], [91690.0, 1360.0], [91687.5, 4540.0], [91685.0, 1000.0], [91625.0, 6030.0], [91622.5, 20190.0]], "asks": [[91762.5, 8040.0], [91765.0, 3330.0], [91767.5, 4470.0], [91782.5, 600.0], [91785.0, 2000.0], [91787.5, 600.0], [91790.0, 2000.0], [91792.5, 14080.0], [91795.0, 47420.0], [91812.5, 10530.0], [91815.0, 20060.0], [91827.5, 600.0], [91830.0, 2000.0], [91840.0, 4800.0], [91842.5, 16090.0], [91912.5, 6060.0], [91915.0, 20300.0], [91947.5, 4070.0], [91960.0, 40580.0], [92010.0, 50000.0]]}}}
{"jsonrpc": "2.0", "method": "subscription", "params": {"channel": "book.BTC-23JAN26.none.20.100ms", "data": {"timestamp": 1768887304659, "change_id": 136163285294, "instrument_name": "BTC-23JAN26", "bids": [[91760.0, 2000.0], [91757.5, 2000.0], [91755.0, 5140.0], [91752.5, 2010.0], [91750.0, 7090.0], [91747.5, 2000.0], [91745.0, 62790.0], [91742.5, 45530.0], [91740.0, 44030.0], [91722.5, 600.0], [91720.0, 2000.0], [91717.5, 300.0], [91715.0, 1000.0], [91700.0, 4870.0], [91697.5, 16300.0], [91690.0, 1360.0], [91687.5, 4540.0], [91685.0, 1000.0], [91625.0, 6030.0], [91622.5, 20190.0]], "asks": [[91762.5, 8040.0], [91765.0, 3330.0], [91767.5, 4460.0], [91770.0, 10.0], [91782.5, 600.0], [91785.0, 2000.0], [91787.5, 600.0], [91790.0, 2000.0], [91792.5, 14080.0], [91795.0, 47420.0], [91812.5, 10530.0], [91815.0, 20060.0], [91827.5, 600.0], [91830.0, 2000.0], [91840.0, 4800.0], [91842.5, 16090.0], [91912.5, 6060.0], [91915.0, 20300.0], [91947.5, 4070.0], [91960.0, 40580.0]]}}}
{"jsonrpc": "2.0", "method": "subscription", "params": {"channel": "book.BTC-23JAN26.none.20.100ms", "data": {"timestamp": 1768887305248, "change_id": 136163286637, "instrument_name": "BTC-23JAN26", "bids": [[91757.5, 2000.0], [91752.5, 2010.0], [91750.0, 7090.0], [91747.5, 2000.0], [91745.0, 62790.0], [91742.5, 45530.0], [91740.0, 44030.0], [91722.5, 600.0], [91720.0, 2000.0], [91717.5, 300.0], [91715.0, 1000.0], [91690.0, 1360.0], [91687.5, 4540.0], [91685.0, 1000.0], [91677.5, 16280.0], [91625.0, 6030.0], [91622.5, 20190.0], [91607.5, 5810.0], [91605.0, 19450.0], [91577.5, 650.0]], "asks": [[91762.5, 8040.0], [91765.0, 3330.0], [91767.5, 4470.0], [91782.5, 600.0], [91785.0, 2000.0], [91787.5, 600.0], [91790.0, 2000.0], [91792.5, 14080.0], [91795.0, 47420.0], [91812.5, 10530.0], [91815.0, 20060.0], [91827.5, 600.0], [91830.0, 2000.0], [91840.0, 4800.0], [91842.5, 16090.0], [91912.5, 6060.0], [91915.0, 20300.0], [91947.5, 4070.0], [91960.0, 40580.0], [92010.0, 50000.0]]}}}
{"jsonrpc": "2.0", "method": "subscription", "params": {"channel": "book.BTC-23JAN26.none.20.100ms", "data": {"timestamp": 1768887305542, "change_id": 136163287237, "instrument_name": "BTC-23JAN26", "bids": [[91757.5, 2000.0], [91752.5, 2000.0], [91750.0, 610.0], [91747.5, 2000.0], [91745.0, 5540.0], [91737.5, 450.0], [91735.0, 1500.0], [91722.5, 600.0], [91720.0, 2000.0], [91717.5, 15190.0], [91715.0, 51000.0], [91690.0, 1360.0], [91687.5, 4540.0], [91685.0, 1000.0], [91680.0, 4860.0], [91677.5, 16280.0], [91625.0, 6030.0], [91622.5, 20190.0], [91607.5, 5810.0], [91605.0, 19450.0]], "asks": [[91760.0, 2000.0], [91762.5, 8040.0], [91765.0, 3330.0], [91767.5, 4470.0], [91782.5, 600.0], [91785.0, 2000.0], [91787.5, 600.0], [91790.0, 2000.0], [91792.5, 14080.0], [91795.0, 47420.0], [91812.5, 10530.0], [91815.0, 20060.0], [91827.5, 600.0], [91830.0, 2000.0], [91840.0, 4800.0], [91842.5, 16090.0], [91912.5, 6060.0], [91915.0, 20300.0], [91947.5, 4070.0], [91960.0, 40580.0]]}}}
{"jsonrpc": "2.0", "method": "subscription", "params": {"channel": "book.BTC-23JAN26.none.20.100ms", "data": {"timestamp": 1768887305812, "change_id": 136163287422, "instrument_name": "BTC-23JAN26", "bids": [[91752.5, 2000.0], [91750.0, 600.0], [91747.5, 2010.0], [91745.0, 5540.0], [91737.5, 450.0], [91735.0, 1500.0], [91722.5, 600.0], [91720.0, 2000.0], [91717.5, 15190.0], [91715.0, 51000.0], [91690.0, 1360.0], [91687.5, 4540.0], [91685.0, 1000.0], [91680.0, 4860.0], [91677.5, 16280.0], [91625.0, 6030.0], [91622.5, 20190.0], [91607.5, 5810.0], [91605.0, 19450.0], [91577.5, 650.0]], "asks": [[91755.0, 6540.0], [91757.5, 5290.0], [91760.0, 2000.0], [91762.5, 2000.0], [91765.0, 3340.0], [91767.5, 4460.0], [91782.5, 600.0], [91785.0, 2000.0], [91787.5, 600.0], [91790.0, 2000.0], [91792.5, 14080.0], [91795.0, 47420.0], [91812.5, 10530.0], [91815.0, 20060.0], [91827.5, 600.0], [91830.0, 2000.0], [91840.0, 4800.0], [91842.5, 16090.0], [91912.5, 6060.0], [91915.0, 20300.0]]}}}
{"jsonrpc": "2.0", "method": "subscription", "params": {"channel": "book.BTC-23JAN26.none.20.100ms", "data": {"timestamp": 1768887306101, "change_id": 136163288315, "instrument_name": "BTC-23JAN26", "bids": [[91752.5, 6910.0], [91750.0, 600.0], [91747.5, 2000.0], [91745.0, 5550.0], [91737.5, 450.0], [91735.0, 1500.0], [91722.5, 600.0], [91720.0, 2000.0], [91717.5, 15190.0], [91715.0, 51000.0], [91690.0, 1360.0], [91687.5, 4540.0], [91685.0, 1000.0], [91680.0, 4860.0], [91677.5, 16280.0], [91625.0, 6030.0], [91622.5, 20190.0], [91607.5, 5810.0], [91605.0, 19450.0], [91577.5, 650.0]], "asks": [[91755.0, 4540.0], [91757.5, 5290.0], [91760.0, 2000.0], [91762.5, 2010.0], [91765.0, 3330.0], [91767.5, 4460.0], [91782.5, 600.0], [91785.0, 2000.0], [91787.5, 600.0], [91790.0, 2000.0], [91792.5, 14080.0], [91795.0, 47420.0], [91812.5, 10530.0], [91815.0, 20060.0], [91827.5, 600.0], [91830.0, 2000.0], [91840.0, 4800.0], [91842.5, 16090.0], [91912.5, 6060.0], [91915.0, 20300.0]]}}}
{"jsonrpc": "2.0", "method": "subscription", "params": {"channel": "book.BTC-23JAN26.none.20.100ms", "data": {"timestamp": 1768887306299, "change_id": 136163288601, "instrument_name": "BTC-23JAN26", "bids": [[91752.5, 6910.0], [91750.0, 600.0], [91747.5, 2000.0], [91745.0, 5550.0], [91740.0, 1040.0], [91737.5, 2000.0], [91735.0, 1500.0], [91722.5, 600.0], [91720.0, 2000.0], [91717.5, 15190.0], [91715.0, 51000.0], [91690.0, 1360.0], [91687.5, 4540.0], [91685.0, 1000.0], [91680.0, 4860.0], [91677.5, 16280.0], [91625.0, 6030.0], [91622.5, 20190.0], [91607.5, 5810.0], [91605.0, 19450.0]], "asks": [[91755.0, 6540.0], [91757.5, 5290.0], [91760.0, 2000.0], [91762.5, 2010.0], [91765.0, 3330.0], [91767.5, 4460.0], [91782.5, 600.0], [91785.0, 2000.0], [91787.5, 600.0], [91790.0, 2000.0], [91792.5, 14080.0], [91795.0, 47420.0], [91812.5, 10530.0], [91815.0, 20060.0], [91827.5, 600.0], [91830.0, 2000.0], [91840.0, 4800.0], [91842.5, 16090.0], [91912.5, 6060.0], [91915.0, 20300.0]]}}}
{"jsonrpc": "2.0", "method": "subscription", "params": {"channel": "book.BTC-23JAN26.none.20.100ms", "data": {"timestamp": 1768887306899, "change_id": 136163289215, "instrument_name": "BTC-23JAN26", "bids": [[91752.5, 6910.0], [91750.0, 5140.0], [91747.5, 2000.0], [91745.0, 1010.0], [91740.0, 1040.0], [91737.5, 2000.0], [91735.0, 1500.0], [91722.5, 600.0], [91720.0, 2000.0], [91717.5, 15190.0], [91715.0, 51000.0], [91690.0, 1360.0], [91687.5, 4540.0], [91685.0, 1000.0], [91680.0, 4860.0], [91677.5, 16280.0], [91625.0, 6030.0], [91622.5, 20190.0], [91607.5, 5810.0], [91605.0, 19450.0]], "asks": [[91755.0, 4540.0], [91757.5, 3790.0], [91760.0, 2000.0], [91762.5, 2010.0], [91765.0, 3330.0], [91767.5, 4460.0], [91782.5, 600.0], [91785.0, 2000.0], [91787.5, 600.0], [91790.0, 2000.0], [91792.5, 14080.0], [91795.0, 47420.0], [91812.5, 10530.0], [91815.0, 20060.0], [91827.5, 600.0], [91830.0, 2000.0], [91840.0, 4800.0], [91842.5, 16090.0], [91912.5, 6060.0], [91915.0, 20300.0]]}}}
{"jsonrpc": "2.0", "method": "subscription", "params": {"channel": "book.BTC-23JAN26.none.20.100ms", "data": {"timestamp": 1768887307216, "change_id": 136163290140, "instrument_name": "BTC-23JAN26", "bids": [[91755.0, 6540.0], [91752.5, 6910.0], [91750.0, 1280.0], [91747.5, 2000.0], [91745.0, 2500.0], [91740.0, 14050.0], [91737.5, 52000.0], [91735.0, 88060.0], [91722.5, 600.0], [91720.0, 2000.0], [91717.5, 300.0], [91715.0, 1000.0], [91690.0, 1360.0], [91687.5, 4540.0], [91685.0, 1000.0], [91680.0, 4860.0], [91677.5, 16280.0], [91625.0, 6030.0], [91622.5, 20190.0], [91607.5, 5810.0]], "asks": [[91760.0, 3200.0], [91762.5, 2000.0], [91765.0, 3330.0], [91767.5, 4470.0], [91782.5, 600.0], [91785.0, 2000.0], [91787.5, 600.0], [91790.0, 2000.0], [91792.5, 14080.0], [91795.0, 47420.0], [91812.5, 10530.0], [91815.0, 20060.0], [91827.5, 600.0], [91830.0, 2000.0], [91840.0, 4800.0], [91842.5, 16090.0], [91912.5, 6060.0], [91915.0, 20300.0], [91947.5, 4070.0], [91960.0, 40580.0]]}}}
{"jsonrpc": "2.0", "method": "subscription", "params": {"channel": "book.BTC-23JAN26.none.20.100ms", "data": {"timestamp": 1768887307448, "change_id": 136163290867, "instrument_name": "BTC-23JAN26", "bids": [[91757.5, 2000.0], [91755.0, 7590.0], [91752.5, 2000.0], [91750.0, 2110.0], [91747.5, 2000.0], [91745.0, 1000.0], [91740.0, 14050.0], [91737.5, 52000.0], [91735.0, 88060.0], [91722.5, 600.0], [91720.0, 2000.0], [91717.5, 300.0], [91715.0, 1000.0], [91690.0, 1360.0], [91687.5, 4540.0], [91685.0, 1000.0], [91680.0, 4860.0], [91677.5, 16280.0], [91625.0, 6030.0], [91622.5, 20190.0]], "asks": [[91760.0, 6540.0], [91762.5, 4380.0], [91765.0, 2010.0], [91767.5, 4460.0], [91770.0, 1500.0], [91777.5, 600.0], [91780.0, 2000.0], [91782.5, 600.0], [91785.0, 2000.0], [91787.5, 600.0], [91790.0, 2000.0], [91792.5, 14080.0], [91795.0, 47420.0], [91812.5, 10530.0], [91815.0, 20060.0], [91827.5, 600.0], [91830.0, 2000.0], [91840.0, 4800.0], [91842.5, 16090.0], [91912.5, 6060.0]]}}}
{"jsonrpc": "2.0", "method": "subscription", "params": {"channel": "book.BTC-23JAN26.none.20.100ms", "data": {"timestamp": 1768887307879, "change_id": 136163291226, "instrument_name": "BTC-23JAN26", "bids": [[91757.5, 2000.0], [91755.0, 3050.0], [91752.5, 2000.0], [91750.0, 2110.0], [91747.5, 2000.0], [91745.0, 1000.0], [91740.0, 14050.0], [91737.5, 52000.0], [91735.0, 44030.0], [91722.5, 600.0], [91720.0, 2000.0], [91717.5, 300.0], [91715.0, 1000.0], [91690.0, 1360.0], [91687.5, 4540.0], [91685.0, 1000.0], [91680.0, 4860.0], [91677.5, 16280.0], [91625.0, 6030.0], [91622.5, 20190.0]], "asks": [[91760.0, 6540.0], [91762.5, 4380.0], [91765.0, 2010.0], [91767.5, 4460.0], [91770.0, 1500.0], [91777.5, 600.0], [91780.0, 2000.0], [91782.5, 600.0], [91785.0, 2000.0], [91787.5, 600.0], [91790.0, 2000.0], [91792.5, 14080.0], [91795.0, 47420.0], [91812.5, 10530.0], [91815.0, 20060.0], [91827.5, 600.0], [91830.0, 2000.0], [91840.0, 4800.0], [91842.5, 16090.0], [91912.5, 6060.0]]}}}
{"jsonrpc": "2.0", "method": "subscription", "params": {"channel": "book.BTC-23JAN26.none.20.100ms", "data": {"timestamp": 1768887308220, "change_id": 136163291960, "instrument_name": "BTC-23JAN26", "bids": [[91757.5, 7140.0], [91755.0, 3050.0], [91752.5, 2010.0], [91750.0, 2100.0], [91747.5, 2000.0], [91745.0, 1000.0], [91740.0, 22670.0], [91737.5, 52000.0], [91735.0, 44030.0], [91722.5, 600.0], [91720.0, 2000.0], [91717.5, 300.0], [91715.0, 1000.0], [91690.0, 1360.0], [91687.5, 4540.0], [91685.0, 1000.0], [91680.0, 4860.0], [91677.5, 16280.0], [91617.5, 6030.0], [91615.0, 20190.0]], "asks": [[91762.5, 4380.0], [91765.0, 2000.0], [91767.5, 4470.0], [91770.0, 1500.0], [91777.5, 600.0], [91780.0, 2000.0], [91782.5, 600.0], [91785.0, 2000.0], [91787.5, 600.0], [91790.0, 2000.0], [91792.5, 14080.0], [91795.0, 47420.0], [91812.5, 10530.0], [91815.0, 20060.0], [91827.5, 600.0], [91830.0, 2000.0], [91840.0, 4800.0], [91842.5, 16090.0], [91912.5, 6060.0], [91915.0, 20300.0]]}}}
{"jsonrpc": "2.0", "method": "subscription", "params": {"channel": "book.BTC-23JAN26.none.20.100ms", "data": {"timestamp": 1768887308525, "change_id": 136163292807, "instrument_name": "BTC-23JAN26", "bids": [[91762.5, 6540.0], [91760.0, 3200.0], [91757.5, 2010.0], [91755.0, 4100.0], [91752.5, 2000.0], [91750.0, 1420.0], [91747.5, 2000.0], [91745.0, 3000.0], [91742.5, 63140.0], [91740.0, 44030.0], [91737.5, 2000.0], [91722.5, 600.0], [91720.0, 2000.0], [91717.5, 300.0], [91715.0, 1000.0], [91690.0, 1360.0], [91687.5, 4540.0], [91685.0, 1000.0], [91680.0, 4860.0], [91677.5, 16280.0]], "asks": [[91767.5, 5060.0], [91772.5, 10.0], [91775.0, 3040.0], [91777.5, 1500.0], [91780.0, 2000.0], [91782.5, 600.0], [91785.0, 2000.0], [91787.5, 600.0], [91790.0, 2000.0], [91792.5, 14080.0], [91795.0, 47420.0], [91810.0, 1360.0], [91812.5, 4540.0], [91827.5, 600.0], [91830.0, 2000.0], [91842.5, 4830.0], [91845.0, 16180.0], [91847.5, 20060.0], [91912.5, 6060.0], [91915.0, 20300.0]]}}}
{"jsonrpc": "2.0", "method": "subscription", "params": {"channel": "book.BTC-23JAN26.none.20.100ms", "data": {"timestamp": 1768887308588, "change_id": 136163292898, "instrument_name": "BTC-23JAN26", "bids": [[91762.5, 6540.0], [91760.0, 3200.0], [91757.5, 2010.0], [91755.0, 4100.0], [91752.5, 2000.0], [91750.0, 1420.0], [91747.5, 2000.0], [91745.0, 3000.0], [91742.5, 63140.0], [91740.0, 44030.0], [91737.5, 2000.0], [91722.5, 600.0], [91720.0, 2000.0], [91717.5, 300.0], [91715.0, 1000.0], [91690.0, 1360.0], [91687.5, 4540.0], [91685.0, 1000.0], [91680.0, 4860.0], [91677.5, 16280.0]], "asks": [[91767.5, 9600.0], [91772.5, 10.0], [91775.0, 3040.0], [91777.5, 1500.0], [91780.0, 2000.0], [91782.5, 600.0], [91785.0, 2000.0], [91787.5, 600.0], [91790.0, 2000.0], [91792.5, 14080.0], [91795.0, 47420.0], [91810.0, 1360.0], [91812.5, 4540.0], [91827.5, 600.0], [91830.0, 2000.0], [91842.5, 4830.0], [91845.0, 16180.0], [91847.5, 20060.0], [91912.5, 6060.0], [91915.0, 20300.0]]}}}
{"jsonrpc": "2.0", "method": "subscription", "params": {"channel": "book.BTC-23JAN26.none.20.100ms", "data": {"timestamp": 1768887308891, "change_id": 136163293156, "instrument_name": "BTC-23JAN26", "bids": [[91762.5, 6540.0], [91760.0, 3200.0], [91757.5, 2010.0], [91755.0, 4100.0], [91752.5, 2000.0], [91750.0, 13780.0], [91747.5, 46030.0], [91745.0, 3000.0], [91742.5, 63140.0], [91740.0, 44030.0], [91737.5, 2000.0], [91722.5, 600.0], [91720.0, 2000.0], [91717.5, 300.0], [91715.0, 1000.0], [91690.0, 1360.0], [91687.5, 4540.0], [91685.0, 1000.0], [91680.0, 4860.0], [91677.5, 16280.0]], "asks": [[91767.5, 9600.0], [91772.5, 10.0], [91775.0, 3040.0], [91777.5, 1500.0], [91780.0, 2000.0], [91782.5, 600.0], [91785.0, 2000.0], [91787.5, 600.0], [91790.0, 2000.0], [91792.5, 14080.0], [91795.0, 47420.0], [91810.0, 1360.0], [91812.5, 4540.0], [91827.5, 600.0], [91830.0, 2000.0], [91842.5, 4830.0], [91845.0, 16180.0], [91847.5, 20060.0], [91912.5, 6060.0], [91915.0, 20300.0]]}}}
{"jsonrpc": "2.0", "method": "subscription", "params": {"channel": "book.BTC-23JAN26.none.20.100ms", "data": {"timestamp": 1768887309264, "change_id": 136163293735, "instrument_name": "BTC-23JAN26", "bids": [[91762.5, 6540.0], [91760.0, 3200.0], [91757.5, 2010.0], [91755.0, 2100.0], [91752.5, 2000.0], [91750.0, 13780.0], [91747.5, 46030.0], [91745.0, 3000.0], [91742.5, 63140.0], [91740.0, 44030.0], [91722.5, 600.0], [91720.0, 2000.0], [91717.5, 300.0], [91715.0, 1000.0], [91690.0, 1360.0], [91687.5, 4540.0], [91685.0, 1000.0], [91680.0, 4860.0], [91677.5, 16280.0], [91625.0, 20190.0]], "asks": [[91767.5, 11600.0], [91772.5, 10.0], [91775.0, 3040.0], [91777.5, 1500.0], [91780.0, 2000.0], [91782.5, 600.0], [91785.0, 2000.0], [91787.5, 600.0], [91790.0, 2000.0], [91792.5, 14080.0], [91795.0, 47420.0], [91810.0, 1360.0], [91812.5, 4540.0], [91827.5, 600.0], [91830.0, 2000.0], [91842.5, 4830.0], [91845.0, 16180.0], [91847.5, 20060.0], [91912.5, 6060.0], [91915.0, 20300.0]]}}}
{"jsonrpc": "2.0", "method": "subscription", "params": {"channel": "book.BTC-23JAN26.none.20.100ms", "data": {"timestamp": 1768887310085, "change_id": 136163294889, "instrument_name": "BTC-23JAN26", "bids": [[91760.0, 2000.0], [91757.5, 6540.0], [91755.0, 600.0], [91752.5, 2010.0], [91750.0, 13780.0], [91747.5, 46030.0], [91745.0, 3000.0], [91742.5, 63140.0], [91740.0, 44030.0], [91722.5, 600.0], [91720.0, 2000.0], [91717.5, 300.0], [91715.0, 1000.0], [91690.0, 1360.0], [91687.5, 4540.0], [91685.0, 1000.0], [91680.0, 4860.0], [91677.5, 16280.0], [91627.5, 6030.0], [91625.0, 20190.0]], "asks": [[91762.5, 6540.0], [91765.0, 3930.0], [91767.5, 6460.0], [91770.0, 10.0], [91772.5, 600.0], [91775.0, 3040.0], [91777.5, 1500.0], [91780.0, 2000.0], [91782.5, 600.0], [91785.0, 2000.0], [91787.5, 600.0], [91790.0, 2000.0], [91792.5, 14080.0], [91795.0, 47420.0], [91810.0, 1360.0], [91812.5, 4540.0], [91827.5, 600.0], [91830.0, 2000.0], [91842.5, 4830.0], [91845.0, 16180.0]]}}}
{"jsonrpc": "2.0", "method": "subscription", "params": {"channel": "book.BTC-23JAN26.none.20.100ms", "data": {"timestamp": 1768887310419, "change_id": 136163295537, "instrument_name": "BTC-23JAN26", "bids": [[91760.0, 2000.0], [91757.5, 6540.0], [91755.0, 2600.0], [91752.5, 2010.0], [91750.0, 1490.0], [91747.5, 2000.0], [91745.0, 3450.0], [91742.5, 1500.0], [91722.5, 600.0], [91720.0, 17220.0], [91717.5, 50000.0], [91715.0, 1000.0], [91690.0, 1360.0], [91687.5, 4540.0], [91685.0, 1000.0], [91680.0, 4860.0], [91677.5, 16280.0], [91627.5, 6030.0], [91625.0, 20190.0], [91607.5, 5810.0]], "asks": [[91762.5, 6540.0], [91765.0, 5430.0], [91767.5, 6470.0], [91770.0, 600.0], [91772.5, 2000.0], [91775.0, 600.0], [91780.0, 2000.0], [91782.5, 600.0], [91785.0, 2000.0], [91792.5, 14080.0], [91795.0, 47420.0], [91810.0, 1360.0], [91812.5, 4540.0], [91827.5, 600.0], [91830.0, 2000.0], [91842.5, 4830.0], [91845.0, 16180.0], [91847.5, 20060.0], [91912.5, 6060.0], [91915.0, 20300.0]]}}}
{"jsonrpc": "2.0", "method": "subscription", "params": {"channel": "book.BTC-23JAN26.none.20.100ms", "data": {"timestamp": 1768887311521, "change_id": 136163297107, "instrument_name": "BTC-23JAN26", "bids": [[91760.0, 2000.0], [91757.5, 7140.0], [91755.0, 2970.0], [91752.5, 2010.0], [91750.0, 2990.0], [91747.5, 2000.0], [91745.0, 3000.0], [91722.5, 600.0], [91720.0, 17220.0], [91717.5, 50000.0], [91715.0, 1000.0], [91690.0, 1360.0], [91687.5, 4540.0], [91685.0, 1000.0], [91680.0, 4860.0], [91677.5, 16280.0], [91627.5, 6030.0], [91625.0, 20190.0], [91607.5, 5810.0], [91605.0, 19450.0]], "asks": [[91762.5, 6540.0], [91765.0, 3930.0], [91767.5, 6470.0], [91770.0, 970.0], [91772.5, 3500.0], [91775.0, 600.0], [91780.0, 2000.0], [91792.5, 14080.0], [91795.0, 47420.0], [91810.0, 1360.0], [91812.5, 4540.0], [91827.5, 600.0], [91830.0, 2000.0], [91842.5, 4830.0], [91845.0, 22170.0], [91847.5, 20060.0], [91912.5, 6060.0], [91915.0, 20300.0], [91947.5, 4070.0], [91960.0, 40580.0]]}}}
{"jsonrpc": "2.0", "method": "subscription", "params": {"channel": "book.BTC-23JAN26.none.20.100ms", "data": {"timestamp": 1768887311703, "change_id": 136163297241, "instrument_name": "BTC-23JAN26", "bids": [[91760.0, 2000.0], [91757.5, 7140.0], [91755.0, 2970.0], [91752.5, 2010.0], [91750.0, 2990.0], [91747.5, 2000.0], [91745.0, 16140.0], [91742.5, 44030.0], [91722.5, 600.0], [91720.0, 17220.0], [91717.5, 50000.0], [91715.0, 1000.0], [91690.0, 1360.0], [91687.5, 4540.0], [91685.0, 1000.0], [91680.0, 4860.0], [91677.5, 16280.0], [91627.5, 6030.0], [91625.0, 20190.0], [91607.5, 5810.0]], "asks": [[91762.5, 6540.0], [91765.0, 3930.0], [91767.5, 6470.0], [91770.0, 970.0], [91772.5, 3500.0], [91775.0, 600.0], [91780.0, 2000.0], [91792.5, 14080.0], [91795.0, 47420.0], [91810.0, 1360.0], [91812.5, 4540.0], [91827.5, 600.0], [91830.0, 2000.0], [91842.5, 4830.0], [91845.0, 22170.0], [91847.5, 20060.0], [91912.5, 6060.0], [91915.0, 20300.0], [91947.5, 4070.0], [91960.0, 40580.0]]}}}
{"jsonrpc": "2.0", "method": "subscription", "params": {"channel": "book.BTC-23JAN26.none.20.100ms", "data": {"timestamp": 1768887311915, "change_id": 136163297315, "instrument_name": "BTC-23JAN26", "bids": [[91760.0, 2000.0], [91757.5, 7140.0], [91755.0, 2970.0], [91752.5, 2010.0], [91750.0, 2990.0], [91747.5, 2000.0], [91745.0, 16140.0], [91742.5, 88060.0], [91722.5, 600.0], [91720.0, 17220.0], [91717.5, 50000.0], [91715.0, 1000.0], [91690.0, 1360.0], [91687.5, 4540.0], [91685.0, 1000.0], [91680.0, 4860.0], [91677.5, 16280.0], [91627.5, 6030.0], [91625.0, 20190.0], [91607.5, 5810.0]], "asks": [[91762.5, 6540.0], [91765.0, 3930.0], [91767.5, 6470.0], [91770.0, 970.0], [91772.5, 3500.0], [91775.0, 600.0], [91780.0, 2000.0], [91792.5, 14080.0], [91795.0, 47420.0], [91810.0, 1360.0], [91812.5, 4540.0], [91827.5, 600.0], [91830.0, 2000.0], [91842.5, 4830.0], [91845.0, 22170.0], [91847.5, 20060.0], [91912.5, 6060.0], [91915.0, 20300.0], [91947.5, 4070.0], [91960.0, 40580.0]]}}}
{"jsonrpc": "2.0", "method": "subscription", "params": {"channel": "book.BTC-23JAN26.none.20.100ms", "data": {"timestamp": 1768887312290, "change_id": 136163298025, "instrument_name": "BTC-23JAN26", "bids": [[91760.0, 2000.0], [91757.5, 7140.0], [91755.0, 2970.0], [91752.5, 2010.0], [91750.0, 14030.0], [91747.5, 2000.0], [91745.0, 66140.0], [91742.5, 88060.0], [91722.5, 600.0], [91720.0, 2000.0], [91717.5, 300.0], [91715.0, 1000.0], [91690.0, 1360.0], [91687.5, 4540.0], [91685.0, 1000.0], [91680.0, 4860.0], [91677.5, 16280.0], [91627.5, 6030.0], [91625.0, 20190.0], [91607.5, 5810.0]], "asks": [[91762.5, 6540.0], [91765.0, 3930.0], [91767.5, 6470.0], [91770.0, 2970.0], [91772.5, 3500.0], [91792.5, 14080.0], [91795.0, 47420.0], [91810.0, 1360.0], [91812.5, 4540.0], [91827.5, 600.0], [91830.0, 2000.0], [91842.5, 4830.0], [91845.0, 22170.0], [91847.5, 20060.0], [91912.5, 6060.0], [91915.0, 20300.0], [91947.5, 4070.0], [91960.0, 40580.0], [92010.0, 50000.0], [92107.5, 40290.0]]}}}
{"jsonrpc": "2.0", "method": "subscription", "params": {"channel": "book.BTC-23JAN26.none.20.100ms", "data": {"timestamp": 1768887312843, "change_id": 136163298443, "instrument_name": "BTC-23JAN26", "bids": [[91760.0, 2000.0], [91757.5, 7140.0], [91755.0, 2970.0], [91752.5, 2010.0], [91750.0, 14030.0], [91747.5, 2000.0], [91745.0, 66140.0], [91742.5, 88060.0], [91722.5, 600.0], [91720.0, 2000.0], [91717.5, 300.0], [91715.0, 1000.0], [91690.0, 1360.0], [91687.5, 4540.0], [91685.0, 1000.0], [91680.0, 4860.0], [91677.5, 16280.0], [91627.5, 6030.0], [91625.0, 20190.0], [91607.5, 5810.0]], "asks": [[91762.5, 4540.0], [91765.0, 3930.0], [91767.5, 6460.0], [91770.0, 2980.0], [91772.5, 3500.0], [91792.5, 14080.0], [91795.0, 47420.0], [91810.0, 1360.0], [91812.5, 4540.0], [91827.5, 600.0], [91830.0, 2000.0], [91842.5, 4830.0], [91845.0, 22170.0], [91847.5, 20060.0], [91912.5, 6060.0], [91915.0, 20300.0], [91947.5, 4070.0], [91960.0, 40580.0], [92010.0, 50000.0], [92107.5, 40290.0]]}}}
