{"jsonrpc": "2.0", "method": "subscription", "params": {"channel": "book.BTC-4APR25.none.20.100ms", "data": {"timestamp": 1743453343079, "change_id": 95021579873, "instrument_name": "BTC-4APR25", "bids": [[82727.5, 1310.0], [82725.0, 15890.0], [82722.5, 1300.0], [82720.0, 72960.0], [82717.5, 69100.0], [82710.0, 3440.0], [82707.5, 11340.0], [82705.0, 120.0], [82702.5, 670.0], [82700.0, 8190.0], [82697.5, 11340.0], [82695.0, 10000.0], [82690.0, 3470.0], [82687.5, 11570.0], [82680.0, 3690.0], [82677.5, 12310.0], [82670.0, 3420.0], [82667.5, 11280.0], [82660.0, 3400.0], [82657.5, 11320.0]], "asks": [[82730.0, 13300.0], [82732.5, 1080.0], [82735.0, 1300.0], [82737.5, 2300.0], [82740.0, 1060.0], [82742.5, 1300.0], [82745.0, 7300.0], [82747.5, 1420.0], [82750.0, 11340.0], [82757.5, 670.0], [82760.0, 2230.0], [82765.0, 3410.0], [82767.5, 11360.0], [82775.0, 3410.0], [82777.5, 11360.0], [82785.0, 3450.0], [82787.5, 11500.0], [82795.0, 3500.0], [82797.5, 11650.0], [82802.5, 40.0]]}}}
{"jsonrpc": "2.0", "method": "subscription", "params": {"channel": "book.BTC-11APR25.none.20.100ms", "data": {"timestamp": 1743453343315, "change_id": 95021580094, "instrument_name": "BTC-11APR25", "bids": [[82772.5, 12110.0], [82770.0, 15900.0], [82767.5, 3600.0], [82765.0, 73570.0], [82762.5, 71210.0], [82760.0, 8420.0], [82750.0, 2540.0], [82747.5, 8460.0], [82745.0, 3620.0], [82742.5, 10000.0], [82740.0, 4650.0], [82737.5, 8550.0], [82735.0, 20.0], [82732.5, 1890.0], [82730.0, 6290.0], [82727.5, 2570.0], [82725.0, 8550.0], [82717.5, 2570.0], [82715.0, 8560.0], [82707.5, 2570.0]], "asks": [[82775.0, 10460.0], [82777.5, 11500.0], [82780.0, 10000.0], [82785.0, 7260.0], [82787.5, 8600.0], [82790.0, 6210.0], [82792.5, 3720.0], [82795.0, 8010.0], [82797.5, 13940.0], [82800.0, 11650.0], [82802.5, 28750.0], [82805.0, 2500.0], [82807.5, 8340.0], [82815.0, 2590.0], [82817.5, 8620.0], [82820.0, 2080.0], [82825.0, 2590.0], [82827.5, 8620.0], [82857.5, 2510.0], [82860.0, 8370.0]]}}}
{"jsonrpc": "2.0", "method": "subscription", "params": {"channel": "book.BTC-11APR25.none.20.100ms", "data": {"timestamp": 1743453343611, "change_id": 95021580511, "instrument_name": "BTC-11APR25", "bids": [[82772.5, 12110.0], [82770.0, 15900.0], [82767.5, 3600.0], [82765.0, 73570.0], [82762.5, 71210.0], [82760.0, 8420.0], [82750.0, 2540.0], [82747.5, 8460.0], [82745.0, 3620.0], [82742.5, 10000.0], [82740.0, 4650.0], [82737.5, 8550.0], [82735.0, 20.0], [82732.5, 1890.0], [82730.0, 6290.0], [82727.5, 2570.0], [82725.0, 8550.0], [82717.5, 2570.0], [82715.0, 8560.0], [82707.5, 2570.0]], "asks": [[82775.0, 3020.0], [82777.5, 11500.0], [82780.0, 10000.0], [82785.0, 7260.0], [82787.5, 8600.0], [82790.0, 6210.0], [82792.5, 3720.0], [82795.0, 8010.0], [82797.5, 13940.0], [82800.0, 11650.0], [82802.5, 28750.0], [82805.0, 2500.0], [82807.5, 8340.0], [82815.0, 2590.0], [82817.5, 8620.0], [82820.0, 2080.0], [82825.0, 2590.0], [82827.5, 8620.0], [82857.5, 2510.0], [82860.0, 8370.0]]}}}
{"jsonrpc": "2.0", "method": "subscription", "params": {"channel": "book.BTC-4APR25.none.20.100ms", "data": {"timestamp": 1743453343476, "change_id": 95021580308, "instrument_name": "BTC-4APR25", "bids": [[82727.5, 1300.0], [82725.0, 15890.0], [82722.5, 1300.0], [82720.0, 72960.0], [82717.5, 69100.0], [82710.0, 3440.0], [82707.5, 11340.0], [82705.0, 120.0], [82702.5, 670.0], [82700.0, 8190.0], [82697.5, 11340.0], [82695.0, 10000.0], [82690.0, 3470.0], [82687.5, 11570.0], [82680.0, 3690.0], [82677.5, 12310.0], [82670.0, 3420.0], [82667.5, 11280.0], [82660.0, 3400.0], [82657.5, 11320.0]], "asks": [[82730.0, 13310.0], [82732.5, 1080.0], [82735.0, 1300.0], [82737.5, 2300.0], [82740.0, 1060.0], [82742.5, 1300.0], [82745.0, 7300.0], [82747.5, 1420.0], [82750.0, 11340.0], [82757.5, 670.0], [82760.0, 2230.0], [82765.0, 3410.0], [82767.5, 11360.0], [82775.0, 3410.0], [82777.5, 11360.0], [82785.0, 3450.0], [82787.5, 11500.0], [82795.0, 3500.0], [82797.5, 11650.0], [82802.5, 40.0]]}}}
{"jsonrpc": "2.0", "method": "subscription", "params": {"channel": "book.BTC-4APR25.none.20.100ms", "data": {"timestamp": 1743453343815, "change_id": 95021580659, "instrument_name": "BTC-4APR25", "bids": [[82727.5, 1310.0], [82725.0, 15890.0], [82722.5, 1300.0], [82720.0, 72960.0], [82717.5, 69100.0], [82710.0, 3440.0], [82707.5, 11340.0], [82705.0, 120.0], [82702.5, 670.0], [82700.0, 8190.0], [82697.5, 11340.0], [82695.0, 10000.0], [82690.0, 3470.0], [82687.5, 11570.0], [82680.0, 3690.0], [82677.5, 12310.0], [82670.0, 3420.0], [82667.5, 11280.0], [82660.0, 3400.0], [82657.5, 11320.0]], "asks": [[82730.0, 13300.0], [82732.5, 1080.0], [82735.0, 1300.0], [82737.5, 2300.0], [82740.0, 1060.0], [82742.5, 1300.0], [82745.0, 7300.0], [82747.5, 1420.0], [82750.0, 11340.0], [82757.5, 670.0], [82760.0, 2230.0], [82765.0, 3410.0], [82767.5, 11360.0], [82775.0, 3410.0], [82777.5, 11360.0], [82785.0, 3450.0], [82787.5, 11500.0], [82795.0, 3500.0], [82797.5, 11650.0], [82802.5, 40.0]]}}}
{"jsonrpc": "2.0", "method": "subscription", "params": {"channel": "book.BTC-11APR25.none.20.100ms", "data": {"timestamp": 1743453343975, "change_id": 95021580718, "instrument_name": "BTC-11APR25", "bids": [[82772.5, 12110.0], [82770.0, 15900.0], [82767.5, 3600.0], [82765.0, 73570.0], [82762.5, 71210.0], [82760.0, 8420.0], [82750.0, 2540.0], [82747.5, 8460.0], [82745.0, 3620.0], [82742.5, 10000.0], [82740.0, 4650.0], [82737.5, 8550.0], [82735.0, 20.0], [82732.5, 1890.0], [82730.0, 6290.0], [82727.5, 2570.0], [82725.0, 8550.0], [82717.5, 2570.0], [82715.0, 8560.0], [82707.5, 2570.0]], "asks": [[82775.0, 11520.0], [82777.5, 11500.0], [82780.0, 10000.0], [82785.0, 7260.0], [82787.5, 8600.0], [82790.0, 6210.0], [82792.5, 3720.0], [82795.0, 8010.0], [82797.5, 13940.0], [82800.0, 11650.0], [82802.5, 28750.0], [82805.0, 2500.0], [82807.5, 8340.0], [82815.0, 2590.0], [82817.5, 8620.0], [82820.0, 2080.0], [82825.0, 2590.0], [82827.5, 8620.0], [82857.5, 2510.0], [82860.0, 8370.0]]}}}
{"jsonrpc": "2.0", "method": "subscription", "params": {"channel": "book.BTC-4APR25.none.20.100ms", "data": {"timestamp": 1743453344502, "change_id": 95021581318, "instrument_name": "BTC-4APR25", "bids": [[82727.5, 1300.0], [82725.0, 15890.0], [82722.5, 1300.0], [82720.0, 72960.0], [82717.5, 69100.0], [82710.0, 3440.0], [82707.5, 11340.0], [82705.0, 120.0], [82702.5, 670.0], [82700.0, 8190.0], [82697.5, 11340.0], [82695.0, 10000.0], [82690.0, 3470.0], [82687.5, 11570.0], [82680.0, 3690.0], [82677.5, 12310.0], [82670.0, 3420.0], [82667.5, 11280.0], [82660.0, 3400.0], [82657.5, 11320.0]], "asks": [[82730.0, 13300.0], [82732.5, 1080.0], [82735.0, 1300.0], [82737.5, 2300.0], [82740.0, 1060.0], [82742.5, 1300.0], [82745.0, 7300.0], [82747.5, 1420.0], [82750.0, 11340.0], [82757.5, 670.0], [82760.0, 2230.0], [82765.0, 3410.0], [82767.5, 11360.0], [82775.0, 3410.0], [82777.5, 11360.0], [82785.0, 3450.0], [82787.5, 11500.0], [82795.0, 3500.0], [82797.5, 11650.0], [82802.5, 40.0]]}}}
{"jsonrpc": "2.0", "method": "subscription", "params": {"channel": "book.BTC-11APR25.none.20.100ms", "data": {"timestamp": 1743453344907, "change_id": 95021581721, "instrument_name": "BTC-11APR25", "bids": [[82770.0, 11190.0], [82767.5, 18600.0], [82765.0, 73570.0], [82762.5, 71210.0], [82760.0, 8420.0], [82750.0, 2540.0], [82747.5, 8460.0], [82745.0, 3620.0], [82742.5, 10000.0], [82740.0, 4650.0], [82737.5, 8550.0], [82735.0, 20.0], [82732.5, 1890.0], [82730.0, 6290.0], [82727.5, 2570.0], [82725.0, 8550.0], [82717.5, 2570.0], [82715.0, 8560.0], [82707.5, 2570.0], [82705.0, 8560.0]], "asks": [[82772.5, 10210.0], [82775.0, 11500.0], [82780.0, 10000.0], [82782.5, 1080.0], [82785.0, 7260.0], [82787.5, 8600.0], [82790.0, 6210.0], [82792.5, 3720.0], [82795.0, 8010.0], [82797.5, 13940.0], [82800.0, 11650.0], [82802.5, 28750.0], [82805.0, 2500.0], [82807.5, 8340.0], [82815.0, 2590.0], [82817.5, 8620.0], [82820.0, 2080.0], [82825.0, 2590.0], [82827.5, 8620.0], [82857.5, 2510.0]]}}}
{"jsonrpc": "2.0", "method": "subscription", "params": {"channel": "book.BTC-4APR25.none.20.100ms", "data": {"timestamp": 1743453344942, "change_id": 95021581746, "instrument_name": "BTC-4APR25", "bids": [[82727.5, 1310.0], [82725.0, 15890.0], [82722.5, 1300.0], [82720.0, 72960.0], [82717.5, 69100.0], [82710.0, 3440.0], [82707.5, 11340.0], [82705.0, 120.0], [82702.5, 670.0], [82700.0, 8190.0], [82697.5, 11340.0], [82695.0, 10000.0], [82690.0, 3470.0], [82687.5, 11570.0], [82680.0, 3690.0], [82677.5, 12310.0], [82670.0, 3420.0], [82667.5, 11280.0], [82660.0, 3400.0], [82657.5, 11320.0]], "asks": [[82730.0, 13300.0], [82732.5, 1080.0], [82735.0, 1300.0], [82737.5, 2300.0], [82740.0, 1060.0], [82742.5, 1300.0], [82745.0, 7300.0], [82747.5, 1420.0], [82750.0, 11340.0], [82757.5, 670.0], [82760.0, 2230.0], [82765.0, 3410.0], [82767.5, 11360.0], [82775.0, 3410.0], [82777.5, 11360.0], [82785.0, 3450.0], [82787.5, 11500.0], [82795.0, 3500.0], [82797.5, 11650.0], [82802.5, 40.0]]}}}
{"jsonrpc": "2.0", "method": "subscription", "params": {"channel": "book.BTC-11APR25.none.20.100ms", "data": {"timestamp": 1743453345430, "change_id": 95021582570, "instrument_name": "BTC-11APR25", "bids": [[82770.0, 6290.0], [82767.5, 18600.0], [82765.0, 73570.0], [82762.5, 71210.0], [82760.0, 8420.0], [82750.0, 2540.0], [82747.5, 8460.0], [82745.0, 3620.0], [82742.5, 10000.0], [82740.0, 4650.0], [82737.5, 8550.0], [82735.0, 20.0], [82732.5, 1890.0], [82730.0, 6290.0], [82727.5, 2570.0], [82725.0, 8550.0], [82717.5, 2570.0], [82715.0, 8560.0], [82707.5, 2570.0], [82705.0, 8560.0]], "asks": [[82772.5, 10210.0], [82775.0, 11500.0], [82780.0, 10000.0], [82782.5, 1080.0], [82785.0, 7260.0], [82787.5, 8600.0], [82790.0, 6210.0], [82792.5, 3720.0], [82795.0, 8010.0], [82797.5, 13940.0], [82800.0, 11650.0], [82802.5, 28750.0], [82805.0, 2500.0], [82807.5, 8340.0], [82815.0, 2590.0], [82817.5, 8620.0], [82820.0, 2080.0], [82825.0, 2590.0], [82827.5, 8620.0], [82857.5, 2510.0]]}}}
{"jsonrpc": "2.0", "method": "subscription", "params": {"channel": "book.BTC-4APR25.none.20.100ms", "data": {"timestamp": 1743453345233, "change_id": 95021582400, "instrument_name": "BTC-4APR25", "bids": [[82727.5, 1300.0], [82725.0, 15890.0], [82722.5, 1300.0], [82720.0, 72960.0], [82717.5, 69100.0], [82710.0, 3440.0], [82707.5, 11340.0], [82705.0, 120.0], [82702.5, 670.0], [82700.0, 8190.0], [82697.5, 11340.0], [82695.0, 10000.0], [82690.0, 3470.0], [82687.5, 11570.0], [82680.0, 3690.0], [82677.5, 12310.0], [82670.0, 3420.0], [82667.5, 11280.0], [82660.0, 3400.0], [82657.5, 11320.0]], "asks": [[82730.0, 13310.0], [82732.5, 1080.0], [82735.0, 1300.0], [82737.5, 2300.0], [82740.0, 1060.0], [82742.5, 1300.0], [82745.0, 7300.0], [82747.5, 1420.0], [82750.0, 11340.0], [82757.5, 670.0], [82760.0, 2230.0], [82765.0, 3410.0], [82767.5, 11360.0], [82775.0, 3410.0], [82777.5, 11360.0], [82785.0, 3450.0], [82787.5, 11500.0], [82795.0, 3500.0], [82797.5, 11650.0], [82802.5, 40.0]]}}}
{"jsonrpc": "2.0", "method": "subscription", "params": {"channel": "book.BTC-4APR25.none.20.100ms", "data": {"timestamp": 1743453346009, "change_id": 95021583362, "instrument_name": "BTC-4APR25", "bids": [[82727.5, 1310.0], [82725.0, 15890.0], [82722.5, 1300.0], [82720.0, 72960.0], [82717.5, 69100.0], [82710.0, 3440.0], [82707.5, 11340.0], [82705.0, 120.0], [82702.5, 670.0], [82700.0, 8190.0], [82697.5, 11340.0], [82695.0, 10000.0], [82690.0, 3470.0], [82687.5, 11570.0], [82680.0, 3690.0], [82677.5, 12310.0], [82670.0, 3420.0], [82667.5, 11280.0], [82660.0, 3400.0], [82657.5, 11320.0]], "asks": [[82730.0, 13300.0], [82732.5, 1080.0], [82735.0, 1300.0], [82737.5, 2300.0], [82740.0, 1060.0], [82742.5, 1300.0], [82745.0, 7300.0], [82747.5, 1420.0], [82750.0, 11340.0], [82757.5, 670.0], [82760.0, 2230.0], [82765.0, 3410.0], [82767.5, 11360.0], [82775.0, 3410.0], [82777.5, 11360.0], [82785.0, 3450.0], [82787.5, 11500.0], [82795.0, 3500.0], [82797.5, 11650.0], [82802.5, 40.0]]}}}
{"jsonrpc": "2.0", "method": "subscription", "params": {"channel": "book.BTC-4APR25.none.20.100ms", "data": {"timestamp": 1743453346316, "change_id": 95021583629, "instrument_name": "BTC-4APR25", "bids": [[82727.5, 1310.0], [82725.0, 15890.0], [82722.5, 1300.0], [82720.0, 72960.0], [82717.5, 69100.0], [82710.0, 3440.0], [82707.5, 11340.0], [82705.0, 120.0], [82702.5, 670.0], [82700.0, 8190.0], [82697.5, 11340.0], [82695.0, 10000.0], [82690.0, 3470.0], [82687.5, 11570.0], [82680.0, 3690.0], [82677.5, 12310.0], [82670.0, 3420.0], [82667.5, 11280.0], [82660.0, 3400.0], [82657.5, 11320.0]], "asks": [[82730.0, 13300.0], [82732.5, 1080.0], [82735.0, 1300.0], [82737.5, 2300.0], [82740.0, 1060.0], [82742.5, 1300.0], [82745.0, 7300.0], [82747.5, 1420.0], [82750.0, 11340.0], [82757.5, 670.0], [82760.0, 2230.0], [82765.0, 3410.0], [82767.5, 11360.0], [82775.0, 3410.0], [82777.5, 11360.0], [82785.0, 3450.0], [82787.5, 11500.0], [82795.0, 3500.0], [82797.5, 11650.0], [82802.5, 40.0]]}}}
{"jsonrpc": "2.0", "method": "subscription", "params": {"channel": "book.BTC-4APR25.none.20.100ms", "data": {"timestamp": 1743453346929, "change_id": 95021584234, "instrument_name": "BTC-4APR25", "bids": [[82727.5, 1310.0], [82725.0, 15890.0], [82722.5, 1300.0], [82720.0, 72960.0], [82717.5, 69100.0], [82710.0, 3440.0], [82707.5, 11340.0], [82705.0, 120.0], [82702.5, 670.0], [82700.0, 8190.0], [82697.5, 11340.0], [82695.0, 10000.0], [82690.0, 3470.0], [82687.5, 11570.0], [82680.0, 3690.0], [82677.5, 12310.0], [82670.0, 3420.0], [82667.5, 11280.0], [82660.0, 3400.0], [82657.5, 11320.0]], "asks": [[82730.0, 13300.0], [82732.5, 1080.0], [82735.0, 1300.0], [82737.5, 2300.0], [82740.0, 1060.0], [82742.5, 1300.0], [82745.0, 7300.0], [82747.5, 1420.0], [82750.0, 11340.0], [82757.5, 670.0], [82760.0, 2230.0], [82765.0, 3410.0], [82767.5, 11360.0], [82775.0, 3410.0], [82777.5, 11360.0], [82785.0, 3450.0], [82787.5, 11500.0], [82795.0, 3500.0], [82797.5, 11650.0], [82802.5, 40.0]]}}}
{"jsonrpc": "2.0", "method": "subscription", "params": {"channel": "book.BTC-11APR25.none.20.100ms", "data": {"timestamp": 1743453347317, "change_id": 95021584714, "instrument_name": "BTC-11APR25", "bids": [[82770.0, 6290.0], [82767.5, 18600.0], [82765.0, 73570.0], [82762.5, 71210.0], [82760.0, 8420.0], [82750.0, 2540.0], [82747.5, 8460.0], [82745.0, 3620.0], [82742.5, 10000.0], [82740.0, 4650.0], [82737.5, 8550.0], [82735.0, 20.0], [82732.5, 1890.0], [82730.0, 6290.0], [82727.5, 2570.0], [82725.0, 8550.0], [82717.5, 2570.0], [82715.0, 8560.0], [82707.5, 2570.0], [82705.0, 8560.0]], "asks": [[82772.5, 10210.0], [82775.0, 11500.0], [82780.0, 10000.0], [82782.5, 1080.0], [82785.0, 7260.0], [82787.5, 8600.0], [82790.0, 6210.0], [82792.5, 3720.0], [82795.0, 8010.0], [82797.5, 13940.0], [82800.0, 11650.0], [82802.5, 28750.0], [82805.0, 2500.0], [82807.5, 8340.0], [82815.0, 2590.0], [82817.5, 8620.0], [82820.0, 2080.0], [82825.0, 2590.0], [82827.5, 8620.0], [82857.5, 2510.0]]}}}
{"jsonrpc": "2.0", "method": "subscription", "params": {"channel": "book.BTC-4APR25.none.20.100ms", "data": {"timestamp": 1743453347326, "change_id": 95021584720, "instrument_name": "BTC-4APR25", "bids": [[82727.5, 1300.0], [82725.0, 15890.0], [82722.5, 1300.0], [82720.0, 72960.0], [82717.5, 69100.0], [82710.0, 3440.0], [82707.5, 11340.0], [82705.0, 120.0], [82702.5, 670.0], [82700.0, 8190.0], [82697.5, 11340.0], [82695.0, 10000.0], [82690.0, 3470.0], [82687.5, 11570.0], [82680.0, 3690.0], [82677.5, 12310.0], [82670.0, 3420.0], [82667.5, 11280.0], [82660.0, 3400.0], [82657.5, 11320.0]], "asks": [[82730.0, 13310.0], [82732.5, 1080.0], [82735.0, 1300.0], [82737.5, 2300.0], [82740.0, 1060.0], [82742.5, 1300.0], [82745.0, 7300.0], [82747.5, 1420.0], [82750.0, 11340.0], [82757.5, 670.0], [82760.0, 2230.0], [82765.0, 3410.0], [82767.5, 11360.0], [82775.0, 3410.0], [82777.5, 11360.0], [82785.0, 3450.0], [82787.5, 11500.0], [82795.0, 3500.0], [82797.5, 11650.0], [82802.5, 40.0]]}}}
{"jsonrpc": "2.0", "method": "subscription", "params": {"channel": "book.BTC-11APR25.none.20.100ms", "data": {"timestamp": 1743453347717, "change_id": 95021585211, "instrument_name": "BTC-11APR25", "bids": [[82770.0, 14790.0], [82767.5, 18600.0], [82765.0, 73570.0], [82762.5, 71210.0], [82760.0, 8420.0], [82750.0, 2540.0], [82747.5, 8460.0], [82745.0, 3620.0], [82742.5, 10000.0], [82740.0, 4650.0], [82737.5, 8550.0], [82735.0, 1910.0], [82732.5, 6290.0], [82727.5, 2570.0], [82725.0, 8550.0], [82717.5, 2570.0], [82715.0, 8560.0], [82707.5, 2570.0], [82705.0, 8560.0], [82697.5, 2520.0]], "asks": [[82772.5, 10210.0], [82775.0, 11500.0], [82780.0, 10000.0], [82782.5, 1080.0], [82785.0, 7260.0], [82787.5, 8600.0], [82790.0, 6210.0], [82792.5, 3720.0], [82795.0, 8010.0], [82797.5, 13940.0], [82800.0, 11650.0], [82802.5, 28750.0], [82805.0, 2500.0], [82807.5, 8340.0], [82815.0, 2590.0], [82817.5, 8620.0], [82820.0, 2080.0], [82825.0, 2590.0], [82827.5, 8620.0], [82857.5, 2510.0]]}}}
{"jsonrpc": "2.0", "method": "subscription", "params": {"channel": "book.BTC-11APR25.none.20.100ms", "data": {"timestamp": 1743453348050, "change_id": 95021585670, "instrument_name": "BTC-11APR25", "bids": [[82770.0, 6280.0], [82767.5, 18600.0], [82765.0, 73570.0], [82762.5, 71210.0], [82760.0, 8420.0], [82750.0, 2540.0], [82747.5, 8460.0], [82745.0, 3620.0], [82742.5, 10000.0], [82740.0, 4650.0], [82737.5, 8550.0], [82735.0, 1910.0], [82732.5, 6290.0], [82727.5, 2570.0], [82725.0, 8550.0], [82717.5, 2570.0], [82715.0, 8560.0], [82707.5, 2570.0], [82705.0, 8560.0], [82697.5, 2520.0]], "asks": [[82772.5, 10210.0], [82775.0, 11500.0], [82780.0, 10000.0], [82782.5, 1080.0], [82785.0, 7260.0], [82787.5, 8600.0], [82790.0, 6210.0], [82792.5, 3720.0], [82795.0, 8010.0], [82797.5, 13940.0], [82800.0, 11650.0], [82802.5, 28750.0], [82805.0, 2500.0], [82807.5, 8340.0], [82815.0, 2590.0], [82817.5, 8620.0], [82820.0, 2080.0], [82825.0, 2590.0], [82827.5, 8620.0], [82857.5, 2510.0]]}}}
{"jsonrpc": "2.0", "method": "subscription", "params": {"channel": "book.BTC-4APR25.none.20.100ms", "data": {"timestamp": 1743453348051, "change_id": 95021585672, "instrument_name": "BTC-4APR25", "bids": [[82727.5, 1300.0], [82725.0, 15890.0], [82722.5, 1300.0], [82720.0, 72960.0], [82717.5, 69100.0], [82710.0, 3440.0], [82707.5, 11340.0], [82705.0, 120.0], [82702.5, 670.0], [82700.0, 8190.0], [82697.5, 11340.0], [82695.0, 10000.0], [82690.0, 3470.0], [82687.5, 11570.0], [82680.0, 3690.0], [82677.5, 12310.0], [82670.0, 3420.0], [82667.5, 11280.0], [82660.0, 3400.0], [82657.5, 11320.0]], "asks": [[82730.0, 13310.0], [82732.5, 1080.0], [82735.0, 1300.0], [82737.5, 2300.0], [82740.0, 1060.0], [82742.5, 1300.0], [82745.0, 7300.0], [82747.5, 1420.0], [82750.0, 11340.0], [82757.5, 670.0], [82760.0, 2230.0], [82765.0, 3410.0], [82767.5, 11360.0], [82775.0, 3410.0], [82777.5, 11360.0], [82785.0, 3450.0], [82787.5, 11500.0], [82795.0, 3500.0], [82797.5, 11650.0], [82802.5, 40.0]]}}}
{"jsonrpc": "2.0", "method": "subscription", "params": {"channel": "book.BTC-11APR25.none.20.100ms", "data": {"timestamp": 1743453348316, "change_id": 95021585851, "instrument_name": "BTC-11APR25", "bids": [[82770.0, 6290.0], [82767.5, 18600.0], [82765.0, 73570.0], [82762.5, 71210.0], [82760.0, 8420.0], [82750.0, 2540.0], [82747.5, 8460.0], [82745.0, 3620.0], [82742.5, 10000.0], [82740.0, 4650.0], [82737.5, 8550.0], [82735.0, 1910.0], [82732.5, 6290.0], [82727.5, 2570.0], [82725.0, 8550.0], [82717.5, 2570.0], [82715.0, 8560.0], [82707.5, 2570.0], [82705.0, 8560.0], [82697.5, 2520.0]], "asks": [[82772.5, 10210.0], [82775.0, 11500.0], [82780.0, 10000.0], [82782.5, 1080.0], [82785.0, 7260.0], [82787.5, 8600.0], [82790.0, 6210.0], [82792.5, 3720.0], [82795.0, 8010.0], [82797.5, 13940.0], [82800.0, 11650.0], [82802.5, 28750.0], [82805.0, 2500.0], [82807.5, 8340.0], [82815.0, 2590.0], [82817.5, 8620.0], [82820.0, 2080.0], [82825.0, 2590.0], [82827.5, 8620.0], [82857.5, 2510.0]]}}}
{"jsonrpc": "2.0", "method": "subscription", "params": {"channel": "book.BTC-4APR25.none.20.100ms", "data": {"timestamp": 1743453348693, "change_id": 95021586341, "instrument_name": "BTC-4APR25", "bids": [[82727.5, 1300.0], [82722.5, 16970.0], [82720.0, 72960.0], [82717.5, 69100.0], [82710.0, 3440.0], [82707.5, 11340.0], [82705.0, 120.0], [82702.5, 670.0], [82700.0, 8190.0], [82697.5, 11340.0], [82695.0, 10000.0], [82690.0, 3470.0], [82687.5, 11570.0], [82680.0, 3690.0], [82677.5, 12310.0], [82670.0, 3420.0], [82667.5, 11280.0], [82660.0, 3400.0], [82657.5, 11320.0], [82650.0, 3520.0]], "asks": [[82730.0, 13310.0], [82732.5, 1080.0], [82735.0, 1300.0], [82737.5, 2300.0], [82740.0, 1060.0], [82742.5, 1300.0], [82745.0, 7300.0], [82747.5, 1420.0], [82750.0, 11340.0], [82757.5, 670.0], [82760.0, 2230.0], [82765.0, 3410.0], [82767.5, 11360.0], [82775.0, 3410.0], [82777.5, 11360.0], [82785.0, 3450.0], [82787.5, 11500.0], [82795.0, 3500.0], [82797.5, 11650.0], [82802.5, 40.0]]}}}
{"jsonrpc": "2.0", "method": "subscription", "params": {"channel": "book.BTC-11APR25.none.20.100ms", "data": {"timestamp": 1743453349519, "change_id": 95021587248, "instrument_name": "BTC-11APR25", "bids": [[82770.0, 14790.0], [82767.5, 18600.0], [82765.0, 73570.0], [82762.5, 71210.0], [82760.0, 8420.0], [82750.0, 2540.0], [82747.5, 8460.0], [82745.0, 3620.0], [82742.5, 10000.0], [82740.0, 4650.0], [82737.5, 8550.0], [82735.0, 1910.0], [82732.5, 6290.0], [82727.5, 2570.0], [82725.0, 8550.0], [82717.5, 2570.0], [82715.0, 8560.0], [82707.5, 2570.0], [82705.0, 8560.0], [82697.5, 2520.0]], "asks": [[82772.5, 10210.0], [82775.0, 11500.0], [82780.0, 10000.0], [82782.5, 1080.0], [82785.0, 7260.0], [82787.5, 8600.0], [82790.0, 6210.0], [82792.5, 3720.0], [82795.0, 8010.0], [82797.5, 13940.0], [82800.0, 11650.0], [82802.5, 28750.0], [82805.0, 2500.0], [82807.5, 8340.0], [82815.0, 2590.0], [82817.5, 8620.0], [82820.0, 2080.0], [82825.0, 2590.0], [82827.5, 8620.0], [82857.5, 2510.0]]}}}
{"jsonrpc": "2.0", "method": "subscription", "params": {"channel": "book.BTC-11APR25.none.20.100ms", "data": {"timestamp": 1743453349892, "change_id": 95021587730, "instrument_name": "BTC-11APR25", "bids": [[82770.0, 14790.0], [82767.5, 18600.0], [82765.0, 73570.0], [82762.5, 71210.0], [82760.0, 8420.0], [82750.0, 2540.0], [82747.5, 8460.0], [82745.0, 3620.0], [82742.5, 10000.0], [82740.0, 4650.0], [82737.5, 8550.0], [82735.0, 1910.0], [82732.5, 6290.0], [82727.5, 2570.0], [82725.0, 8550.0], [82717.5, 2570.0], [82715.0, 8560.0], [82707.5, 2570.0], [82705.0, 8560.0], [82697.5, 2520.0]], "asks": [[82772.5, 10210.0], [82775.0, 11500.0], [82780.0, 10000.0], [82782.5, 1080.0], [82785.0, 7260.0], [82787.5, 8600.0], [82790.0, 6210.0], [82792.5, 3720.0], [82795.0, 8010.0], [82797.5, 13940.0], [82800.0, 11650.0], [82802.5, 28750.0], [82805.0, 2500.0], [82807.5, 8340.0], [82815.0, 2590.0], [82817.5, 8620.0], [82820.0, 2080.0], [82825.0, 2590.0], [82827.5, 8620.0], [82857.5, 2510.0]]}}}
{"jsonrpc": "2.0", "method": "subscription", "params": {"channel": "book.BTC-4APR25.none.20.100ms", "data": {"timestamp": 1743453350296, "change_id": 95021588271, "instrument_name": "BTC-4APR25", "bids": [[82727.5, 1300.0], [82722.5, 16970.0], [82720.0, 72960.0], [82717.5, 69100.0], [82705.0, 120.0], [82702.5, 670.0], [82700.0, 8190.0], [82697.5, 11340.0], [82695.0, 10000.0], [82690.0, 3470.0], [82687.5, 11570.0], [82680.0, 3690.0], [82677.5, 12310.0], [82670.0, 3420.0], [82667.5, 11280.0], [82660.0, 3400.0], [82657.5, 11320.0], [82650.0, 3520.0], [82647.5, 11730.0], [82642.5, 7330.0]], "asks": [[82730.0, 13310.0], [82732.5, 1080.0], [82735.0, 1300.0], [82737.5, 2300.0], [82740.0, 1060.0], [82742.5, 1300.0], [82745.0, 7300.0], [82747.5, 1420.0], [82750.0, 11340.0], [82757.5, 670.0], [82760.0, 2230.0], [82765.0, 3410.0], [82767.5, 11360.0], [82775.0, 3410.0], [82777.5, 11360.0], [82785.0, 3450.0], [82787.5, 11500.0], [82795.0, 3500.0], [82797.5, 11650.0], [82802.5, 40.0]]}}}
{"jsonrpc": "2.0", "method": "subscription", "params": {"channel": "book.BTC-11APR25.none.20.100ms", "data": {"timestamp": 1743453350377, "change_id": 95021588355, "instrument_name": "BTC-11APR25", "bids": [[82770.0, 6290.0], [82767.5, 18600.0], [82765.0, 73570.0], [82762.5, 71210.0], [82760.0, 8420.0], [82750.0, 2540.0], [82747.5, 8460.0], [82745.0, 3620.0], [82742.5, 10000.0], [82740.0, 4650.0], [82737.5, 8550.0], [82735.0, 1910.0], [82732.5, 6290.0], [82727.5, 2570.0], [82725.0, 8550.0], [82717.5, 2570.0], [82715.0, 8560.0], [82707.5, 2570.0], [82705.0, 8560.0], [82697.5, 2520.0]], "asks": [[82772.5, 11360.0], [82775.0, 11500.0], [82780.0, 10000.0], [82782.5, 1080.0], [82785.0, 7260.0], [82787.5, 8600.0], [82790.0, 6210.0], [82792.5, 3720.0], [82795.0, 8010.0], [82797.5, 13940.0], [82800.0, 11650.0], [82802.5, 28750.0], [82805.0, 2500.0], [82807.5, 8340.0], [82815.0, 2590.0], [82817.5, 8620.0], [82820.0, 2080.0], [82825.0, 2590.0], [82827.5, 8620.0], [82857.5, 2510.0]]}}}
{"jsonrpc": "2.0", "method": "subscription", "params": {"channel": "book.BTC-4APR25.none.20.100ms", "data": {"timestamp": 1743453350963, "change_id": 95021588991, "instrument_name": "BTC-4APR25", "bids": [[82727.5, 1300.0], [82722.5, 16970.0], [82720.0, 72960.0], [82717.5, 69100.0], [82705.0, 120.0], [82702.5, 670.0], [82700.0, 8190.0], [82697.5, 11340.0], [82695.0, 10000.0], [82690.0, 3470.0], [82687.5, 11570.0], [82680.0, 3690.0], [82677.5, 12310.0], [82670.0, 3420.0], [82667.5, 11280.0], [82660.0, 3400.0], [82657.5, 11320.0], [82650.0, 3520.0], [82647.5, 11730.0], [82642.5, 7330.0]], "asks": [[82730.0, 13310.0], [82732.5, 1080.0], [82735.0, 1300.0], [82737.5, 2300.0], [82740.0, 1060.0], [82742.5, 1300.0], [82745.0, 7300.0], [82747.5, 1420.0], [82750.0, 11340.0], [82757.5, 670.0], [82760.0, 2230.0], [82765.0, 3410.0], [82767.5, 11360.0], [82775.0, 3410.0], [82777.5, 11360.0], [82785.0, 3450.0], [82787.5, 11500.0], [82795.0, 3500.0], [82797.5, 11650.0], [82802.5, 40.0]]}}}
{"jsonrpc": "2.0", "method": "subscription", "params": {"channel": "book.BTC-11APR25.none.20.100ms", "data": {"timestamp": 1743453351115, "change_id": 95021589359, "instrument_name": "BTC-11APR25", "bids": [[82770.0, 14790.0], [82767.5, 18600.0], [82765.0, 73570.0], [82762.5, 71210.0], [82760.0, 8420.0], [82750.0, 2540.0], [82747.5, 8460.0], [82745.0, 3620.0], [82742.5, 10000.0], [82740.0, 4650.0], [82737.5, 8550.0], [82735.0, 1910.0], [82732.5, 6290.0], [82727.5, 2570.0], [82725.0, 8550.0], [82717.5, 2570.0], [82715.0, 8560.0], [82707.5, 2570.0], [82705.0, 8560.0], [82697.5, 2520.0]], "asks": [[82772.5, 11360.0], [82775.0, 11500.0], [82780.0, 10000.0], [82782.5, 1080.0], [82785.0, 7260.0], [82787.5, 8600.0], [82790.0, 6210.0], [82792.5, 3720.0], [82795.0, 8010.0], [82797.5, 13940.0], [82800.0, 11650.0], [82802.5, 28750.0], [82805.0, 2500.0], [82807.5, 8340.0], [82815.0, 2590.0], [82817.5, 8620.0], [82820.0, 2080.0], [82825.0, 2590.0], [82827.5, 8620.0], [82857.5, 2510.0]]}}}
{"jsonrpc": "2.0", "method": "subscription", "params": {"channel": "book.BTC-11APR25.none.20.100ms", "data": {"timestamp": 1743453352302, "change_id": 95021590727, "instrument_name": "BTC-11APR25", "bids": [[82770.0, 14790.0], [82767.5, 18600.0], [82765.0, 73570.0], [82762.5, 71210.0], [82760.0, 8420.0], [82750.0, 2540.0], [82747.5, 8460.0], [82745.0, 3620.0], [82742.5, 10000.0], [82740.0, 4650.0], [82737.5, 8550.0], [82735.0, 1910.0], [82732.5, 6290.0], [82727.5, 2570.0], [82725.0, 8550.0], [82717.5, 2570.0], [82715.0, 8560.0], [82707.5, 2570.0], [82705.0, 8560.0], [82697.5, 2520.0]], "asks": [[82772.5, 2860.0], [82775.0, 11500.0], [82780.0, 10000.0], [82782.5, 1080.0], [82785.0, 7260.0], [82787.5, 8600.0], [82790.0, 6210.0], [82792.5, 3720.0], [82795.0, 8010.0], [82797.5, 13940.0], [82800.0, 11650.0], [82802.5, 28750.0], [82805.0, 2500.0], [82807.5, 8340.0], [82815.0, 2590.0], [82817.5, 8620.0], [82820.0, 2080.0], [82825.0, 2590.0], [82827.5, 8620.0], [82857.5, 2510.0]]}}}
{"jsonrpc": "2.0", "method": "subscription", "params": {"channel": "book.BTC-4APR25.none.20.100ms", "data": {"timestamp": 1743453352236, "change_id": 95021590705, "instrument_name": "BTC-4APR25", "bids": [[82727.5, 1310.0], [82722.5, 16970.0], [82720.0, 72960.0], [82717.5, 69100.0], [82710.0, 3560.0], [82707.5, 11740.0], [82705.0, 120.0], [82702.5, 670.0], [82700.0, 8190.0], [82697.5, 11340.0], [82695.0, 10000.0], [82690.0, 3470.0], [82687.5, 11570.0], [82680.0, 3690.0], [82677.5, 12310.0], [82670.0, 3420.0], [82667.5, 11280.0], [82660.0, 3400.0], [82657.5, 11320.0], [82650.0, 3520.0]], "asks": [[82730.0, 13300.0], [82732.5, 1080.0], [82735.0, 1300.0], [82737.5, 2300.0], [82740.0, 1060.0], [82742.5, 1300.0], [82745.0, 7300.0], [82747.5, 1420.0], [82750.0, 11340.0], [82757.5, 670.0], [82760.0, 2230.0], [82765.0, 3410.0], [82767.5, 11360.0], [82775.0, 3410.0], [82777.5, 11360.0], [82785.0, 3450.0], [82787.5, 11500.0], [82795.0, 3500.0], [82797.5, 11650.0], [82802.5, 40.0]]}}}
{"jsonrpc": "2.0", "method": "subscription", "params": {"channel": "book.BTC-11APR25.none.20.100ms", "data": {"timestamp": 1743453352383, "change_id": 95021590770, "instrument_name": "BTC-11APR25", "bids": [[82770.0, 14790.0], [82767.5, 18600.0], [82765.0, 73570.0], [82762.5, 71210.0], [82760.0, 8420.0], [82750.0, 2540.0], [82747.5, 8460.0], [82745.0, 3620.0], [82742.5, 10000.0], [82740.0, 4650.0], [82737.5, 8550.0], [82735.0, 1910.0], [82732.5, 6290.0], [82727.5, 2570.0], [82725.0, 8550.0], [82717.5, 2570.0], [82715.0, 8560.0], [82707.5, 2570.0], [82705.0, 8560.0], [82697.5, 2520.0]], "asks": [[82772.5, 11360.0], [82775.0, 11500.0], [82780.0, 10000.0], [82782.5, 1080.0], [82785.0, 7260.0], [82787.5, 8600.0], [82790.0, 6210.0], [82792.5, 3720.0], [82795.0, 8010.0], [82797.5, 13940.0], [82800.0, 11650.0], [82802.5, 28750.0], [82805.0, 2500.0], [82807.5, 8340.0], [82815.0, 2590.0], [82817.5, 8620.0], [82820.0, 2080.0], [82825.0, 2590.0], [82827.5, 8620.0], [82857.5, 2510.0]]}}}
{"jsonrpc": "2.0", "method": "subscription", "params": {"channel": "book.BTC-11APR25.none.20.100ms", "data": {"timestamp": 1743453352954, "change_id": 95021591369, "instrument_name": "BTC-11APR25", "bids": [[82770.0, 14790.0], [82767.5, 18600.0], [82765.0, 73570.0], [82762.5, 71210.0], [82760.0, 8420.0], [82750.0, 2540.0], [82747.5, 8460.0], [82745.0, 3620.0], [82742.5, 10000.0], [82740.0, 4650.0], [82737.5, 8550.0], [82735.0, 1910.0], [82732.5, 6290.0], [82727.5, 2570.0], [82725.0, 8550.0], [82717.5, 2570.0], [82715.0, 8560.0], [82707.5, 2570.0], [82705.0, 8560.0], [82697.5, 2520.0]], "asks": [[82772.5, 11360.0], [82775.0, 11500.0], [82780.0, 10000.0], [82782.5, 1080.0], [82785.0, 7260.0], [82787.5, 8600.0], [82790.0, 6210.0], [82792.5, 3720.0], [82795.0, 8010.0], [82797.5, 13940.0], [82800.0, 11650.0], [82802.5, 28750.0], [82805.0, 2500.0], [82807.5, 8340.0], [82815.0, 2590.0], [82817.5, 8620.0], [82820.0, 2080.0], [82825.0, 2590.0], [82827.5, 8620.0], [82857.5, 2510.0]]}}}
{"jsonrpc": "2.0", "method": "subscription", "params": {"channel": "book.BTC-11APR25.none.20.100ms", "data": {"timestamp": 1743453353266, "change_id": 95021591793, "instrument_name": "BTC-11APR25", "bids": [[82770.0, 14790.0], [82767.5, 18600.0], [82765.0, 73570.0], [82762.5, 71210.0], [82760.0, 8420.0], [82750.0, 2540.0], [82747.5, 8460.0], [82745.0, 3620.0], [82742.5, 10000.0], [82740.0, 4650.0], [82737.5, 8550.0], [82735.0, 1910.0], [82732.5, 6290.0], [82727.5, 2570.0], [82725.0, 8550.0], [82717.5, 2570.0], [82715.0, 8560.0], [82707.5, 2570.0], [82705.0, 8560.0], [82697.5, 2520.0]], "asks": [[82772.5, 11360.0], [82775.0, 11500.0], [82780.0, 10000.0], [82782.5, 1080.0], [82785.0, 7260.0], [82787.5, 8600.0], [82790.0, 6210.0], [82792.5, 3720.0], [82795.0, 8010.0], [82797.5, 13940.0], [82800.0, 11650.0], [82802.5, 28750.0], [82805.0, 2500.0], [82807.5, 8340.0], [82815.0, 2590.0], [82817.5, 8620.0], [82820.0, 2080.0], [82825.0, 2590.0], [82827.5, 8620.0], [82857.5, 2510.0]]}}}
{"jsonrpc": "2.0", "method": "subscription", "params": {"channel": "book.BTC-4APR25.none.20.100ms", "data": {"timestamp": 1743453353168, "change_id": 95021591723, "instrument_name": "BTC-4APR25", "bids": [[82727.5, 1310.0], [82722.5, 16970.0], [82720.0, 72960.0], [82717.5, 69100.0], [82710.0, 3560.0], [82707.5, 11740.0], [82705.0, 120.0], [82702.5, 670.0], [82700.0, 8190.0], [82697.5, 11340.0], [82695.0, 10000.0], [82690.0, 3470.0], [82687.5, 11570.0], [82680.0, 3690.0], [82677.5, 12310.0], [82670.0, 3420.0], [82667.5, 11280.0], [82660.0, 3400.0], [82657.5, 11320.0], [82650.0, 3520.0]], "asks": [[82730.0, 13300.0], [82732.5, 1080.0], [82735.0, 1300.0], [82737.5, 2300.0], [82740.0, 1060.0], [82742.5, 1300.0], [82745.0, 7300.0], [82747.5, 1420.0], [82750.0, 11340.0], [82757.5, 670.0], [82760.0, 2230.0], [82765.0, 3410.0], [82767.5, 11360.0], [82775.0, 3410.0], [82777.5, 11360.0], [82785.0, 3450.0], [82787.5, 11500.0], [82790.0, 7990.0], [82792.5, 26630.0], [82795.0, 3500.0]]}}}
{"jsonrpc": "2.0", "method": "subscription", "params": {"channel": "book.BTC-11APR25.none.20.100ms", "data": {"timestamp": 1743453353700, "change_id": 95021592416, "instrument_name": "BTC-11APR25", "bids": [[82770.0, 14790.0], [82767.5, 18600.0], [82765.0, 73570.0], [82762.5, 71210.0], [82760.0, 8420.0], [82750.0, 2540.0], [82747.5, 8460.0], [82745.0, 3620.0], [82742.5, 10000.0], [82740.0, 4650.0], [82737.5, 8550.0], [82735.0, 20.0], [82732.5, 1890.0], [82730.0, 6290.0], [82727.5, 2570.0], [82725.0, 8550.0], [82717.5, 2570.0], [82715.0, 8560.0], [82707.5, 2570.0], [82705.0, 8560.0]], "asks": [[82772.5, 11360.0], [82775.0, 11500.0], [82780.0, 10000.0], [82782.5, 1080.0], [82785.0, 7260.0], [82787.5, 8600.0], [82790.0, 6210.0], [82792.5, 3720.0], [82795.0, 8010.0], [82797.5, 13940.0], [82800.0, 11650.0], [82802.5, 28750.0], [82805.0, 2500.0], [82807.5, 8340.0], [82815.0, 2590.0], [82817.5, 8620.0], [82820.0, 2080.0], [82825.0, 2590.0], [82827.5, 8620.0], [82857.5, 2510.0]]}}}
{"jsonrpc": "2.0", "method": "subscription", "params": {"channel": "book.BTC-11APR25.none.20.100ms", "data": {"timestamp": 1743453353894, "change_id": 95021592563, "instrument_name": "BTC-11APR25", "bids": [[82770.0, 14790.0], [82767.5, 18600.0], [82765.0, 73570.0], [82762.5, 71210.0], [82760.0, 8420.0], [82750.0, 2540.0], [82747.5, 8460.0], [82745.0, 3620.0], [82742.5, 10000.0], [82740.0, 4650.0], [82737.5, 8550.0], [82735.0, 20.0], [82732.5, 1890.0], [82730.0, 6290.0], [82727.5, 2570.0], [82725.0, 8550.0], [82717.5, 2570.0], [82715.0, 8560.0], [82707.5, 2570.0], [82705.0, 8560.0]], "asks": [[82772.5, 11360.0], [82775.0, 11500.0], [82780.0, 10000.0], [82782.5, 1080.0], [82785.0, 7260.0], [82787.5, 8600.0], [82790.0, 6210.0], [82792.5, 3720.0], [82795.0, 8010.0], [82797.5, 13940.0], [82800.0, 11650.0], [82802.5, 28750.0], [82805.0, 2500.0], [82807.5, 8340.0], [82815.0, 2590.0], [82817.5, 8620.0], [82820.0, 2080.0], [82825.0, 2590.0], [82827.5, 8620.0], [82857.5, 2510.0]]}}}
{"jsonrpc": "2.0", "method": "subscription", "params": {"channel": "book.BTC-4APR25.none.20.100ms", "data": {"timestamp": 1743453354318, "change_id": 95021593071, "instrument_name": "BTC-4APR25", "bids": [[82727.5, 1300.0], [82722.5, 16970.0], [82720.0, 72960.0], [82717.5, 69100.0], [82705.0, 120.0], [82702.5, 670.0], [82700.0, 8190.0], [82697.5, 11340.0], [82695.0, 10000.0], [82690.0, 3470.0], [82687.5, 11570.0], [82680.0, 3690.0], [82677.5, 12310.0], [82670.0, 3420.0], [82667.5, 11280.0], [82660.0, 3400.0], [82657.5, 11320.0], [82650.0, 3520.0], [82647.5, 11730.0], [82642.5, 7330.0]], "asks": [[82730.0, 13310.0], [82732.5, 1080.0], [82735.0, 1300.0], [82737.5, 2300.0], [82740.0, 1060.0], [82742.5, 1300.0], [82745.0, 7300.0], [82747.5, 1420.0], [82750.0, 11340.0], [82757.5, 670.0], [82760.0, 2230.0], [82765.0, 3410.0], [82767.5, 11360.0], [82775.0, 3410.0], [82777.5, 11360.0], [82785.0, 3450.0], [82787.5, 11500.0], [82790.0, 7990.0], [82792.5, 26630.0], [82795.0, 3500.0]]}}}
{"jsonrpc": "2.0", "method": "subscription", "params": {"channel": "book.BTC-11APR25.none.20.100ms", "data": {"timestamp": 1743453354316, "change_id": 95021593069, "instrument_name": "BTC-11APR25", "bids": [[82770.0, 6280.0], [82767.5, 15000.0], [82765.0, 73570.0], [82762.5, 71210.0], [82760.0, 8420.0], [82750.0, 2540.0], [82747.5, 8460.0], [82745.0, 3620.0], [82742.5, 10000.0], [82740.0, 4650.0], [82737.5, 8550.0], [82735.0, 20.0], [82732.5, 1890.0], [82730.0, 6290.0], [82727.5, 2570.0], [82725.0, 8550.0], [82717.5, 2570.0], [82715.0, 8560.0], [82707.5, 2570.0], [82705.0, 8560.0]], "asks": [[82772.5, 11360.0], [82775.0, 11500.0], [82780.0, 10000.0], [82782.5, 1080.0], [82785.0, 7260.0], [82787.5, 8600.0], [82790.0, 6210.0], [82792.5, 3720.0], [82795.0, 8010.0], [82797.5, 13940.0], [82800.0, 11650.0], [82802.5, 28750.0], [82805.0, 2500.0], [82807.5, 8340.0], [82815.0, 2590.0], [82817.5, 8620.0], [82820.0, 2080.0], [82825.0, 2590.0], [82827.5, 8620.0], [82857.5, 2510.0]]}}}
{"jsonrpc": "2.0", "method": "subscription", "params": {"channel": "book.BTC-11APR25.none.20.100ms", "data": {"timestamp": 1743453354586, "change_id": 95021593476, "instrument_name": "BTC-11APR25", "bids": [[82770.0, 14790.0], [82767.5, 15000.0], [82765.0, 73570.0], [82762.5, 71210.0], [82760.0, 8420.0], [82750.0, 2540.0], [82747.5, 8460.0], [82745.0, 3620.0], [82742.5, 10000.0], [82740.0, 4650.0], [82737.5, 8550.0], [82735.0, 20.0], [82732.5, 1890.0], [82730.0, 6290.0], [82727.5, 2570.0], [82725.0, 8550.0], [82717.5, 2570.0], [82715.0, 8560.0], [82707.5, 2570.0], [82705.0, 8560.0]], "asks": [[82772.5, 11360.0], [82775.0, 11500.0], [82780.0, 10000.0], [82782.5, 1080.0], [82785.0, 7260.0], [82787.5, 8600.0], [82790.0, 6210.0], [82792.5, 3720.0], [82795.0, 8010.0], [82797.5, 13940.0], [82800.0, 11650.0], [82802.5, 28750.0], [82805.0, 2500.0], [82807.5, 8340.0], [82815.0, 2590.0], [82817.5, 8620.0], [82820.0, 2080.0], [82825.0, 2590.0], [82827.5, 8620.0], [82857.5, 2510.0]]}}}
{"jsonrpc": "2.0", "method": "subscription", "params": {"channel": "book.BTC-11APR25.none.20.100ms", "data": {"timestamp": 1743453354958, "change_id": 95021593745, "instrument_name": "BTC-11APR25", "bids": [[82772.5, 14530.0], [82770.0, 26770.0], [82765.0, 73570.0], [82762.5, 71210.0], [82760.0, 8420.0], [82750.0, 2540.0], [82747.5, 8460.0], [82745.0, 3620.0], [82742.5, 10000.0], [82740.0, 4650.0], [82737.5, 8550.0], [82735.0, 20.0], [82732.5, 1890.0], [82730.0, 6290.0], [82727.5, 2570.0], [82725.0, 8550.0], [82717.5, 2570.0], [82715.0, 8560.0], [82707.5, 2570.0], [82705.0, 8560.0]], "asks": [[82775.0, 8510.0], [82777.5, 4080.0], [82780.0, 10000.0], [82785.0, 7260.0], [82787.5, 8600.0], [82790.0, 6210.0], [82792.5, 3720.0], [82795.0, 8010.0], [82797.5, 13940.0], [82800.0, 11650.0], [82802.5, 28750.0], [82805.0, 2500.0], [82807.5, 8340.0], [82815.0, 2590.0], [82817.5, 8620.0], [82820.0, 2080.0], [82825.0, 2590.0], [82827.5, 8620.0], [82857.5, 2510.0], [82860.0, 8370.0]]}}}
{"jsonrpc": "2.0", "method": "subscription", "params": {"channel": "book.BTC-4APR25.none.20.100ms", "data": {"timestamp": 1743453355016, "change_id": 95021593904, "instrument_name": "BTC-4APR25", "bids": [[82727.5, 1310.0], [82722.5, 16970.0], [82720.0, 72960.0], [82717.5, 69100.0], [82710.0, 3560.0], [82707.5, 11740.0], [82705.0, 120.0], [82702.5, 670.0], [82700.0, 8190.0], [82697.5, 11340.0], [82695.0, 10000.0], [82690.0, 3470.0], [82687.5, 11570.0], [82680.0, 3690.0], [82677.5, 12310.0], [82670.0, 3420.0], [82667.5, 11280.0], [82660.0, 3400.0], [82657.5, 11320.0], [82650.0, 3520.0]], "asks": [[82730.0, 13300.0], [82732.5, 1080.0], [82735.0, 1300.0], [82737.5, 2300.0], [82740.0, 1060.0], [82742.5, 1300.0], [82745.0, 7300.0], [82747.5, 1420.0], [82750.0, 11340.0], [82757.5, 670.0], [82760.0, 2230.0], [82765.0, 3410.0], [82767.5, 11360.0], [82775.0, 3410.0], [82777.5, 11360.0], [82785.0, 3450.0], [82787.5, 11500.0], [82790.0, 7990.0], [82792.5, 26630.0], [82795.0, 3500.0]]}}}
{"jsonrpc": "2.0", "method": "subscription", "params": {"channel": "book.BTC-11APR25.none.20.100ms", "data": {"timestamp": 1743453355319, "change_id": 95021594228, "instrument_name": "BTC-11APR25", "bids": [[82772.5, 14530.0], [82770.0, 23170.0], [82765.0, 73570.0], [82762.5, 71210.0], [82760.0, 8420.0], [82750.0, 2540.0], [82747.5, 8460.0], [82745.0, 3620.0], [82742.5, 10000.0], [82740.0, 4650.0], [82737.5, 8550.0], [82735.0, 20.0], [82732.5, 1890.0], [82730.0, 6290.0], [82727.5, 2570.0], [82725.0, 8550.0], [82717.5, 2570.0], [82715.0, 8560.0], [82707.5, 2570.0], [82705.0, 8560.0]], "asks": [[82775.0, 8510.0], [82777.5, 4080.0], [82780.0, 10000.0], [82785.0, 7260.0], [82787.5, 8600.0], [82790.0, 6210.0], [82792.5, 3720.0], [82795.0, 8010.0], [82797.5, 13940.0], [82800.0, 11650.0], [82802.5, 28750.0], [82805.0, 2500.0], [82807.5, 8340.0], [82815.0, 2590.0], [82817.5, 8620.0], [82820.0, 2080.0], [82825.0, 2590.0], [82827.5, 8620.0], [82857.5, 2510.0], [82860.0, 8370.0]]}}}
{"jsonrpc": "2.0", "method": "subscription", "params": {"channel": "book.BTC-11APR25.none.20.100ms", "data": {"timestamp": 1743453355975, "change_id": 95021595026, "instrument_name": "BTC-11APR25", "bids": [[82772.5, 14530.0], [82770.0, 23170.0], [82765.0, 73570.0], [82762.5, 71210.0], [82760.0, 8420.0], [82750.0, 2540.0], [82747.5, 8460.0], [82745.0, 3620.0], [82742.5, 10000.0], [82740.0, 4650.0], [82737.5, 8550.0], [82735.0, 20.0], [82732.5, 1890.0], [82730.0, 6290.0], [82727.5, 2570.0], [82725.0, 8550.0], [82717.5, 2570.0], [82715.0, 8560.0], [82707.5, 2570.0], [82705.0, 8560.0]], "asks": [[82775.0, 8510.0], [82777.5, 4080.0], [82780.0, 10000.0], [82785.0, 7260.0], [82787.5, 8600.0], [82790.0, 6210.0], [82792.5, 3720.0], [82795.0, 8010.0], [82797.5, 13940.0], [82800.0, 2080.0], [82805.0, 2500.0], [82807.5, 8340.0], [82815.0, 2590.0], [82817.5, 8620.0], [82820.0, 2080.0], [82825.0, 2590.0], [82827.5, 8620.0], [82857.5, 2510.0], [82860.0, 8370.0], [82867.5, 20.0]]}}}
{"jsonrpc": "2.0", "method": "subscription", "params": {"channel": "book.BTC-11APR25.none.20.100ms", "data": {"timestamp": 1743453356308, "change_id": 95021595533, "instrument_name": "BTC-11APR25", "bids": [[82772.5, 14530.0], [82770.0, 23170.0], [82767.5, 3600.0], [82765.0, 73570.0], [82762.5, 71210.0], [82760.0, 8420.0], [82750.0, 2540.0], [82747.5, 8460.0], [82745.0, 3620.0], [82742.5, 10000.0], [82740.0, 4650.0], [82737.5, 8550.0], [82735.0, 20.0], [82732.5, 1890.0], [82730.0, 6290.0], [82727.5, 2570.0], [82725.0, 8550.0], [82717.5, 2570.0], [82715.0, 8560.0], [82707.5, 2570.0]], "asks": [[82775.0, 8510.0], [82777.5, 4080.0], [82780.0, 10000.0], [82785.0, 7260.0], [82787.5, 8600.0], [82790.0, 6210.0], [82792.5, 3720.0], [82795.0, 8010.0], [82797.5, 13940.0], [82800.0, 2080.0], [82805.0, 2500.0], [82807.5, 8340.0], [82815.0, 2590.0], [82817.5, 8620.0], [82820.0, 2080.0], [82825.0, 2590.0], [82827.5, 8620.0], [82857.5, 2510.0], [82860.0, 8370.0], [82867.5, 20.0]]}}}
{"jsonrpc": "2.0", "method": "subscription", "params": {"channel": "book.BTC-4APR25.none.20.100ms", "data": {"timestamp": 1743453356633, "change_id": 95021596570, "instrument_name": "BTC-4APR25", "bids": [[82732.5, 1310.0], [82730.0, 2650.0], [82727.5, 3530.0], [82725.0, 1300.0], [82722.5, 16970.0], [82720.0, 70730.0], [82717.5, 69100.0], [82710.0, 3560.0], [82707.5, 11740.0], [82705.0, 120.0], [82700.0, 8630.0], [82697.5, 11340.0], [82695.0, 10000.0], [82687.5, 11570.0], [82680.0, 3690.0], [82677.5, 12310.0], [82670.0, 3420.0], [82667.5, 11280.0], [82657.5, 11320.0], [82647.5, 11730.0]], "asks": [[82735.0, 1300.0], [82737.5, 2300.0], [82740.0, 3780.0], [82742.5, 11300.0], [82745.0, 1940.0], [82747.5, 2120.0], [82752.5, 2230.0], [82765.0, 3410.0], [82767.5, 11360.0], [82775.0, 3410.0], [82777.5, 11360.0], [82780.0, 2230.0], [82785.0, 3450.0], [82787.5, 11500.0], [82790.0, 7990.0], [82792.5, 26630.0], [82795.0, 3500.0], [82797.5, 11650.0], [82802.5, 40.0], [82805.0, 3410.0]]}}}
{"jsonrpc": "2.0", "method": "subscription", "params": {"channel": "book.BTC-11APR25.none.20.100ms", "data": {"timestamp": 1743453356628, "change_id": 95021596559, "instrument_name": "BTC-11APR25", "bids": [[82782.5, 1830.0], [82780.0, 15410.0], [82777.5, 12100.0], [82775.0, 3490.0], [82772.5, 5680.0], [82770.0, 8420.0], [82767.5, 17840.0], [82765.0, 71040.0], [82762.5, 71210.0], [82760.0, 8420.0], [82747.5, 8460.0], [82745.0, 3620.0], [82742.5, 10000.0], [82740.0, 2570.0], [82737.5, 8550.0], [82735.0, 20.0], [82732.5, 6290.0], [82725.0, 8550.0], [82715.0, 8560.0], [82705.0, 8560.0]], "asks": [[82785.0, 8510.0], [82787.5, 5760.0], [82790.0, 3600.0], [82792.5, 13720.0], [82795.0, 6970.0], [82797.5, 13940.0], [82800.0, 2080.0], [82805.0, 2500.0], [82807.5, 8340.0], [82815.0, 3210.0], [82817.5, 8620.0], [82820.0, 2080.0], [82825.0, 2590.0], [82827.5, 8620.0], [82857.5, 2510.0], [82860.0, 8370.0], [82867.5, 20.0], [82887.5, 8370.0], [82897.5, 6390.0], [82900.0, 8660.0]]}}}
{"jsonrpc": "2.0", "method": "subscription", "params": {"channel": "book.BTC-11APR25.none.20.100ms", "data": {"timestamp": 1743453356967, "change_id": 95021598380, "instrument_name": "BTC-11APR25", "bids": [[82795.0, 10.0], [82792.5, 620.0], [82790.0, 5710.0], [82787.5, 8500.0], [82785.0, 3600.0], [82782.5, 5690.0], [82780.0, 13100.0], [82777.5, 3600.0], [82772.5, 21130.0], [82770.0, 58420.0], [82767.5, 3720.0], [82762.5, 2530.0], [82760.0, 8420.0], [82755.0, 3000.0], [82752.5, 10000.0], [82747.5, 8340.0], [82745.0, 6290.0], [82737.5, 8550.0], [82735.0, 20.0], [82725.0, 8550.0]], "asks": [[82797.5, 8510.0], [82800.0, 3600.0], [82802.5, 3630.0], [82805.0, 17320.0], [82807.5, 18460.0], [82815.0, 3810.0], [82817.5, 10620.0], [82820.0, 2080.0], [82825.0, 2590.0], [82827.5, 8620.0], [82840.0, 2080.0], [82860.0, 8370.0], [82867.5, 20.0], [82887.5, 8370.0], [82897.5, 6390.0], [82900.0, 8660.0], [82910.0, 8460.0], [82920.0, 8300.0], [82927.5, 18290.0], [82930.0, 8440.0]]}}}
{"jsonrpc": "2.0", "method": "subscription", "params": {"channel": "book.BTC-4APR25.none.20.100ms", "data": {"timestamp": 1743453356803, "change_id": 95021598286, "instrument_name": "BTC-4APR25", "bids": [[82742.5, 10.0], [82740.0, 1300.0], [82737.5, 6070.0], [82735.0, 13580.0], [82732.5, 1300.0], [82730.0, 1300.0], [82727.5, 19410.0], [82725.0, 61850.0], [82722.5, 1300.0], [82720.0, 2230.0], [82707.5, 10000.0], [82700.0, 3400.0], [82697.5, 11340.0], [82687.5, 12390.0], [82677.5, 11490.0], [82670.0, 40.0], [82667.5, 11280.0], [82657.5, 11320.0], [82655.0, 24420.0], [82647.5, 11730.0]], "asks": [[82745.0, 1300.0], [82747.5, 2850.0], [82752.5, 3000.0], [82755.0, 10000.0], [82760.0, 120.0], [82770.0, 2230.0], [82775.0, 4080.0], [82777.5, 11360.0], [82780.0, 2230.0], [82787.5, 11500.0], [82790.0, 7990.0], [82792.5, 26630.0], [82797.5, 11650.0], [82802.5, 40.0], [82807.5, 11360.0], [82827.5, 11360.0], [82830.0, 25450.0], [82845.0, 11300.0], [82857.5, 11300.0], [82867.5, 11740.0]]}}}
{"jsonrpc": "2.0", "method": "subscription", "params": {"channel": "book.BTC-11APR25.none.20.100ms", "data": {"timestamp": 1743453357297, "change_id": 95021599074, "instrument_name": "BTC-11APR25", "bids": [[82792.5, 620.0], [82790.0, 5710.0], [82787.5, 8500.0], [82785.0, 3600.0], [82782.5, 5690.0], [82780.0, 27970.0], [82777.5, 3600.0], [82775.0, 53610.0], [82772.5, 3600.0], [82770.0, 8420.0], [82767.5, 120.0], [82762.5, 2530.0], [82760.0, 8420.0], [82755.0, 3000.0], [82752.5, 10000.0], [82750.0, 4390.0], [82747.5, 8340.0], [82745.0, 6290.0], [82740.0, 2570.0], [82737.5, 8550.0]], "asks": [[82797.5, 12110.0], [82800.0, 3600.0], [82802.5, 7230.0], [82805.0, 17320.0], [82807.5, 18460.0], [82815.0, 3810.0], [82817.5, 10620.0], [82820.0, 2080.0], [82825.0, 2590.0], [82827.5, 8620.0], [82837.5, 620.0], [82840.0, 2080.0], [82857.5, 2510.0], [82860.0, 8370.0], [82867.5, 20.0], [82885.0, 2510.0], [82887.5, 8370.0], [82895.0, 4520.0], [82897.5, 6390.0], [82900.0, 8660.0]]}}}
{"jsonrpc": "2.0", "method": "subscription", "params": {"channel": "book.BTC-4APR25.none.20.100ms", "data": {"timestamp": 1743453357093, "change_id": 95021599027, "instrument_name": "BTC-4APR25", "bids": [[82742.5, 10.0], [82740.0, 2360.0], [82737.5, 2230.0], [82735.0, 2080.0], [82732.5, 1300.0], [82730.0, 1300.0], [82727.5, 4860.0], [82725.0, 12910.0], [82722.5, 1300.0], [82720.0, 2230.0], [82717.5, 50000.0], [82707.5, 10000.0], [82700.0, 3400.0], [82697.5, 11340.0], [82687.5, 12390.0], [82677.5, 11490.0], [82670.0, 40.0], [82667.5, 11280.0], [82657.5, 11320.0], [82655.0, 24420.0]], "asks": [[82745.0, 1300.0], [82747.5, 2850.0], [82752.5, 3000.0], [82755.0, 10000.0], [82760.0, 120.0], [82762.5, 2230.0], [82765.0, 11730.0], [82775.0, 4080.0], [82777.5, 11360.0], [82780.0, 2230.0], [82787.5, 11500.0], [82790.0, 7990.0], [82792.5, 26630.0], [82797.5, 11650.0], [82802.5, 40.0], [82807.5, 11360.0], [82827.5, 11360.0], [82830.0, 25450.0], [82845.0, 11300.0], [82857.5, 11300.0]]}}}
{"jsonrpc": "2.0", "method": "subscription", "params": {"channel": "book.BTC-11APR25.none.20.100ms", "data": {"timestamp": 1743453357665, "change_id": 95021599913, "instrument_name": "BTC-11APR25", "bids": [[82792.5, 14530.0], [82790.0, 12100.0], [82787.5, 1080.0], [82785.0, 3600.0], [82782.5, 42020.0], [82780.0, 144800.0], [82775.0, 2530.0], [82770.0, 8420.0], [82767.5, 120.0], [82762.5, 3150.0], [82760.0, 10500.0], [82755.0, 3000.0], [82752.5, 10000.0], [82750.0, 4390.0], [82747.5, 8340.0], [82745.0, 6290.0], [82740.0, 2570.0], [82737.5, 8550.0], [82735.0, 20.0], [82727.5, 2570.0]], "asks": [[82795.0, 3470.0], [82800.0, 5760.0], [82802.5, 3600.0], [82805.0, 8800.0], [82807.5, 18460.0], [82815.0, 6710.0], [82817.5, 21880.0], [82820.0, 2080.0], [82825.0, 2590.0], [82827.5, 8620.0], [82837.5, 620.0], [82840.0, 2080.0], [82857.5, 2510.0], [82860.0, 8370.0], [82867.5, 20.0], [82885.0, 2510.0], [82887.5, 8370.0], [82895.0, 4520.0], [82897.5, 6390.0], [82900.0, 8660.0]]}}}
{"jsonrpc": "2.0", "method": "subscription", "params": {"channel": "book.BTC-4APR25.none.20.100ms", "data": {"timestamp": 1743453357622, "change_id": 95021599816, "instrument_name": "BTC-4APR25", "bids": [[82745.0, 1310.0], [82742.5, 390.0], [82740.0, 38960.0], [82737.5, 2230.0], [82735.0, 134810.0], [82732.5, 1300.0], [82730.0, 1300.0], [82727.5, 4860.0], [82725.0, 12520.0], [82720.0, 2230.0], [82710.0, 3000.0], [82707.5, 10000.0], [82700.0, 3400.0], [82697.5, 11340.0], [82690.0, 3720.0], [82687.5, 12390.0], [82680.0, 3450.0], [82677.5, 11490.0], [82670.0, 3420.0], [82667.5, 11280.0]], "asks": [[82747.5, 2850.0], [82750.0, 1300.0], [82752.5, 3000.0], [82755.0, 10000.0], [82760.0, 790.0], [82762.5, 2230.0], [82775.0, 4080.0], [82777.5, 11360.0], [82780.0, 2230.0], [82785.0, 3450.0], [82787.5, 11500.0], [82790.0, 7990.0], [82792.5, 26630.0], [82795.0, 3500.0], [82797.5, 11650.0], [82802.5, 40.0], [82805.0, 3410.0], [82807.5, 11360.0], [82825.0, 11040.0], [82827.5, 11360.0]]}}}
{"jsonrpc": "2.0", "method": "subscription", "params": {"channel": "book.BTC-11APR25.none.20.100ms", "data": {"timestamp": 1743453357940, "change_id": 95021601713, "instrument_name": "BTC-11APR25", "bids": [[82810.0, 3610.0], [82805.0, 8500.0], [82800.0, 8680.0], [82792.5, 3600.0], [82790.0, 8680.0], [82785.0, 3600.0], [82782.5, 2080.0], [82780.0, 141200.0], [82777.5, 120.0], [82772.5, 10000.0], [82770.0, 8420.0], [82760.0, 14710.0], [82747.5, 8340.0], [82737.5, 8550.0], [82735.0, 20.0], [82725.0, 8550.0], [82715.0, 8560.0], [82705.0, 8560.0], [82697.5, 6420.0], [82695.0, 8410.0]], "asks": [[82812.5, 10.0], [82815.0, 8500.0], [82817.5, 12100.0], [82820.0, 10120.0], [82827.5, 10700.0], [82837.5, 10680.0], [82840.0, 2080.0], [82860.0, 8370.0], [82867.5, 20.0], [82887.5, 8370.0], [82897.5, 6390.0], [82900.0, 8660.0], [82910.0, 8460.0], [82920.0, 8300.0], [82927.5, 18290.0], [82930.0, 8440.0], [82935.0, 20.0], [82940.0, 8560.0], [82950.0, 8560.0], [82955.0, 3570.0]]}}}
{"jsonrpc": "2.0", "method": "subscription", "params": {"channel": "book.BTC-4APR25.none.20.100ms", "data": {"timestamp": 1743453357988, "change_id": 95021601779, "instrument_name": "BTC-4APR25", "bids": [[82755.0, 1310.0], [82752.5, 1300.0], [82747.5, 8660.0], [82745.0, 24530.0], [82742.5, 390.0], [82740.0, 38960.0], [82737.5, 2230.0], [82735.0, 133630.0], [82730.0, 1300.0], [82727.5, 3560.0], [82725.0, 11730.0], [82720.0, 3000.0], [82717.5, 10000.0], [82700.0, 4220.0], [82697.5, 11340.0], [82690.0, 3720.0], [82687.5, 11570.0], [82680.0, 3450.0], [82677.5, 11490.0], [82672.5, 7340.0]], "asks": [[82757.5, 1000.0], [82765.0, 3600.0], [82767.5, 10000.0], [82770.0, 2000.0], [82775.0, 120.0], [82782.5, 2230.0], [82785.0, 3450.0], [82787.5, 11500.0], [82790.0, 7990.0], [82792.5, 26630.0], [82795.0, 4160.0], [82797.5, 11650.0], [82800.0, 2230.0], [82802.5, 40.0], [82807.5, 11360.0], [82825.0, 11040.0], [82827.5, 11360.0], [82830.0, 25450.0], [82842.5, 3390.0], [82845.0, 11300.0]]}}}
{"jsonrpc": "2.0", "method": "subscription", "params": {"channel": "book.BTC-11APR25.none.20.100ms", "data": {"timestamp": 1743453358325, "change_id": 95021602978, "instrument_name": "BTC-11APR25", "bids": [[82805.0, 10590.0], [82795.0, 3680.0], [82792.5, 3600.0], [82790.0, 8680.0], [82787.5, 1080.0], [82785.0, 3600.0], [82782.5, 4610.0], [82780.0, 23460.0], [82777.5, 50120.0], [82775.0, 5530.0], [82772.5, 10000.0], [82770.0, 8420.0], [82762.5, 4410.0], [82760.0, 14710.0], [82750.0, 2500.0], [82747.5, 8340.0], [82740.0, 2570.0], [82737.5, 8550.0], [82735.0, 20.0], [82727.5, 2570.0]], "asks": [[82807.5, 2380.0], [82815.0, 6720.0], [82817.5, 12280.0], [82820.0, 10120.0], [82822.5, 1080.0], [82825.0, 6810.0], [82827.5, 10700.0], [82835.0, 3830.0], [82837.5, 10680.0], [82840.0, 2080.0], [82857.5, 2510.0], [82860.0, 8370.0], [82867.5, 20.0], [82885.0, 2510.0], [82887.5, 8370.0], [82895.0, 4520.0], [82897.5, 6390.0], [82900.0, 8660.0], [82910.0, 8460.0], [82920.0, 8300.0]]}}}
{"jsonrpc": "2.0", "method": "subscription", "params": {"channel": "book.BTC-4APR25.none.20.100ms", "data": {"timestamp": 1743453358100, "change_id": 95021602789, "instrument_name": "BTC-4APR25", "bids": [[82755.0, 3540.0], [82752.5, 1300.0], [82747.5, 5140.0], [82745.0, 12800.0], [82742.5, 390.0], [82740.0, 5440.0], [82737.5, 2230.0], [82735.0, 11850.0], [82732.5, 390.0], [82730.0, 1300.0], [82727.5, 18070.0], [82725.0, 61730.0], [82720.0, 3000.0], [82717.5, 10000.0], [82700.0, 4220.0], [82697.5, 11340.0], [82690.0, 3720.0], [82687.5, 11570.0], [82680.0, 3450.0], [82677.5, 11490.0]], "asks": [[82757.5, 1000.0], [82765.0, 3600.0], [82767.5, 10000.0], [82770.0, 2000.0], [82775.0, 120.0], [82780.0, 670.0], [82782.5, 2230.0], [82785.0, 3450.0], [82787.5, 11500.0], [82790.0, 7990.0], [82792.5, 26630.0], [82795.0, 4160.0], [82797.5, 11650.0], [82800.0, 2230.0], [82802.5, 40.0], [82805.0, 3410.0], [82807.5, 11360.0], [82825.0, 11040.0], [82827.5, 11360.0], [82830.0, 25450.0]]}}}
{"jsonrpc": "2.0", "method": "subscription", "params": {"channel": "book.BTC-11APR25.none.20.100ms", "data": {"timestamp": 1743453358604, "change_id": 95021603658, "instrument_name": "BTC-11APR25", "bids": [[82805.0, 10590.0], [82795.0, 40010.0], [82792.5, 3600.0], [82790.0, 141470.0], [82787.5, 1200.0], [82785.0, 3600.0], [82782.5, 4610.0], [82780.0, 8420.0], [82775.0, 5530.0], [82772.5, 10000.0], [82770.0, 8420.0], [82762.5, 4410.0], [82760.0, 14710.0], [82750.0, 2500.0], [82747.5, 8340.0], [82740.0, 2570.0], [82737.5, 8550.0], [82735.0, 20.0], [82727.5, 2570.0], [82725.0, 8550.0]], "asks": [[82807.5, 2370.0], [82815.0, 6720.0], [82817.5, 12280.0], [82820.0, 10120.0], [82822.5, 1080.0], [82825.0, 6810.0], [82827.5, 10700.0], [82835.0, 3830.0], [82837.5, 10680.0], [82840.0, 2080.0], [82857.5, 2510.0], [82860.0, 8370.0], [82867.5, 20.0], [82885.0, 2510.0], [82887.5, 8370.0], [82895.0, 4520.0], [82897.5, 6390.0], [82900.0, 8660.0], [82907.5, 2540.0], [82910.0, 8460.0]]}}}
{"jsonrpc": "2.0", "method": "subscription", "params": {"channel": "book.BTC-4APR25.none.20.100ms", "data": {"timestamp": 1743453358605, "change_id": 95021603664, "instrument_name": "BTC-4APR25", "bids": [[82755.0, 3540.0], [82752.5, 390.0], [82750.0, 1300.0], [82747.5, 29520.0], [82745.0, 111050.0], [82742.5, 50000.0], [82740.0, 5440.0], [82737.5, 2230.0], [82735.0, 11730.0], [82732.5, 390.0], [82730.0, 7820.0], [82727.5, 10000.0], [82725.0, 11730.0], [82700.0, 4220.0], [82697.5, 11340.0], [82690.0, 3720.0], [82687.5, 11570.0], [82680.0, 3450.0], [82677.5, 11490.0], [82672.5, 7340.0]], "asks": [[82757.5, 1000.0], [82762.5, 1300.0], [82767.5, 10000.0], [82770.0, 2000.0], [82775.0, 120.0], [82780.0, 670.0], [82782.5, 2230.0], [82785.0, 3450.0], [82787.5, 11500.0], [82790.0, 7990.0], [82792.5, 26630.0], [82795.0, 4160.0], [82797.5, 11650.0], [82800.0, 2230.0], [82802.5, 40.0], [82805.0, 3410.0], [82807.5, 11360.0], [82825.0, 11040.0], [82827.5, 11360.0], [82830.0, 25450.0]]}}}
{"jsonrpc": "2.0", "method": "subscription", "params": {"channel": "book.BTC-11APR25.none.20.100ms", "data": {"timestamp": 1743453358894, "change_id": 95021603982, "instrument_name": "BTC-11APR25", "bids": [[82805.0, 2080.0], [82795.0, 40010.0], [82792.5, 3600.0], [82790.0, 141470.0], [82787.5, 1200.0], [82785.0, 3600.0], [82782.5, 4610.0], [82780.0, 8420.0], [82775.0, 5530.0], [82772.5, 10000.0], [82770.0, 8420.0], [82762.5, 4410.0], [82760.0, 14710.0], [82750.0, 2500.0], [82747.5, 8340.0], [82740.0, 2570.0], [82737.5, 8550.0], [82735.0, 20.0], [82727.5, 2570.0], [82725.0, 8550.0]], "asks": [[82807.5, 10880.0], [82815.0, 6720.0], [82817.5, 12280.0], [82820.0, 10120.0], [82822.5, 1080.0], [82825.0, 6810.0], [82827.5, 10700.0], [82835.0, 3830.0], [82837.5, 10680.0], [82840.0, 2080.0], [82857.5, 2510.0], [82860.0, 8370.0], [82867.5, 20.0], [82885.0, 2510.0], [82887.5, 8370.0], [82895.0, 4520.0], [82897.5, 6390.0], [82900.0, 8660.0], [82907.5, 2540.0], [82910.0, 8460.0]]}}}
{"jsonrpc": "2.0", "method": "subscription", "params": {"channel": "book.BTC-11APR25.none.20.100ms", "data": {"timestamp": 1743453359306, "change_id": 95021604684, "instrument_name": "BTC-11APR25", "bids": [[82805.0, 14190.0], [82800.0, 1080.0], [82797.5, 3600.0], [82795.0, 40010.0], [82792.5, 3600.0], [82790.0, 141470.0], [82787.5, 1200.0], [82785.0, 3600.0], [82782.5, 4610.0], [82780.0, 8420.0], [82775.0, 5530.0], [82772.5, 10000.0], [82770.0, 8420.0], [82762.5, 4410.0], [82760.0, 14710.0], [82750.0, 2500.0], [82747.5, 8340.0], [82740.0, 2570.0], [82737.5, 8550.0], [82735.0, 20.0]], "asks": [[82807.5, 10880.0], [82810.0, 1080.0], [82812.5, 3600.0], [82815.0, 6720.0], [82817.5, 12280.0], [82820.0, 10120.0], [82822.5, 1080.0], [82825.0, 6810.0], [82827.5, 10700.0], [82835.0, 3830.0], [82837.5, 10680.0], [82840.0, 2080.0], [82857.5, 2510.0], [82860.0, 8370.0], [82867.5, 20.0], [82885.0, 2510.0], [82887.5, 8370.0], [82895.0, 4520.0], [82897.5, 6390.0], [82900.0, 8660.0]]}}}
{"jsonrpc": "2.0", "method": "subscription", "params": {"channel": "book.BTC-4APR25.none.20.100ms", "data": {"timestamp": 1743453359107, "change_id": 95021604496, "instrument_name": "BTC-4APR25", "bids": [[82755.0, 3540.0], [82752.5, 390.0], [82750.0, 45390.0], [82747.5, 51300.0], [82745.0, 95660.0], [82742.5, 390.0], [82740.0, 5440.0], [82737.5, 2230.0], [82735.0, 11730.0], [82732.5, 390.0], [82730.0, 7820.0], [82727.5, 10000.0], [82725.0, 11730.0], [82700.0, 4220.0], [82697.5, 11340.0], [82690.0, 3720.0], [82687.5, 11570.0], [82680.0, 3450.0], [82677.5, 11490.0], [82672.5, 7340.0]], "asks": [[82757.5, 1000.0], [82762.5, 1300.0], [82765.0, 3600.0], [82767.5, 10000.0], [82770.0, 2000.0], [82775.0, 120.0], [82780.0, 670.0], [82782.5, 2230.0], [82785.0, 3450.0], [82787.5, 11500.0], [82790.0, 7990.0], [82792.5, 26630.0], [82795.0, 4160.0], [82797.5, 11650.0], [82800.0, 2230.0], [82802.5, 40.0], [82805.0, 3410.0], [82807.5, 11360.0], [82825.0, 11040.0], [82827.5, 11360.0]]}}}
{"jsonrpc": "2.0", "method": "subscription", "params": {"channel": "book.BTC-11APR25.none.20.100ms", "data": {"timestamp": 1743453359564, "change_id": 95021605151, "instrument_name": "BTC-11APR25", "bids": [[82805.0, 14180.0], [82800.0, 1080.0], [82797.5, 3600.0], [82795.0, 40010.0], [82792.5, 3600.0], [82790.0, 141470.0], [82787.5, 1200.0], [82785.0, 3600.0], [82782.5, 4610.0], [82780.0, 8420.0], [82775.0, 5530.0], [82772.5, 10000.0], [82770.0, 8420.0], [82762.5, 4410.0], [82760.0, 14710.0], [82750.0, 2500.0], [82747.5, 8340.0], [82740.0, 2570.0], [82737.5, 8550.0], [82735.0, 20.0]], "asks": [[82807.5, 10880.0], [82810.0, 1080.0], [82812.5, 3600.0], [82815.0, 6720.0], [82817.5, 12280.0], [82820.0, 10120.0], [82822.5, 1080.0], [82825.0, 6810.0], [82827.5, 10700.0], [82835.0, 3830.0], [82837.5, 10680.0], [82840.0, 2080.0], [82857.5, 2510.0], [82860.0, 8370.0], [82867.5, 20.0], [82885.0, 2510.0], [82887.5, 8370.0], [82895.0, 4520.0], [82897.5, 6390.0], [82900.0, 8660.0]]}}}
{"jsonrpc": "2.0", "method": "subscription", "params": {"channel": "book.BTC-4APR25.none.20.100ms", "data": {"timestamp": 1743453359417, "change_id": 95021604821, "instrument_name": "BTC-4APR25", "bids": [[82755.0, 3540.0], [82752.5, 1690.0], [82750.0, 45390.0], [82747.5, 51300.0], [82745.0, 95660.0], [82740.0, 4140.0], [82737.5, 2230.0], [82735.0, 11730.0], [82730.0, 6520.0], [82727.5, 10000.0], [82725.0, 11730.0], [82700.0, 4220.0], [82697.5, 11340.0], [82690.0, 3720.0], [82687.5, 11570.0], [82680.0, 3450.0], [82677.5, 11490.0], [82672.5, 7340.0], [82670.0, 27840.0], [82667.5, 11280.0]], "asks": [[82757.5, 1000.0], [82762.5, 1300.0], [82765.0, 4900.0], [82767.5, 10000.0], [82770.0, 2000.0], [82775.0, 120.0], [82780.0, 670.0], [82782.5, 2230.0], [82785.0, 3450.0], [82787.5, 11500.0], [82790.0, 7990.0], [82792.5, 26630.0], [82795.0, 4160.0], [82797.5, 11650.0], [82800.0, 2230.0], [82802.5, 40.0], [82805.0, 3410.0], [82807.5, 11360.0], [82825.0, 11040.0], [82827.5, 11360.0]]}}}
{"jsonrpc": "2.0", "method": "subscription", "params": {"channel": "book.BTC-11APR25.none.20.100ms", "data": {"timestamp": 1743453359935, "change_id": 95021605546, "instrument_name": "BTC-11APR25", "bids": [[82805.0, 3600.0], [82800.0, 1930.0], [82797.5, 3600.0], [82795.0, 43290.0], [82792.5, 3600.0], [82790.0, 141470.0], [82787.5, 1200.0], [82785.0, 3600.0], [82782.5, 2530.0], [82780.0, 8420.0], [82775.0, 5530.0], [82772.5, 10000.0], [82770.0, 11700.0], [82762.5, 4410.0], [82760.0, 14710.0], [82750.0, 2500.0], [82747.5, 8340.0], [82740.0, 2570.0], [82737.5, 8550.0], [82735.0, 20.0]], "asks": [[82807.5, 10880.0], [82810.0, 1080.0], [82812.5, 3600.0], [82815.0, 6720.0], [82817.5, 12280.0], [82820.0, 10120.0], [82822.5, 1080.0], [82825.0, 6810.0], [82827.5, 11900.0], [82835.0, 3830.0], [82837.5, 10680.0], [82857.5, 2510.0], [82860.0, 11650.0], [82867.5, 20.0], [82885.0, 2510.0], [82887.5, 8370.0], [82895.0, 4520.0], [82897.5, 6390.0], [82900.0, 8660.0], [82907.5, 2540.0]]}}}
{"jsonrpc": "2.0", "method": "subscription", "params": {"channel": "book.BTC-4APR25.none.20.100ms", "data": {"timestamp": 1743453359942, "change_id": 95021605553, "instrument_name": "BTC-4APR25", "bids": [[82755.0, 1310.0], [82752.5, 4840.0], [82750.0, 45390.0], [82747.5, 51300.0], [82745.0, 95660.0], [82740.0, 4140.0], [82735.0, 11730.0], [82730.0, 6520.0], [82727.5, 10000.0], [82725.0, 11730.0], [82722.5, 950.0], [82720.0, 3150.0], [82700.0, 4220.0], [82697.5, 11340.0], [82690.0, 3720.0], [82687.5, 11570.0], [82680.0, 3450.0], [82677.5, 11490.0], [82672.5, 7340.0], [82670.0, 27840.0]], "asks": [[82757.5, 1000.0], [82762.5, 1300.0], [82765.0, 4900.0], [82767.5, 10000.0], [82770.0, 2000.0], [82775.0, 4580.0], [82777.5, 11730.0], [82780.0, 3150.0], [82785.0, 3450.0], [82787.5, 11500.0], [82790.0, 7990.0], [82792.5, 26630.0], [82795.0, 4160.0], [82797.5, 11650.0], [82800.0, 960.0], [82802.5, 3190.0], [82805.0, 3410.0], [82807.5, 11360.0], [82825.0, 11040.0], [82827.5, 11360.0]]}}}
{"jsonrpc": "2.0", "method": "subscription", "params": {"channel": "book.BTC-11APR25.none.20.100ms", "data": {"timestamp": 1743453360265, "change_id": 95021606119, "instrument_name": "BTC-11APR25", "bids": [[82805.0, 3610.0], [82800.0, 1930.0], [82797.5, 3600.0], [82795.0, 43290.0], [82792.5, 3600.0], [82790.0, 141470.0], [82787.5, 120.0], [82782.5, 2530.0], [82780.0, 8420.0], [82775.0, 5530.0], [82772.5, 10000.0], [82770.0, 11700.0], [82765.0, 4410.0], [82762.5, 6290.0], [82760.0, 8420.0], [82750.0, 2500.0], [82747.5, 8340.0], [82740.0, 2570.0], [82737.5, 8550.0], [82735.0, 20.0]], "asks": [[82807.5, 8510.0], [82810.0, 2030.0], [82812.5, 3600.0], [82815.0, 10320.0], [82817.5, 12280.0], [82820.0, 10120.0], [82822.5, 1080.0], [82825.0, 6810.0], [82827.5, 11900.0], [82835.0, 3830.0], [82837.5, 10680.0], [82857.5, 2510.0], [82860.0, 11650.0], [82867.5, 20.0], [82885.0, 2510.0], [82887.5, 8370.0], [82895.0, 4520.0], [82897.5, 6390.0], [82900.0, 8660.0], [82907.5, 2540.0]]}}}
{"jsonrpc": "2.0", "method": "subscription", "params": {"channel": "book.BTC-4APR25.none.20.100ms", "data": {"timestamp": 1743453360178, "change_id": 95021606048, "instrument_name": "BTC-4APR25", "bids": [[82755.0, 1310.0], [82752.5, 4840.0], [82750.0, 45390.0], [82747.5, 51300.0], [82745.0, 84160.0], [82740.0, 4140.0], [82735.0, 11730.0], [82730.0, 6520.0], [82727.5, 10000.0], [82725.0, 11730.0], [82722.5, 950.0], [82720.0, 3150.0], [82700.0, 4220.0], [82697.5, 11340.0], [82690.0, 3720.0], [82687.5, 11570.0], [82680.0, 3450.0], [82677.5, 11490.0], [82672.5, 7340.0], [82670.0, 27840.0]], "asks": [[82757.5, 1000.0], [82762.5, 1300.0], [82765.0, 4900.0], [82767.5, 10000.0], [82770.0, 2000.0], [82775.0, 4580.0], [82777.5, 11730.0], [82780.0, 3150.0], [82785.0, 3450.0], [82787.5, 11500.0], [82790.0, 7990.0], [82792.5, 26630.0], [82795.0, 4160.0], [82797.5, 11650.0], [82800.0, 960.0], [82802.5, 3190.0], [82805.0, 3410.0], [82807.5, 11360.0], [82825.0, 11040.0], [82827.5, 11360.0]]}}}
{"jsonrpc": "2.0", "method": "subscription", "params": {"channel": "book.BTC-11APR25.none.20.100ms", "data": {"timestamp": 1743453360515, "change_id": 95021606377, "instrument_name": "BTC-11APR25", "bids": [[82805.0, 3610.0], [82800.0, 1930.0], [82797.5, 3600.0], [82795.0, 43290.0], [82792.5, 3600.0], [82790.0, 141470.0], [82787.5, 120.0], [82782.5, 2530.0], [82780.0, 8420.0], [82775.0, 5530.0], [82772.5, 10000.0], [82770.0, 11700.0], [82765.0, 4410.0], [82762.5, 6290.0], [82760.0, 8420.0], [82750.0, 2500.0], [82747.5, 8340.0], [82740.0, 2570.0], [82737.5, 8550.0], [82735.0, 20.0]], "asks": [[82807.5, 8510.0], [82810.0, 2030.0], [82812.5, 3600.0], [82815.0, 10320.0], [82817.5, 12280.0], [82820.0, 10120.0], [82822.5, 1080.0], [82825.0, 6810.0], [82827.5, 11900.0], [82835.0, 3830.0], [82837.5, 10680.0], [82857.5, 2510.0], [82860.0, 11650.0], [82867.5, 20.0], [82885.0, 2510.0], [82887.5, 8370.0], [82895.0, 4520.0], [82897.5, 6390.0], [82900.0, 8660.0], [82907.5, 2540.0]]}}}
{"jsonrpc": "2.0", "method": "subscription", "params": {"channel": "book.BTC-4APR25.none.20.100ms", "data": {"timestamp": 1743453360406, "change_id": 95021606248, "instrument_name": "BTC-4APR25", "bids": [[82755.0, 1310.0], [82752.5, 4840.0], [82750.0, 45390.0], [82747.5, 51300.0], [82745.0, 82860.0], [82740.0, 4140.0], [82735.0, 11730.0], [82730.0, 6520.0], [82727.5, 10000.0], [82725.0, 11730.0], [82722.5, 950.0], [82720.0, 3150.0], [82700.0, 4220.0], [82697.5, 11340.0], [82690.0, 3720.0], [82687.5, 11570.0], [82680.0, 3450.0], [82677.5, 11490.0], [82672.5, 7340.0], [82670.0, 27840.0]], "asks": [[82757.5, 1000.0], [82762.5, 1300.0], [82765.0, 4900.0], [82767.5, 10000.0], [82770.0, 2430.0], [82772.5, 1300.0], [82775.0, 4580.0], [82777.5, 11730.0], [82780.0, 3150.0], [82785.0, 3450.0], [82787.5, 11500.0], [82790.0, 7990.0], [82792.5, 26630.0], [82795.0, 4160.0], [82797.5, 11650.0], [82800.0, 960.0], [82802.5, 3190.0], [82805.0, 3410.0], [82807.5, 11360.0], [82825.0, 11040.0]]}}}
{"jsonrpc": "2.0", "method": "subscription", "params": {"channel": "book.BTC-11APR25.none.20.100ms", "data": {"timestamp": 1743453360816, "change_id": 95021606787, "instrument_name": "BTC-11APR25", "bids": [[82805.0, 3600.0], [82800.0, 1930.0], [82797.5, 3600.0], [82795.0, 43290.0], [82792.5, 3600.0], [82790.0, 141470.0], [82787.5, 120.0], [82782.5, 2530.0], [82780.0, 8420.0], [82775.0, 5530.0], [82772.5, 10000.0], [82770.0, 11700.0], [82765.0, 4410.0], [82762.5, 6290.0], [82760.0, 8420.0], [82750.0, 2500.0], [82747.5, 8340.0], [82740.0, 2570.0], [82737.5, 8550.0], [82735.0, 20.0]], "asks": [[82807.5, 8510.0], [82810.0, 2030.0], [82812.5, 3600.0], [82815.0, 10320.0], [82817.5, 12280.0], [82820.0, 10120.0], [82822.5, 1080.0], [82825.0, 6810.0], [82827.5, 11900.0], [82835.0, 3830.0], [82837.5, 10680.0], [82857.5, 2510.0], [82860.0, 11650.0], [82867.5, 20.0], [82885.0, 2510.0], [82887.5, 8370.0], [82895.0, 4520.0], [82897.5, 6390.0], [82900.0, 8660.0], [82907.5, 2540.0]]}}}
{"jsonrpc": "2.0", "method": "subscription", "params": {"channel": "book.BTC-11APR25.none.20.100ms", "data": {"timestamp": 1743453361305, "change_id": 95021607555, "instrument_name": "BTC-11APR25", "bids": [[82797.5, 9480.0], [82795.0, 43290.0], [82792.5, 3600.0], [82790.0, 132790.0], [82787.5, 120.0], [82782.5, 2530.0], [82780.0, 8420.0], [82775.0, 5530.0], [82772.5, 10000.0], [82770.0, 11700.0], [82765.0, 4410.0], [82762.5, 6290.0], [82760.0, 8420.0], [82750.0, 2500.0], [82747.5, 8340.0], [82740.0, 2570.0], [82737.5, 8550.0], [82735.0, 20.0], [82727.5, 2570.0], [82725.0, 8550.0]], "asks": [[82800.0, 730.0], [82802.5, 8500.0], [82810.0, 2030.0], [82812.5, 3600.0], [82815.0, 10320.0], [82817.5, 12280.0], [82820.0, 12280.0], [82822.5, 3600.0], [82825.0, 6810.0], [82827.5, 11900.0], [82835.0, 3830.0], [82837.5, 10680.0], [82857.5, 2510.0], [82860.0, 11650.0], [82867.5, 20.0], [82885.0, 2510.0], [82887.5, 8370.0], [82895.0, 4520.0], [82897.5, 6390.0], [82900.0, 8660.0]]}}}
{"jsonrpc": "2.0", "method": "subscription", "params": {"channel": "book.BTC-11APR25.none.20.100ms", "data": {"timestamp": 1743453361468, "change_id": 95021607869, "instrument_name": "BTC-11APR25", "bids": [[82802.5, 12110.0], [82800.0, 3530.0], [82797.5, 8500.0], [82795.0, 43290.0], [82792.5, 12280.0], [82790.0, 132790.0], [82787.5, 120.0], [82782.5, 2530.0], [82780.0, 8420.0], [82775.0, 5530.0], [82772.5, 10000.0], [82770.0, 11700.0], [82765.0, 4410.0], [82762.5, 6290.0], [82760.0, 8420.0], [82750.0, 2500.0], [82747.5, 8340.0], [82740.0, 2570.0], [82737.5, 8550.0], [82735.0, 20.0]], "asks": [[82805.0, 10800.0], [82810.0, 2030.0], [82812.5, 3600.0], [82815.0, 10320.0], [82817.5, 12280.0], [82820.0, 12280.0], [82822.5, 3600.0], [82825.0, 6810.0], [82827.5, 11900.0], [82835.0, 3830.0], [82837.5, 10680.0], [82857.5, 2510.0], [82860.0, 11650.0], [82867.5, 20.0], [82885.0, 2510.0], [82887.5, 8370.0], [82895.0, 4520.0], [82897.5, 6390.0], [82900.0, 8660.0], [82907.5, 2540.0]]}}}
{"jsonrpc": "2.0", "method": "subscription", "params": {"channel": "book.BTC-4APR25.none.20.100ms", "data": {"timestamp": 1743453361419, "change_id": 95021607708, "instrument_name": "BTC-4APR25", "bids": [[82755.0, 1310.0], [82752.5, 4840.0], [82750.0, 45390.0], [82747.5, 51300.0], [82745.0, 82860.0], [82740.0, 4140.0], [82735.0, 11730.0], [82730.0, 6520.0], [82727.5, 10000.0], [82725.0, 11730.0], [82722.5, 950.0], [82720.0, 3150.0], [82700.0, 4220.0], [82697.5, 11340.0], [82690.0, 3720.0], [82687.5, 11570.0], [82680.0, 3450.0], [82677.5, 11490.0], [82672.5, 7340.0], [82670.0, 27840.0]], "asks": [[82757.5, 2300.0], [82762.5, 1300.0], [82765.0, 4900.0], [82767.5, 11300.0], [82770.0, 2430.0], [82772.5, 1300.0], [82775.0, 4580.0], [82777.5, 11730.0], [82780.0, 3150.0], [82785.0, 3450.0], [82787.5, 11500.0], [82790.0, 7990.0], [82792.5, 26630.0], [82795.0, 4160.0], [82797.5, 11650.0], [82800.0, 960.0], [82802.5, 3190.0], [82805.0, 3410.0], [82807.5, 11360.0], [82825.0, 11040.0]]}}}
{"jsonrpc": "2.0", "method": "subscription", "params": {"channel": "book.BTC-11APR25.none.20.100ms", "data": {"timestamp": 1743453361919, "change_id": 95021608420, "instrument_name": "BTC-11APR25", "bids": [[82802.5, 12110.0], [82800.0, 3530.0], [82797.5, 8500.0], [82795.0, 43290.0], [82792.5, 12280.0], [82790.0, 132790.0], [82787.5, 120.0], [82782.5, 2530.0], [82780.0, 8420.0], [82775.0, 5530.0], [82772.5, 10000.0], [82770.0, 11700.0], [82765.0, 4410.0], [82762.5, 6290.0], [82760.0, 8420.0], [82750.0, 2500.0], [82747.5, 8340.0], [82740.0, 2570.0], [82737.5, 8550.0], [82735.0, 20.0]], "asks": [[82805.0, 10790.0], [82810.0, 2030.0], [82812.5, 3600.0], [82815.0, 10320.0], [82817.5, 12280.0], [82820.0, 12280.0], [82822.5, 3600.0], [82825.0, 6810.0], [82827.5, 11900.0], [82835.0, 3830.0], [82837.5, 10680.0], [82857.5, 2510.0], [82860.0, 11650.0], [82867.5, 20.0], [82885.0, 2510.0], [82887.5, 8370.0], [82895.0, 4520.0], [82897.5, 6390.0], [82900.0, 8660.0], [82907.5, 2540.0]]}}}
{"jsonrpc": "2.0", "method": "subscription", "params": {"channel": "book.BTC-4APR25.none.20.100ms", "data": {"timestamp": 1743453361763, "change_id": 95021608285, "instrument_name": "BTC-4APR25", "bids": [[82755.0, 1310.0], [82752.5, 4840.0], [82750.0, 45390.0], [82747.5, 51300.0], [82745.0, 82860.0], [82740.0, 4140.0], [82735.0, 11730.0], [82730.0, 6520.0], [82727.5, 10000.0], [82725.0, 11730.0], [82722.5, 950.0], [82720.0, 3150.0], [82700.0, 4220.0], [82697.5, 11340.0], [82690.0, 3720.0], [82687.5, 11570.0], [82680.0, 3450.0], [82677.5, 11490.0], [82672.5, 7340.0], [82670.0, 27840.0]], "asks": [[82757.5, 1000.0], [82762.5, 1300.0], [82765.0, 4900.0], [82767.5, 11300.0], [82770.0, 2430.0], [82772.5, 1300.0], [82775.0, 4580.0], [82777.5, 11730.0], [82780.0, 3150.0], [82785.0, 3450.0], [82787.5, 11500.0], [82790.0, 7990.0], [82792.5, 26630.0], [82795.0, 4160.0], [82797.5, 11650.0], [82800.0, 960.0], [82802.5, 3190.0], [82805.0, 3410.0], [82807.5, 11360.0], [82825.0, 11040.0]]}}}
{"jsonrpc": "2.0", "method": "subscription", "params": {"channel": "book.BTC-11APR25.none.20.100ms", "data": {"timestamp": 1743453362241, "change_id": 95021608876, "instrument_name": "BTC-11APR25", "bids": [[82802.5, 12110.0], [82800.0, 7130.0], [82797.5, 8500.0], [82795.0, 43290.0], [82792.5, 12280.0], [82790.0, 132790.0], [82787.5, 120.0], [82782.5, 2530.0], [82780.0, 8420.0], [82775.0, 5530.0], [82772.5, 10000.0], [82770.0, 11700.0], [82765.0, 4410.0], [82762.5, 6290.0], [82760.0, 8420.0], [82750.0, 2500.0], [82747.5, 8340.0], [82740.0, 2570.0], [82737.5, 8550.0], [82735.0, 20.0]], "asks": [[82805.0, 2290.0], [82810.0, 2030.0], [82812.5, 3600.0], [82815.0, 10320.0], [82817.5, 12280.0], [82820.0, 12280.0], [82822.5, 3600.0], [82825.0, 6810.0], [82827.5, 11900.0], [82835.0, 3830.0], [82837.5, 10680.0], [82857.5, 2510.0], [82860.0, 11650.0], [82867.5, 20.0], [82885.0, 2510.0], [82887.5, 8370.0], [82895.0, 4520.0], [82897.5, 6390.0], [82900.0, 8660.0], [82907.5, 2540.0]]}}}
{"jsonrpc": "2.0", "method": "subscription", "params": {"channel": "book.BTC-11APR25.none.20.100ms", "data": {"timestamp": 1743453362303, "change_id": 95021608898, "instrument_name": "BTC-11APR25", "bids": [[82802.5, 12110.0], [82800.0, 7130.0], [82797.5, 8500.0], [82795.0, 43290.0], [82792.5, 12280.0], [82790.0, 132790.0], [82787.5, 120.0], [82782.5, 2530.0], [82780.0, 8420.0], [82775.0, 5530.0], [82772.5, 10000.0], [82770.0, 11700.0], [82765.0, 4410.0], [82762.5, 6290.0], [82760.0, 8420.0], [82750.0, 2500.0], [82747.5, 8340.0], [82740.0, 2570.0], [82737.5, 8550.0], [82735.0, 20.0]], "asks": [[82805.0, 2300.0], [82810.0, 2030.0], [82812.5, 3600.0], [82815.0, 10320.0], [82817.5, 12280.0], [82820.0, 12280.0], [82822.5, 3600.0], [82825.0, 6810.0], [82827.5, 11900.0], [82835.0, 3830.0], [82837.5, 10680.0], [82857.5, 2510.0], [82860.0, 11650.0], [82867.5, 20.0], [82885.0, 2510.0], [82887.5, 8370.0], [82895.0, 4520.0], [82897.5, 6390.0], [82900.0, 8660.0], [82907.5, 2540.0]]}}}
{"jsonrpc": "2.0", "method": "subscription", "params": {"channel": "book.BTC-4APR25.none.20.100ms", "data": {"timestamp": 1743453362384, "change_id": 95021608948, "instrument_name": "BTC-4APR25", "bids": [[82755.0, 1310.0], [82752.5, 4840.0], [82750.0, 45390.0], [82747.5, 51300.0], [82745.0, 82860.0], [82740.0, 4140.0], [82735.0, 11730.0], [82730.0, 6520.0], [82727.5, 10000.0], [82725.0, 11730.0], [82722.5, 950.0], [82720.0, 3150.0], [82700.0, 4220.0], [82697.5, 11340.0], [82690.0, 3720.0], [82687.5, 11570.0], [82680.0, 3450.0], [82677.5, 11490.0], [82672.5, 7340.0], [82670.0, 27840.0]], "asks": [[82757.5, 1000.0], [82762.5, 1300.0], [82765.0, 4900.0], [82767.5, 11300.0], [82770.0, 2760.0], [82772.5, 1300.0], [82775.0, 5880.0], [82777.5, 11730.0], [82780.0, 3150.0], [82785.0, 3450.0], [82787.5, 11500.0], [82790.0, 7990.0], [82792.5, 26630.0], [82795.0, 4160.0], [82797.5, 11650.0], [82800.0, 960.0], [82802.5, 3190.0], [82805.0, 3410.0], [82807.5, 11360.0], [82825.0, 11040.0]]}}}
{"jsonrpc": "2.0", "method": "subscription", "params": {"channel": "book.BTC-4APR25.none.20.100ms", "data": {"timestamp": 1743453362935, "change_id": 95021609596, "instrument_name": "BTC-4APR25", "bids": [[82755.0, 1310.0], [82752.5, 4840.0], [82750.0, 45390.0], [82747.5, 51300.0], [82745.0, 82860.0], [82740.0, 4140.0], [82735.0, 11730.0], [82730.0, 6520.0], [82727.5, 10000.0], [82725.0, 11730.0], [82722.5, 950.0], [82720.0, 3150.0], [82700.0, 4220.0], [82697.5, 11340.0], [82690.0, 3720.0], [82687.5, 11570.0], [82680.0, 3450.0], [82677.5, 11490.0], [82675.0, 7340.0], [82672.5, 24420.0]], "asks": [[82757.5, 1000.0], [82762.5, 1300.0], [82765.0, 4900.0], [82767.5, 11300.0], [82770.0, 2760.0], [82772.5, 1300.0], [82775.0, 5880.0], [82777.5, 11730.0], [82780.0, 3150.0], [82785.0, 3450.0], [82787.5, 11500.0], [82790.0, 7990.0], [82792.5, 26630.0], [82795.0, 4160.0], [82797.5, 11650.0], [82800.0, 960.0], [82802.5, 3190.0], [82805.0, 3410.0], [82807.5, 11360.0], [82825.0, 11040.0]]}}}
{"jsonrpc": "2.0", "method": "subscription", "params": {"channel": "book.BTC-11APR25.none.20.100ms", "data": {"timestamp": 1743453363230, "change_id": 95021610155, "instrument_name": "BTC-11APR25", "bids": [[82802.5, 12110.0], [82800.0, 7130.0], [82797.5, 12100.0], [82795.0, 43290.0], [82792.5, 12280.0], [82790.0, 132790.0], [82787.5, 120.0], [82782.5, 2530.0], [82780.0, 8420.0], [82775.0, 5530.0], [82772.5, 10000.0], [82770.0, 11700.0], [82765.0, 4410.0], [82762.5, 6290.0], [82760.0, 8420.0], [82750.0, 2500.0], [82747.5, 8340.0], [82740.0, 2570.0], [82737.5, 8550.0], [82735.0, 20.0]], "asks": [[82805.0, 2300.0], [82810.0, 2030.0], [82812.5, 3600.0], [82815.0, 10320.0], [82817.5, 12280.0], [82820.0, 12280.0], [82822.5, 3600.0], [82825.0, 6810.0], [82827.5, 11900.0], [82835.0, 3830.0], [82837.5, 10680.0], [82857.5, 2510.0], [82860.0, 11650.0], [82867.5, 20.0], [82885.0, 2510.0], [82887.5, 8370.0], [82895.0, 4520.0], [82897.5, 6390.0], [82900.0, 8660.0], [82907.5, 2540.0]]}}}
{"jsonrpc": "2.0", "method": "subscription", "params": {"channel": "book.BTC-4APR25.none.20.100ms", "data": {"timestamp": 1743453363371, "change_id": 95021610254, "instrument_name": "BTC-4APR25", "bids": [[82755.0, 1310.0], [82752.5, 4840.0], [82750.0, 45390.0], [82747.5, 51300.0], [82745.0, 82860.0], [82740.0, 4140.0], [82735.0, 11730.0], [82730.0, 6520.0], [82727.5, 10000.0], [82725.0, 11730.0], [82722.5, 950.0], [82720.0, 3150.0], [82700.0, 4220.0], [82697.5, 11340.0], [82690.0, 3720.0], [82687.5, 11570.0], [82680.0, 3450.0], [82677.5, 11490.0], [82675.0, 7340.0], [82672.5, 24420.0]], "asks": [[82757.5, 1000.0], [82762.5, 1300.0], [82765.0, 4900.0], [82767.5, 11300.0], [82770.0, 2760.0], [82772.5, 1300.0], [82775.0, 5880.0], [82777.5, 13030.0], [82780.0, 3150.0], [82785.0, 3450.0], [82787.5, 11500.0], [82790.0, 7990.0], [82792.5, 26630.0], [82795.0, 4160.0], [82797.5, 11650.0], [82800.0, 960.0], [82802.5, 3190.0], [82805.0, 3410.0], [82807.5, 11360.0], [82825.0, 11040.0]]}}}
{"jsonrpc": "2.0", "method": "subscription", "params": {"channel": "book.BTC-11APR25.none.20.100ms", "data": {"timestamp": 1743453363637, "change_id": 95021610649, "instrument_name": "BTC-11APR25", "bids": [[82802.5, 12110.0], [82800.0, 7130.0], [82797.5, 12100.0], [82795.0, 43290.0], [82792.5, 12280.0], [82790.0, 132790.0], [82787.5, 120.0], [82782.5, 2530.0], [82780.0, 8420.0], [82775.0, 5530.0], [82772.5, 10000.0], [82770.0, 11700.0], [82765.0, 4410.0], [82762.5, 6290.0], [82760.0, 8420.0], [82750.0, 2500.0], [82747.5, 8340.0], [82740.0, 2570.0], [82737.5, 8550.0], [82735.0, 20.0]], "asks": [[82805.0, 2290.0], [82810.0, 2030.0], [82812.5, 3600.0], [82815.0, 10320.0], [82817.5, 12280.0], [82820.0, 12280.0], [82822.5, 3600.0], [82825.0, 6810.0], [82827.5, 11900.0], [82835.0, 3830.0], [82837.5, 10680.0], [82857.5, 2510.0], [82860.0, 11650.0], [82867.5, 20.0], [82885.0, 2510.0], [82887.5, 8370.0], [82895.0, 4520.0], [82897.5, 6390.0], [82900.0, 8660.0], [82907.5, 2540.0]]}}}
{"jsonrpc": "2.0", "method": "subscription", "params": {"channel": "book.BTC-11APR25.none.20.100ms", "data": {"timestamp": 1743453364248, "change_id": 95021611271, "instrument_name": "BTC-11APR25", "bids": [[82802.5, 12110.0], [82800.0, 7130.0], [82797.5, 12100.0], [82795.0, 43290.0], [82792.5, 12280.0], [82790.0, 132790.0], [82787.5, 120.0], [82782.5, 2530.0], [82780.0, 8420.0], [82775.0, 5530.0], [82772.5, 10000.0], [82770.0, 11700.0], [82765.0, 4410.0], [82762.5, 6290.0], [82760.0, 8420.0], [82750.0, 2500.0], [82747.5, 8340.0], [82740.0, 2570.0], [82737.5, 8550.0], [82735.0, 20.0]], "asks": [[82805.0, 2290.0], [82810.0, 2030.0], [82812.5, 3600.0], [82815.0, 10320.0], [82817.5, 12280.0], [82820.0, 12280.0], [82822.5, 3600.0], [82825.0, 6810.0], [82827.5, 11900.0], [82835.0, 3830.0], [82837.5, 10680.0], [82857.5, 2510.0], [82860.0, 11650.0], [82867.5, 20.0], [82885.0, 2510.0], [82887.5, 8370.0], [82895.0, 4520.0], [82897.5, 6390.0], [82900.0, 8660.0], [82907.5, 2540.0]]}}}
{"jsonrpc": "2.0", "method": "subscription", "params": {"channel": "book.BTC-11APR25.none.20.100ms", "data": {"timestamp": 1743453364591, "change_id": 95021611737, "instrument_name": "BTC-11APR25", "bids": [[82802.5, 5520.0], [82800.0, 7130.0], [82797.5, 8500.0], [82795.0, 43290.0], [82792.5, 12280.0], [82790.0, 132790.0], [82787.5, 120.0], [82782.5, 2530.0], [82780.0, 8420.0], [82775.0, 5530.0], [82772.5, 10000.0], [82770.0, 11700.0], [82765.0, 4410.0], [82762.5, 6290.0], [82760.0, 8420.0], [82750.0, 2500.0], [82747.5, 8340.0], [82740.0, 2570.0], [82737.5, 8550.0], [82735.0, 20.0]], "asks": [[82805.0, 10800.0], [82810.0, 2030.0], [82812.5, 3600.0], [82815.0, 10320.0], [82817.5, 12280.0], [82820.0, 12280.0], [82822.5, 3600.0], [82825.0, 6810.0], [82827.5, 11900.0], [82835.0, 3830.0], [82837.5, 10680.0], [82857.5, 2510.0], [82860.0, 11650.0], [82867.5, 20.0], [82885.0, 2510.0], [82887.5, 8370.0], [82895.0, 4520.0], [82897.5, 6390.0], [82900.0, 8660.0], [82907.5, 2540.0]]}}}
