{"jsonrpc": "2.0", "method": "subscription", "params": {"channel": "book.BTC-14MAR25.none.20.100ms", "data": {"timestamp": 1741656281806, "change_id": 92141520954, "instrument_name": "BTC-14MAR25", "bids": [[77410.0, 50000.0], [77407.5, 50000.0], [77400.0, 8850.0], [77392.5, 10000.0], [77385.0, 4890.0], [77377.5, 23930.0], [77360.0, 20.0], [77347.5, 4630.0], [77327.5, 4680.0], [77315.0, 30600.0], [77305.0, 4630.0], [77300.0, 20.0], [77257.5, 4630.0], [77237.5, 20.0], [77235.0, 4630.0], [77232.5, 4750.0], [77225.0, 4770.0], [77220.0, 105000.0], [77212.5, 500.0], [77187.5, 4860.0]], "asks": [[77415.0, 10.0], [77420.0, 1600.0], [77425.0, 1600.0], [77427.5, 4750.0], [77435.0, 1600.0], [77437.5, 120.0], [77445.0, 4680.0], [77447.5, 10000.0], [77457.5, 12520.0], [77460.0, 4680.0], [77465.0, 1420.0], [77472.5, 4680.0], [77482.5, 9600.0], [77485.0, 23950.0], [77490.0, 30120.0], [77492.5, 4680.0], [77512.5, 4770.0], [77515.0, 35000.0], [77522.5, 30850.0], [77525.0, 29210.0]]}}}
{"jsonrpc": "2.0", "method": "subscription", "params": {"channel": "book.BTC-21MAR25.none.20.100ms", "data": {"timestamp": 1741656281813, "change_id": 92141520970, "instrument_name": "BTC-21MAR25", "bids": [[77502.5, 68270.0], [77497.5, 50000.0], [77487.5, 7360.0], [77485.0, 4600.0], [77475.0, 24730.0], [77455.0, 4530.0], [77427.5, 15060.0], [77422.5, 20.0], [77362.5, 4530.0], [77360.0, 20.0], [77340.0, 4530.0], [77320.0, 500.0], [77307.5, 4440.0], [77300.0, 20.0], [77280.0, 109440.0], [77270.0, 4440.0], [77260.0, 50000.0], [77255.0, 4500.0], [77242.5, 500.0], [77237.5, 4580.0]], "asks": [[77547.5, 9080.0], [77550.0, 8830.0], [77557.5, 14440.0], [77567.5, 4440.0], [77582.5, 4600.0], [77592.5, 29770.0], [77600.0, 2000.0], [77602.5, 4530.0], [77607.5, 20.0], [77612.5, 4600.0], [77615.0, 35000.0], [77620.0, 14650.0], [77642.5, 4530.0], [77647.5, 23050.0], [77652.5, 4430.0], [77662.5, 4410.0], [77670.0, 20.0], [77675.0, 44440.0], [77682.5, 4560.0], [77687.5, 105000.0]]}}}
{"jsonrpc": "2.0", "method": "subscription", "params": {"channel": "book.BTC-14MAR25.none.20.100ms", "data": {"timestamp": 1741656282102, "change_id": 92141522284, "instrument_name": "BTC-14MAR25", "bids": [[77397.5, 1600.0], [77395.0, 6350.0], [77392.5, 50000.0], [77385.0, 8850.0], [77380.0, 4680.0], [77377.5, 34880.0], [77372.5, 120.0], [77360.0, 20.0], [77350.0, 50000.0], [77347.5, 4630.0], [77327.5, 4680.0], [77322.5, 1140.0], [77305.0, 4630.0], [77300.0, 20.0], [77260.0, 30600.0], [77257.5, 4630.0], [77237.5, 20.0], [77235.0, 4630.0], [77232.5, 4750.0], [77225.0, 4770.0]], "asks": [[77415.0, 10.0], [77420.0, 1600.0], [77422.5, 8850.0], [77425.0, 1600.0], [77427.5, 14870.0], [77435.0, 6280.0], [77442.5, 12520.0], [77445.0, 4680.0], [77460.0, 4680.0], [77465.0, 1420.0], [77470.0, 30120.0], [77472.5, 4680.0], [77482.5, 9600.0], [77485.0, 23950.0], [77492.5, 4680.0], [77497.5, 2000.0], [77512.5, 4770.0], [77522.5, 30850.0], [77525.0, 29210.0], [77532.5, 4770.0]]}}}
{"jsonrpc": "2.0", "method": "subscription", "params": {"channel": "book.BTC-21MAR25.none.20.100ms", "data": {"timestamp": 1741656282080, "change_id": 92141522147, "instrument_name": "BTC-21MAR25", "bids": [[77490.0, 4500.0], [77487.5, 8950.0], [77485.0, 14600.0], [77480.0, 20000.0], [77477.5, 74150.0], [77475.0, 4440.0], [77457.5, 7360.0], [77455.0, 4530.0], [77422.5, 20.0], [77365.0, 15060.0], [77362.5, 4530.0], [77360.0, 20.0], [77340.0, 4530.0], [77320.0, 500.0], [77307.5, 4440.0], [77300.0, 20.0], [77280.0, 109440.0], [77270.0, 4440.0], [77260.0, 50000.0], [77255.0, 4500.0]], "asks": [[77525.0, 8940.0], [77527.5, 8830.0], [77535.0, 8940.0], [77537.5, 120.0], [77547.5, 14460.0], [77557.5, 4440.0], [77567.5, 4440.0], [77570.0, 2000.0], [77582.5, 4600.0], [77592.5, 29770.0], [77602.5, 4530.0], [77607.5, 20.0], [77612.5, 4600.0], [77620.0, 14650.0], [77642.5, 4530.0], [77647.5, 23050.0], [77652.5, 4430.0], [77662.5, 4410.0], [77670.0, 20.0], [77675.0, 44440.0]]}}}
{"jsonrpc": "2.0", "method": "subscription", "params": {"channel": "book.BTC-14MAR25.none.20.100ms", "data": {"timestamp": 1741656282441, "change_id": 92141522875, "instrument_name": "BTC-14MAR25", "bids": [[77400.0, 11510.0], [77397.5, 11430.0], [77395.0, 6350.0], [77392.5, 50000.0], [77385.0, 8850.0], [77380.0, 119640.0], [77377.5, 34880.0], [77375.0, 4680.0], [77372.5, 120.0], [77360.0, 20.0], [77347.5, 4630.0], [77327.5, 4680.0], [77322.5, 1140.0], [77305.0, 4630.0], [77300.0, 20.0], [77260.0, 30600.0], [77257.5, 4630.0], [77237.5, 20.0], [77235.0, 4630.0], [77232.5, 4750.0]], "asks": [[77415.0, 10.0], [77420.0, 1600.0], [77422.5, 8850.0], [77425.0, 1600.0], [77427.5, 14870.0], [77435.0, 4680.0], [77442.5, 12520.0], [77445.0, 4680.0], [77460.0, 4680.0], [77465.0, 1420.0], [77470.0, 30120.0], [77472.5, 4680.0], [77482.5, 9600.0], [77485.0, 23950.0], [77492.5, 4680.0], [77497.5, 2000.0], [77512.5, 4770.0], [77522.5, 30850.0], [77525.0, 29210.0], [77532.5, 4770.0]]}}}
{"jsonrpc": "2.0", "method": "subscription", "params": {"channel": "book.BTC-21MAR25.none.20.100ms", "data": {"timestamp": 1741656282376, "change_id": 92141522788, "instrument_name": "BTC-21MAR25", "bids": [[77490.0, 4500.0], [77487.5, 8950.0], [77485.0, 84330.0], [77482.5, 50000.0], [77480.0, 20000.0], [77477.5, 24150.0], [77475.0, 4440.0], [77457.5, 7360.0], [77455.0, 4530.0], [77422.5, 20.0], [77365.0, 15060.0], [77362.5, 4530.0], [77360.0, 20.0], [77340.0, 4530.0], [77320.0, 500.0], [77307.5, 4440.0], [77300.0, 20.0], [77280.0, 109440.0], [77270.0, 4440.0], [77260.0, 50000.0]], "asks": [[77525.0, 8940.0], [77527.5, 8830.0], [77535.0, 8940.0], [77537.5, 120.0], [77547.5, 14460.0], [77555.0, 12810.0], [77557.5, 4440.0], [77567.5, 4440.0], [77570.0, 2000.0], [77582.5, 4600.0], [77592.5, 29770.0], [77602.5, 4530.0], [77607.5, 20.0], [77612.5, 4600.0], [77620.0, 14650.0], [77642.5, 4530.0], [77647.5, 23050.0], [77652.5, 4430.0], [77662.5, 4410.0], [77670.0, 20.0]]}}}
{"jsonrpc": "2.0", "method": "subscription", "params": {"channel": "book.BTC-14MAR25.none.20.100ms", "data": {"timestamp": 1741656282726, "change_id": 92141523950, "instrument_name": "BTC-14MAR25", "bids": [[77412.5, 10.0], [77407.5, 1600.0], [77405.0, 50000.0], [77402.5, 16180.0], [77400.0, 6350.0], [77397.5, 1600.0], [77395.0, 56350.0], [77387.5, 14680.0], [77385.0, 8850.0], [77382.5, 120.0], [77380.0, 69640.0], [77377.5, 24880.0], [77375.0, 4680.0], [77360.0, 20.0], [77327.5, 4680.0], [77322.5, 1140.0], [77305.0, 4630.0], [77300.0, 20.0], [77260.0, 30600.0], [77257.5, 4630.0]], "asks": [[77427.5, 4750.0], [77430.0, 120.0], [77440.0, 10000.0], [77442.5, 12520.0], [77460.0, 4680.0], [77465.0, 1420.0], [77470.0, 30120.0], [77472.5, 4680.0], [77482.5, 9600.0], [77485.0, 20.0], [77492.5, 4680.0], [77497.5, 2000.0], [77512.5, 4770.0], [77522.5, 30850.0], [77525.0, 29210.0], [77532.5, 4770.0], [77537.5, 1140.0], [77542.5, 4730.0], [77547.5, 20.0], [77582.5, 4770.0]]}}}
{"jsonrpc": "2.0", "method": "subscription", "params": {"channel": "book.BTC-21MAR25.none.20.100ms", "data": {"timestamp": 1741656282803, "change_id": 92141523946, "instrument_name": "BTC-21MAR25", "bids": [[77507.5, 8940.0], [77500.0, 24500.0], [77497.5, 13270.0], [77495.0, 10000.0], [77487.5, 50120.0], [77485.0, 74330.0], [77477.5, 24150.0], [77475.0, 4440.0], [77457.5, 7360.0], [77455.0, 4530.0], [77422.5, 20.0], [77365.0, 15060.0], [77362.5, 4530.0], [77360.0, 20.0], [77340.0, 4530.0], [77320.0, 500.0], [77307.5, 4440.0], [77300.0, 20.0], [77280.0, 109440.0], [77270.0, 4440.0]], "asks": [[77540.0, 120.0], [77547.5, 10020.0], [77557.5, 4440.0], [77567.5, 4440.0], [77570.0, 2000.0], [77577.5, 23740.0], [77582.5, 4600.0], [77592.5, 4430.0], [77602.5, 4530.0], [77607.5, 20.0], [77612.5, 4600.0], [77620.0, 14650.0], [77642.5, 4530.0], [77647.5, 23050.0], [77652.5, 4430.0], [77662.5, 4410.0], [77670.0, 20.0], [77675.0, 44440.0], [77682.5, 4560.0], [77687.5, 105000.0]]}}}
{"jsonrpc": "2.0", "method": "subscription", "params": {"channel": "book.BTC-14MAR25.none.20.100ms", "data": {"timestamp": 1741656283102, "change_id": 92141524947, "instrument_name": "BTC-14MAR25", "bids": [[77425.0, 4760.0], [77420.0, 1600.0], [77417.5, 4750.0], [77415.0, 54750.0], [77402.5, 1600.0], [77400.0, 56280.0], [77397.5, 10000.0], [77392.5, 120.0], [77387.5, 4680.0], [77380.0, 69640.0], [77377.5, 24880.0], [77375.0, 4680.0], [77360.0, 20.0], [77327.5, 4680.0], [77322.5, 1140.0], [77307.5, 30600.0], [77305.0, 4630.0], [77300.0, 20.0], [77257.5, 4630.0], [77237.5, 20.0]], "asks": [[77450.0, 120.0], [77452.5, 8850.0], [77455.0, 12520.0], [77457.5, 10000.0], [77465.0, 1420.0], [77472.5, 4680.0], [77482.5, 9600.0], [77485.0, 30140.0], [77492.5, 4680.0], [77512.5, 4770.0], [77522.5, 30850.0], [77525.0, 29210.0], [77527.5, 2000.0], [77532.5, 4770.0], [77542.5, 4730.0], [77547.5, 20.0], [77582.5, 4770.0], [77585.0, 59160.0], [77590.0, 105000.0], [77602.5, 4690.0]]}}}
{"jsonrpc": "2.0", "method": "subscription", "params": {"channel": "book.BTC-21MAR25.none.20.100ms", "data": {"timestamp": 1741656283092, "change_id": 92141524861, "instrument_name": "BTC-21MAR25", "bids": [[77517.5, 8940.0], [77512.5, 24500.0], [77510.0, 8830.0], [77507.5, 4440.0], [77505.0, 10000.0], [77500.0, 7360.0], [77497.5, 4560.0], [77487.5, 50000.0], [77485.0, 74330.0], [77477.5, 24150.0], [77475.0, 4440.0], [77455.0, 4530.0], [77425.0, 15060.0], [77422.5, 20.0], [77362.5, 4530.0], [77360.0, 20.0], [77340.0, 4530.0], [77320.0, 500.0], [77307.5, 4440.0], [77300.0, 20.0]], "asks": [[77547.5, 20.0], [77557.5, 4440.0], [77560.0, 10120.0], [77567.5, 4440.0], [77582.5, 4600.0], [77592.5, 4430.0], [77602.5, 6530.0], [77607.5, 20.0], [77612.5, 4600.0], [77620.0, 14650.0], [77642.5, 4530.0], [77647.5, 23050.0], [77652.5, 4430.0], [77662.5, 4410.0], [77670.0, 20.0], [77675.0, 44440.0], [77682.5, 4560.0], [77687.5, 105000.0], [77692.5, 4530.0], [77712.5, 4430.0]]}}}
{"jsonrpc": "2.0", "method": "subscription", "params": {"channel": "book.BTC-14MAR25.none.20.100ms", "data": {"timestamp": 1741656283447, "change_id": 92141525587, "instrument_name": "BTC-14MAR25", "bids": [[77427.5, 19740.0], [77425.0, 50010.0], [77417.5, 4750.0], [77415.0, 4750.0], [77412.5, 8850.0], [77402.5, 1600.0], [77400.0, 56280.0], [77397.5, 10000.0], [77392.5, 120.0], [77387.5, 4680.0], [77377.5, 24880.0], [77375.0, 4680.0], [77360.0, 20.0], [77327.5, 4680.0], [77322.5, 31740.0], [77305.0, 4630.0], [77302.5, 26180.0], [77300.0, 20.0], [77257.5, 4630.0], [77237.5, 20.0]], "asks": [[77445.0, 1600.0], [77447.5, 6350.0], [77450.0, 120.0], [77452.5, 8850.0], [77457.5, 10000.0], [77460.0, 4680.0], [77462.5, 12520.0], [77465.0, 1420.0], [77472.5, 4680.0], [77482.5, 9600.0], [77485.0, 30140.0], [77490.0, 24690.0], [77492.5, 4680.0], [77512.5, 4770.0], [77522.5, 4630.0], [77525.0, 29210.0], [77527.5, 3140.0], [77532.5, 4770.0], [77542.5, 4730.0], [77547.5, 20.0]]}}}
{"jsonrpc": "2.0", "method": "subscription", "params": {"channel": "book.BTC-21MAR25.none.20.100ms", "data": {"timestamp": 1741656283275, "change_id": 92141525272, "instrument_name": "BTC-21MAR25", "bids": [[77517.5, 4500.0], [77512.5, 24500.0], [77510.0, 8830.0], [77507.5, 4560.0], [77505.0, 10000.0], [77500.0, 7360.0], [77497.5, 4440.0], [77487.5, 50000.0], [77485.0, 4600.0], [77477.5, 24150.0], [77475.0, 4440.0], [77455.0, 4530.0], [77425.0, 15060.0], [77422.5, 20.0], [77362.5, 4530.0], [77360.0, 20.0], [77340.0, 4530.0], [77320.0, 500.0], [77307.5, 4440.0], [77300.0, 20.0]], "asks": [[77545.0, 4500.0], [77547.5, 20.0], [77557.5, 13270.0], [77560.0, 10120.0], [77567.5, 4440.0], [77582.5, 4600.0], [77590.0, 24990.0], [77592.5, 4430.0], [77602.5, 6530.0], [77607.5, 20.0], [77612.5, 4600.0], [77620.0, 14650.0], [77642.5, 4530.0], [77647.5, 23050.0], [77652.5, 4430.0], [77662.5, 4410.0], [77670.0, 20.0], [77675.0, 44440.0], [77682.5, 4560.0], [77687.5, 105000.0]]}}}
{"jsonrpc": "2.0", "method": "subscription", "params": {"channel": "book.BTC-14MAR25.none.20.100ms", "data": {"timestamp": 1741656283773, "change_id": 92141526852, "instrument_name": "BTC-14MAR25", "bids": [[77427.5, 9910.0], [77420.0, 50000.0], [77417.5, 4750.0], [77415.0, 4750.0], [77402.5, 1600.0], [77400.0, 15130.0], [77397.5, 10000.0], [77392.5, 120.0], [77387.5, 4680.0], [77380.0, 50000.0], [77377.5, 24880.0], [77375.0, 4680.0], [77370.0, 26180.0], [77360.0, 20.0], [77327.5, 4680.0], [77322.5, 1140.0], [77305.0, 4630.0], [77300.0, 20.0], [77257.5, 4630.0], [77237.5, 20.0]], "asks": [[77430.0, 4750.0], [77447.5, 4750.0], [77460.0, 4680.0], [77462.5, 12520.0], [77465.0, 1540.0], [77470.0, 10000.0], [77472.5, 4680.0], [77482.5, 9600.0], [77485.0, 30140.0], [77492.5, 4680.0], [77512.5, 4770.0], [77522.5, 4630.0], [77525.0, 29210.0], [77527.5, 2000.0], [77532.5, 4770.0], [77542.5, 4730.0], [77547.5, 20.0], [77582.5, 4770.0], [77585.0, 59160.0], [77590.0, 105000.0]]}}}
{"jsonrpc": "2.0", "method": "subscription", "params": {"channel": "book.BTC-21MAR25.none.20.100ms", "data": {"timestamp": 1741656283798, "change_id": 92141526845, "instrument_name": "BTC-21MAR25", "bids": [[77507.5, 8940.0], [77505.0, 79750.0], [77502.5, 28830.0], [77500.0, 7360.0], [77497.5, 54440.0], [77495.0, 120.0], [77485.0, 4600.0], [77477.5, 24150.0], [77475.0, 4440.0], [77455.0, 4530.0], [77425.0, 15060.0], [77422.5, 20.0], [77362.5, 4530.0], [77360.0, 20.0], [77340.0, 4530.0], [77320.0, 500.0], [77307.5, 4440.0], [77300.0, 20.0], [77280.0, 109440.0], [77270.0, 4440.0]], "asks": [[77547.5, 20.0], [77557.5, 4440.0], [77575.0, 120.0], [77582.5, 14600.0], [77592.5, 4430.0], [77602.5, 6530.0], [77607.5, 20.0], [77612.5, 4600.0], [77620.0, 14650.0], [77642.5, 4530.0], [77647.5, 23050.0], [77652.5, 4430.0], [77662.5, 4410.0], [77670.0, 20.0], [77675.0, 44440.0], [77682.5, 4560.0], [77687.5, 105000.0], [77692.5, 4530.0], [77712.5, 4430.0], [77730.0, 500.0]]}}}
{"jsonrpc": "2.0", "method": "subscription", "params": {"channel": "book.BTC-14MAR25.none.20.100ms", "data": {"timestamp": 1741656284085, "change_id": 92141527872, "instrument_name": "BTC-14MAR25", "bids": [[77430.0, 11510.0], [77427.5, 9840.0], [77422.5, 50000.0], [77420.0, 50000.0], [77412.5, 24820.0], [77410.0, 13530.0], [77402.5, 1720.0], [77400.0, 6280.0], [77397.5, 10000.0], [77387.5, 4680.0], [77375.0, 4680.0], [77370.0, 26180.0], [77360.0, 20.0], [77327.5, 35280.0], [77322.5, 1140.0], [77305.0, 4630.0], [77300.0, 20.0], [77257.5, 4630.0], [77237.5, 20.0], [77235.0, 4630.0]], "asks": [[77447.5, 4750.0], [77450.0, 13600.0], [77452.5, 120.0], [77460.0, 10000.0], [77465.0, 1420.0], [77467.5, 12520.0], [77472.5, 4680.0], [77482.5, 9600.0], [77485.0, 30140.0], [77492.5, 4680.0], [77495.0, 24590.0], [77512.5, 4770.0], [77522.5, 4630.0], [77525.0, 29210.0], [77527.5, 2000.0], [77530.0, 1140.0], [77532.5, 4770.0], [77542.5, 4730.0], [77547.5, 20.0], [77582.5, 4770.0]]}}}
{"jsonrpc": "2.0", "method": "subscription", "params": {"channel": "book.BTC-21MAR25.none.20.100ms", "data": {"timestamp": 1741656284127, "change_id": 92141527869, "instrument_name": "BTC-21MAR25", "bids": [[77520.0, 8940.0], [77515.0, 14500.0], [77512.5, 52690.0], [77507.5, 4560.0], [77505.0, 69750.0], [77500.0, 7360.0], [77497.5, 54440.0], [77485.0, 4600.0], [77475.0, 4440.0], [77455.0, 4530.0], [77425.0, 15060.0], [77422.5, 20.0], [77362.5, 4530.0], [77360.0, 20.0], [77340.0, 4530.0], [77320.0, 500.0], [77307.5, 4440.0], [77300.0, 20.0], [77280.0, 109440.0], [77270.0, 4440.0]], "asks": [[77547.5, 20.0], [77555.0, 8830.0], [77562.5, 120.0], [77567.5, 4440.0], [77570.0, 10000.0], [77582.5, 4600.0], [77592.5, 4430.0], [77595.0, 25000.0], [77602.5, 6530.0], [77607.5, 20.0], [77612.5, 4600.0], [77620.0, 14650.0], [77642.5, 4530.0], [77647.5, 23050.0], [77652.5, 4430.0], [77662.5, 4410.0], [77670.0, 20.0], [77675.0, 44440.0], [77682.5, 4560.0], [77687.5, 105000.0]]}}}
{"jsonrpc": "2.0", "method": "subscription", "params": {"channel": "book.BTC-14MAR25.none.20.100ms", "data": {"timestamp": 1741656284421, "change_id": 92141528374, "instrument_name": "BTC-14MAR25", "bids": [[77432.5, 9830.0], [77430.0, 9910.0], [77425.0, 1600.0], [77422.5, 50000.0], [77420.0, 50000.0], [77412.5, 24820.0], [77410.0, 8850.0], [77405.0, 69660.0], [77402.5, 120.0], [77400.0, 4680.0], [77397.5, 10000.0], [77387.5, 4680.0], [77375.0, 4680.0], [77370.0, 26180.0], [77360.0, 20.0], [77327.5, 35280.0], [77322.5, 1140.0], [77305.0, 4630.0], [77300.0, 20.0], [77257.5, 4630.0]], "asks": [[77437.5, 10.0], [77442.5, 1600.0], [77447.5, 4750.0], [77450.0, 13600.0], [77452.5, 120.0], [77460.0, 10000.0], [77462.5, 4680.0], [77465.0, 1420.0], [77467.5, 12520.0], [77472.5, 4680.0], [77482.5, 9600.0], [77485.0, 30140.0], [77492.5, 4680.0], [77495.0, 24590.0], [77512.5, 4770.0], [77522.5, 4630.0], [77525.0, 29210.0], [77527.5, 2000.0], [77530.0, 1140.0], [77532.5, 4770.0]]}}}
{"jsonrpc": "2.0", "method": "subscription", "params": {"channel": "book.BTC-21MAR25.none.20.100ms", "data": {"timestamp": 1741656284445, "change_id": 92141528379, "instrument_name": "BTC-21MAR25", "bids": [[77520.0, 4500.0], [77515.0, 14500.0], [77512.5, 52690.0], [77507.5, 4560.0], [77505.0, 69750.0], [77500.0, 57360.0], [77497.5, 4440.0], [77485.0, 4600.0], [77475.0, 4440.0], [77455.0, 4530.0], [77425.0, 15060.0], [77422.5, 20.0], [77362.5, 4530.0], [77360.0, 20.0], [77340.0, 4530.0], [77320.0, 500.0], [77307.5, 4440.0], [77300.0, 20.0], [77280.0, 109440.0], [77270.0, 4440.0]], "asks": [[77547.5, 4520.0], [77555.0, 8830.0], [77562.5, 120.0], [77567.5, 4440.0], [77570.0, 10000.0], [77582.5, 4600.0], [77592.5, 4430.0], [77595.0, 25000.0], [77602.5, 6530.0], [77607.5, 20.0], [77612.5, 4600.0], [77620.0, 14650.0], [77642.5, 4530.0], [77647.5, 23050.0], [77652.5, 4430.0], [77662.5, 4410.0], [77670.0, 20.0], [77675.0, 44440.0], [77682.5, 4560.0], [77687.5, 105000.0]]}}}
{"jsonrpc": "2.0", "method": "subscription", "params": {"channel": "book.BTC-14MAR25.none.20.100ms", "data": {"timestamp": 1741656284770, "change_id": 92141529324, "instrument_name": "BTC-14MAR25", "bids": [[77435.0, 1610.0], [77422.5, 50000.0], [77420.0, 50000.0], [77415.0, 4680.0], [77412.5, 24820.0], [77410.0, 8850.0], [77405.0, 69660.0], [77402.5, 120.0], [77400.0, 4680.0], [77397.5, 10000.0], [77387.5, 4680.0], [77375.0, 4680.0], [77370.0, 26180.0], [77360.0, 20.0], [77327.5, 35280.0], [77322.5, 1140.0], [77305.0, 4630.0], [77300.0, 20.0], [77257.5, 4630.0], [77237.5, 20.0]], "asks": [[77437.5, 4750.0], [77450.0, 8850.0], [77452.5, 120.0], [77460.0, 10000.0], [77462.5, 4680.0], [77465.0, 1420.0], [77467.5, 12520.0], [77472.5, 4680.0], [77482.5, 9600.0], [77485.0, 30140.0], [77492.5, 4680.0], [77500.0, 24490.0], [77512.5, 4770.0], [77522.5, 4630.0], [77525.0, 29210.0], [77527.5, 2000.0], [77530.0, 1140.0], [77532.5, 4770.0], [77542.5, 4730.0], [77547.5, 20.0]]}}}
{"jsonrpc": "2.0", "method": "subscription", "params": {"channel": "book.BTC-21MAR25.none.20.100ms", "data": {"timestamp": 1741656284755, "change_id": 92141529302, "instrument_name": "BTC-21MAR25", "bids": [[77517.5, 8940.0], [77515.0, 14500.0], [77512.5, 52690.0], [77507.5, 120.0], [77505.0, 69750.0], [77500.0, 57360.0], [77497.5, 4440.0], [77485.0, 4600.0], [77475.0, 4440.0], [77455.0, 4530.0], [77425.0, 15060.0], [77422.5, 20.0], [77362.5, 4530.0], [77360.0, 20.0], [77340.0, 4530.0], [77320.0, 500.0], [77307.5, 4440.0], [77300.0, 20.0], [77280.0, 109440.0], [77270.0, 4440.0]], "asks": [[77547.5, 20.0], [77555.0, 8830.0], [77562.5, 120.0], [77567.5, 4440.0], [77570.0, 10000.0], [77582.5, 4600.0], [77592.5, 4430.0], [77600.0, 25050.0], [77602.5, 6530.0], [77607.5, 20.0], [77612.5, 4600.0], [77620.0, 14650.0], [77642.5, 4530.0], [77647.5, 23050.0], [77652.5, 4430.0], [77662.5, 4410.0], [77670.0, 20.0], [77675.0, 44440.0], [77682.5, 4560.0], [77687.5, 105000.0]]}}}
{"jsonrpc": "2.0", "method": "subscription", "params": {"channel": "book.BTC-14MAR25.none.20.100ms", "data": {"timestamp": 1741656284996, "change_id": 92141529774, "instrument_name": "BTC-14MAR25", "bids": [[77435.0, 11430.0], [77422.5, 50000.0], [77420.0, 50000.0], [77412.5, 24820.0], [77410.0, 8850.0], [77405.0, 69660.0], [77402.5, 120.0], [77400.0, 4680.0], [77397.5, 10000.0], [77375.0, 4680.0], [77370.0, 26180.0], [77360.0, 20.0], [77327.5, 35280.0], [77322.5, 1140.0], [77305.0, 4630.0], [77300.0, 20.0], [77257.5, 4630.0], [77237.5, 20.0], [77235.0, 4630.0], [77232.5, 4750.0]], "asks": [[77442.5, 10.0], [77447.5, 6350.0], [77450.0, 8850.0], [77452.5, 120.0], [77460.0, 10000.0], [77462.5, 4680.0], [77465.0, 1420.0], [77467.5, 12520.0], [77472.5, 4680.0], [77482.5, 9600.0], [77485.0, 30140.0], [77492.5, 4680.0], [77500.0, 24490.0], [77512.5, 4770.0], [77522.5, 39630.0], [77525.0, 29210.0], [77527.5, 2000.0], [77530.0, 1140.0], [77532.5, 4770.0], [77542.5, 4730.0]]}}}
{"jsonrpc": "2.0", "method": "subscription", "params": {"channel": "book.BTC-21MAR25.none.20.100ms", "data": {"timestamp": 1741656285017, "change_id": 92141529820, "instrument_name": "BTC-21MAR25", "bids": [[77517.5, 4500.0], [77515.0, 14500.0], [77512.5, 52690.0], [77507.5, 4560.0], [77505.0, 69750.0], [77500.0, 57360.0], [77497.5, 4440.0], [77485.0, 4600.0], [77475.0, 4440.0], [77455.0, 4530.0], [77425.0, 15060.0], [77422.5, 20.0], [77362.5, 4530.0], [77360.0, 20.0], [77340.0, 4530.0], [77320.0, 500.0], [77307.5, 4440.0], [77300.0, 20.0], [77280.0, 109440.0], [77270.0, 4440.0]], "asks": [[77545.0, 4500.0], [77547.5, 20.0], [77555.0, 8830.0], [77562.5, 120.0], [77567.5, 4440.0], [77570.0, 10000.0], [77582.5, 4600.0], [77592.5, 4430.0], [77600.0, 25050.0], [77602.5, 6530.0], [77607.5, 20.0], [77612.5, 4600.0], [77615.0, 35000.0], [77620.0, 14650.0], [77642.5, 4530.0], [77647.5, 23050.0], [77652.5, 4430.0], [77662.5, 4410.0], [77670.0, 20.0], [77675.0, 44440.0]]}}}
{"jsonrpc": "2.0", "method": "subscription", "params": {"channel": "book.BTC-14MAR25.none.20.100ms", "data": {"timestamp": 1741656285430, "change_id": 92141532058, "instrument_name": "BTC-14MAR25", "bids": [[77450.0, 50000.0], [77440.0, 4750.0], [77437.5, 8850.0], [77427.5, 4680.0], [77422.5, 120.0], [77417.5, 10000.0], [77415.0, 54680.0], [77412.5, 24820.0], [77405.0, 69660.0], [77400.0, 4680.0], [77375.0, 4680.0], [77370.0, 26180.0], [77360.0, 20.0], [77327.5, 4680.0], [77322.5, 1140.0], [77305.0, 4630.0], [77300.0, 20.0], [77257.5, 4630.0], [77237.5, 20.0], [77235.0, 4630.0]], "asks": [[77460.0, 10.0], [77465.0, 20.0], [77470.0, 1600.0], [77472.5, 9970.0], [77477.5, 10000.0], [77485.0, 20.0], [77487.5, 12520.0], [77492.5, 4680.0], [77510.0, 30120.0], [77512.5, 4770.0], [77517.5, 24700.0], [77522.5, 39630.0], [77532.5, 4770.0], [77542.5, 4730.0], [77547.5, 20.0], [77555.0, 1140.0], [77557.5, 2000.0], [77562.5, 29210.0], [77582.5, 4770.0], [77585.0, 59160.0]]}}}
{"jsonrpc": "2.0", "method": "subscription", "params": {"channel": "book.BTC-21MAR25.none.20.100ms", "data": {"timestamp": 1741656285429, "change_id": 92141532019, "instrument_name": "BTC-21MAR25", "bids": [[77540.0, 4500.0], [77537.5, 30000.0], [77532.5, 8830.0], [77530.0, 9060.0], [77522.5, 7360.0], [77517.5, 4440.0], [77512.5, 23860.0], [77507.5, 54440.0], [77505.0, 69750.0], [77497.5, 4440.0], [77485.0, 4600.0], [77475.0, 4440.0], [77457.5, 15060.0], [77455.0, 4530.0], [77422.5, 20.0], [77362.5, 4530.0], [77360.0, 20.0], [77340.0, 4530.0], [77320.0, 500.0], [77307.5, 4440.0]], "asks": [[77547.5, 20.0], [77575.0, 8830.0], [77582.5, 4720.0], [77590.0, 10000.0], [77592.5, 4430.0], [77602.5, 4530.0], [77607.5, 20.0], [77612.5, 4600.0], [77617.5, 25040.0], [77635.0, 2000.0], [77642.5, 4530.0], [77650.0, 14650.0], [77652.5, 4430.0], [77662.5, 4410.0], [77670.0, 20.0], [77682.5, 27610.0], [77687.5, 105000.0], [77692.5, 4530.0], [77712.5, 4430.0], [77722.5, 44440.0]]}}}
{"jsonrpc": "2.0", "method": "subscription", "params": {"channel": "book.BTC-14MAR25.none.20.100ms", "data": {"timestamp": 1741656285780, "change_id": 92141533639, "instrument_name": "BTC-14MAR25", "bids": [[77440.0, 54750.0], [77437.5, 8850.0], [77427.5, 4680.0], [77422.5, 120.0], [77417.5, 10000.0], [77415.0, 54680.0], [77412.5, 24820.0], [77405.0, 69660.0], [77400.0, 4680.0], [77375.0, 4680.0], [77370.0, 26180.0], [77360.0, 20.0], [77330.0, 30600.0], [77327.5, 4680.0], [77322.5, 1140.0], [77305.0, 4630.0], [77300.0, 20.0], [77257.5, 4630.0], [77237.5, 20.0], [77235.0, 4630.0]], "asks": [[77460.0, 10.0], [77465.0, 20.0], [77470.0, 1600.0], [77472.5, 8970.0], [77477.5, 10000.0], [77480.0, 5680.0], [77485.0, 20.0], [77487.5, 12520.0], [77492.5, 4680.0], [77510.0, 30120.0], [77512.5, 4770.0], [77522.5, 39630.0], [77532.5, 4770.0], [77537.5, 24290.0], [77542.5, 4730.0], [77547.5, 20.0], [77555.0, 1140.0], [77557.5, 2000.0], [77562.5, 29210.0], [77582.5, 4770.0]]}}}
{"jsonrpc": "2.0", "method": "subscription", "params": {"channel": "book.BTC-21MAR25.none.20.100ms", "data": {"timestamp": 1741656285778, "change_id": 92141533625, "instrument_name": "BTC-21MAR25", "bids": [[77540.0, 4500.0], [77537.5, 34500.0], [77532.5, 8830.0], [77530.0, 120.0], [77527.5, 4440.0], [77522.5, 7360.0], [77517.5, 4440.0], [77512.5, 23860.0], [77507.5, 54440.0], [77505.0, 69750.0], [77485.0, 4600.0], [77475.0, 4440.0], [77457.5, 15060.0], [77455.0, 4530.0], [77422.5, 20.0], [77362.5, 4530.0], [77360.0, 20.0], [77340.0, 4530.0], [77320.0, 500.0], [77307.5, 4440.0]], "asks": [[77547.5, 20.0], [77575.0, 8830.0], [77582.5, 4720.0], [77590.0, 10000.0], [77602.5, 4530.0], [77607.5, 20.0], [77612.5, 4600.0], [77635.0, 2000.0], [77637.5, 25280.0], [77642.5, 4530.0], [77650.0, 14650.0], [77652.5, 4430.0], [77662.5, 4410.0], [77670.0, 20.0], [77682.5, 27610.0], [77687.5, 105000.0], [77692.5, 4530.0], [77712.5, 4430.0], [77722.5, 44440.0], [77730.0, 500.0]]}}}
{"jsonrpc": "2.0", "method": "subscription", "params": {"channel": "book.BTC-14MAR25.none.20.100ms", "data": {"timestamp": 1741656286083, "change_id": 92141534641, "instrument_name": "BTC-14MAR25", "bids": [[77440.0, 50000.0], [77427.5, 8850.0], [77422.5, 120.0], [77417.5, 10000.0], [77415.0, 79930.0], [77405.0, 69660.0], [77400.0, 4680.0], [77375.0, 4680.0], [77370.0, 26180.0], [77360.0, 20.0], [77332.5, 30600.0], [77327.5, 4680.0], [77322.5, 1140.0], [77305.0, 4630.0], [77300.0, 20.0], [77257.5, 4630.0], [77237.5, 20.0], [77235.0, 4630.0], [77232.5, 4750.0], [77225.0, 4770.0]], "asks": [[77452.5, 10.0], [77457.5, 4750.0], [77465.0, 4770.0], [77470.0, 1600.0], [77472.5, 8970.0], [77475.0, 4680.0], [77477.5, 10000.0], [77480.0, 1000.0], [77485.0, 20.0], [77487.5, 12520.0], [77492.5, 4680.0], [77510.0, 30120.0], [77512.5, 4770.0], [77522.5, 39630.0], [77532.5, 4770.0], [77537.5, 24290.0], [77542.5, 4730.0], [77547.5, 20.0], [77555.0, 1140.0], [77557.5, 2000.0]]}}}
{"jsonrpc": "2.0", "method": "subscription", "params": {"channel": "book.BTC-21MAR25.none.20.100ms", "data": {"timestamp": 1741656286055, "change_id": 92141534573, "instrument_name": "BTC-21MAR25", "bids": [[77535.0, 4500.0], [77532.5, 13330.0], [77530.0, 120.0], [77527.5, 20000.0], [77525.0, 10000.0], [77522.5, 7360.0], [77517.5, 4440.0], [77515.0, 24890.0], [77507.5, 54440.0], [77505.0, 69750.0], [77485.0, 4600.0], [77475.0, 4440.0], [77457.5, 15060.0], [77455.0, 4530.0], [77422.5, 20.0], [77362.5, 4530.0], [77360.0, 20.0], [77352.5, 105000.0], [77340.0, 4530.0], [77320.0, 500.0]], "asks": [[77547.5, 20.0], [77575.0, 8830.0], [77580.0, 10000.0], [77582.5, 4720.0], [77602.5, 4530.0], [77607.5, 20.0], [77612.5, 4600.0], [77635.0, 2000.0], [77637.5, 25280.0], [77642.5, 4530.0], [77650.0, 14650.0], [77652.5, 4430.0], [77662.5, 4410.0], [77670.0, 20.0], [77682.5, 27610.0], [77687.5, 105000.0], [77692.5, 4530.0], [77712.5, 4430.0], [77722.5, 44440.0], [77730.0, 500.0]]}}}
{"jsonrpc": "2.0", "method": "subscription", "params": {"channel": "book.BTC-14MAR25.none.20.100ms", "data": {"timestamp": 1741656286443, "change_id": 92141535555, "instrument_name": "BTC-14MAR25", "bids": [[77410.0, 120.0], [77405.0, 10000.0], [77400.0, 4680.0], [77395.0, 25010.0], [77377.5, 50000.0], [77375.0, 4680.0], [77370.0, 26180.0], [77360.0, 20.0], [77330.0, 30600.0], [77327.5, 4680.0], [77322.5, 1140.0], [77305.0, 4630.0], [77300.0, 20.0], [77257.5, 4630.0], [77237.5, 20.0], [77235.0, 4630.0], [77232.5, 4750.0], [77225.0, 4770.0], [77222.5, 3580.0], [77220.0, 105000.0]], "asks": [[77452.5, 10.0], [77457.5, 4750.0], [77460.0, 8850.0], [77462.5, 4800.0], [77465.0, 4770.0], [77467.5, 10000.0], [77472.5, 12520.0], [77475.0, 4680.0], [77480.0, 1000.0], [77485.0, 20.0], [77492.5, 4680.0], [77510.0, 30120.0], [77512.5, 4770.0], [77522.5, 39630.0], [77532.5, 4770.0], [77537.5, 24290.0], [77542.5, 4730.0], [77547.5, 20.0], [77555.0, 1140.0], [77562.5, 29210.0]]}}}
{"jsonrpc": "2.0", "method": "subscription", "params": {"channel": "book.BTC-21MAR25.none.20.100ms", "data": {"timestamp": 1741656286445, "change_id": 92141535558, "instrument_name": "BTC-21MAR25", "bids": [[77522.5, 7360.0], [77517.5, 20120.0], [77512.5, 10000.0], [77507.5, 4440.0], [77497.5, 54440.0], [77495.0, 25630.0], [77485.0, 4600.0], [77475.0, 4440.0], [77457.5, 15060.0], [77455.0, 4530.0], [77422.5, 20.0], [77362.5, 4530.0], [77360.0, 20.0], [77352.5, 105000.0], [77340.0, 4530.0], [77320.0, 500.0], [77307.5, 4440.0], [77300.0, 20.0], [77280.0, 4440.0], [77270.0, 4440.0]], "asks": [[77547.5, 4520.0], [77562.5, 8830.0], [77567.5, 4440.0], [77570.0, 10000.0], [77572.5, 120.0], [77582.5, 4600.0], [77602.5, 4530.0], [77607.5, 20.0], [77612.5, 4600.0], [77637.5, 25280.0], [77642.5, 4530.0], [77650.0, 14650.0], [77652.5, 4430.0], [77662.5, 4410.0], [77670.0, 20.0], [77682.5, 27610.0], [77687.5, 105000.0], [77692.5, 4530.0], [77712.5, 4430.0], [77722.5, 44440.0]]}}}
{"jsonrpc": "2.0", "method": "subscription", "params": {"channel": "book.BTC-14MAR25.none.20.100ms", "data": {"timestamp": 1741656286529, "change_id": 92141536830, "instrument_name": "BTC-14MAR25", "bids": [[77417.5, 10450.0], [77412.5, 6350.0], [77410.0, 50000.0], [77405.0, 10000.0], [77402.5, 75030.0], [77400.0, 4680.0], [77397.5, 120.0], [77375.0, 4680.0], [77370.0, 26180.0], [77360.0, 20.0], [77330.0, 30600.0], [77327.5, 4680.0], [77322.5, 1140.0], [77305.0, 4630.0], [77300.0, 20.0], [77257.5, 4630.0], [77237.5, 20.0], [77235.0, 4630.0], [77232.5, 4750.0], [77225.0, 4770.0]], "asks": [[77447.5, 6350.0], [77450.0, 10450.0], [77452.5, 130.0], [77457.5, 14750.0], [77462.5, 4680.0], [77465.0, 20.0], [77470.0, 12520.0], [77475.0, 4680.0], [77485.0, 20.0], [77487.5, 870.0], [77492.5, 4680.0], [77510.0, 30120.0], [77512.5, 4770.0], [77522.5, 64970.0], [77532.5, 4770.0], [77542.5, 4730.0], [77547.5, 20.0], [77555.0, 1140.0], [77562.5, 29210.0], [77582.5, 4770.0]]}}}
{"jsonrpc": "2.0", "method": "subscription", "params": {"channel": "book.BTC-21MAR25.none.20.100ms", "data": {"timestamp": 1741656286753, "change_id": 92141536812, "instrument_name": "BTC-21MAR25", "bids": [[77522.5, 7360.0], [77520.0, 23130.0], [77517.5, 20000.0], [77512.5, 18830.0], [77507.5, 4440.0], [77505.0, 120.0], [77502.5, 25100.0], [77497.5, 54440.0], [77485.0, 4600.0], [77475.0, 4440.0], [77457.5, 15060.0], [77455.0, 4530.0], [77422.5, 20.0], [77362.5, 4530.0], [77360.0, 20.0], [77352.5, 105000.0], [77340.0, 4530.0], [77320.0, 500.0], [77307.5, 4440.0], [77300.0, 20.0]], "asks": [[77547.5, 8960.0], [77552.5, 8830.0], [77560.0, 120.0], [77567.5, 4440.0], [77570.0, 10000.0], [77582.5, 4600.0], [77602.5, 4530.0], [77607.5, 20.0], [77612.5, 4600.0], [77622.5, 24710.0], [77642.5, 4530.0], [77650.0, 14650.0], [77652.5, 4430.0], [77662.5, 4410.0], [77670.0, 20.0], [77682.5, 27610.0], [77687.5, 105000.0], [77692.5, 4530.0], [77712.5, 4430.0], [77722.5, 44440.0]]}}}
{"jsonrpc": "2.0", "method": "subscription", "params": {"channel": "book.BTC-14MAR25.none.20.100ms", "data": {"timestamp": 1741656287104, "change_id": 92141538025, "instrument_name": "BTC-14MAR25", "bids": [[77412.5, 1610.0], [77407.5, 100000.0], [77402.5, 33880.0], [77397.5, 4800.0], [77392.5, 10000.0], [77375.0, 4680.0], [77370.0, 26180.0], [77365.0, 4680.0], [77360.0, 20.0], [77327.5, 4680.0], [77322.5, 1140.0], [77305.0, 4630.0], [77300.0, 20.0], [77257.5, 4630.0], [77237.5, 20.0], [77235.0, 4630.0], [77232.5, 4750.0], [77225.0, 4770.0], [77222.5, 3580.0], [77220.0, 105000.0]], "asks": [[77432.5, 4750.0], [77440.0, 4750.0], [77442.5, 120.0], [77447.5, 16350.0], [77450.0, 10450.0], [77455.0, 12520.0], [77462.5, 4680.0], [77465.0, 20.0], [77475.0, 4680.0], [77485.0, 20.0], [77487.5, 870.0], [77492.5, 4680.0], [77512.5, 4770.0], [77522.5, 64970.0], [77532.5, 4770.0], [77542.5, 4730.0], [77547.5, 20.0], [77555.0, 1140.0], [77562.5, 29210.0], [77582.5, 4770.0]]}}}
{"jsonrpc": "2.0", "method": "subscription", "params": {"channel": "book.BTC-21MAR25.none.20.100ms", "data": {"timestamp": 1741656287101, "change_id": 92141538004, "instrument_name": "BTC-21MAR25", "bids": [[77507.5, 8940.0], [77505.0, 20120.0], [77502.5, 33930.0], [77500.0, 10000.0], [77497.5, 54440.0], [77487.5, 7360.0], [77485.0, 4600.0], [77475.0, 4440.0], [77455.0, 4530.0], [77427.5, 15060.0], [77422.5, 20.0], [77362.5, 4530.0], [77360.0, 20.0], [77352.5, 105000.0], [77340.0, 4530.0], [77320.0, 500.0], [77307.5, 4440.0], [77300.0, 20.0], [77280.0, 4440.0], [77270.0, 4440.0]], "asks": [[77547.5, 4520.0], [77550.0, 120.0], [77552.5, 8830.0], [77557.5, 4440.0], [77560.0, 10000.0], [77567.5, 4440.0], [77582.5, 4600.0], [77602.5, 4530.0], [77607.5, 20.0], [77612.5, 4600.0], [77622.5, 24710.0], [77642.5, 4530.0], [77650.0, 14650.0], [77652.5, 4430.0], [77662.5, 4410.0], [77670.0, 20.0], [77682.5, 27610.0], [77687.5, 105000.0], [77692.5, 4530.0], [77712.5, 4430.0]]}}}
{"jsonrpc": "2.0", "method": "subscription", "params": {"channel": "book.BTC-14MAR25.none.20.100ms", "data": {"timestamp": 1741656287381, "change_id": 92141539051, "instrument_name": "BTC-14MAR25", "bids": [[77417.5, 9830.0], [77415.0, 54750.0], [77405.0, 8850.0], [77402.5, 25500.0], [77400.0, 50000.0], [77397.5, 4800.0], [77392.5, 10000.0], [77375.0, 4680.0], [77370.0, 26180.0], [77365.0, 4680.0], [77360.0, 20.0], [77327.5, 4680.0], [77322.5, 1140.0], [77307.5, 30600.0], [77305.0, 4630.0], [77300.0, 20.0], [77257.5, 4630.0], [77237.5, 20.0], [77235.0, 4630.0], [77232.5, 4750.0]], "asks": [[77430.0, 10.0], [77440.0, 4750.0], [77445.0, 8850.0], [77447.5, 4870.0], [77450.0, 14680.0], [77460.0, 12520.0], [77462.5, 4680.0], [77465.0, 20.0], [77475.0, 4680.0], [77485.0, 34820.0], [77487.5, 870.0], [77502.5, 24310.0], [77512.5, 4770.0], [77522.5, 39630.0], [77532.5, 4770.0], [77542.5, 4730.0], [77547.5, 20.0], [77555.0, 1140.0], [77562.5, 29210.0], [77582.5, 4770.0]]}}}
{"jsonrpc": "2.0", "method": "subscription", "params": {"channel": "book.BTC-21MAR25.none.20.100ms", "data": {"timestamp": 1741656287428, "change_id": 92141539109, "instrument_name": "BTC-21MAR25", "bids": [[77507.5, 8940.0], [77505.0, 28950.0], [77502.5, 74850.0], [77500.0, 54630.0], [77497.5, 4440.0], [77487.5, 7360.0], [77485.0, 4600.0], [77475.0, 4440.0], [77455.0, 4530.0], [77427.5, 15060.0], [77422.5, 20.0], [77362.5, 4530.0], [77360.0, 20.0], [77352.5, 105000.0], [77340.0, 4530.0], [77320.0, 500.0], [77307.5, 4440.0], [77300.0, 20.0], [77280.0, 4440.0], [77270.0, 4440.0]], "asks": [[77545.0, 8940.0], [77547.5, 20.0], [77550.0, 8830.0], [77557.5, 4560.0], [77560.0, 10000.0], [77567.5, 4440.0], [77582.5, 4600.0], [77602.5, 29320.0], [77607.5, 20.0], [77612.5, 4600.0], [77642.5, 4530.0], [77650.0, 14650.0], [77652.5, 4430.0], [77662.5, 4410.0], [77670.0, 20.0], [77682.5, 27610.0], [77687.5, 105000.0], [77692.5, 4530.0], [77712.5, 4430.0], [77722.5, 44440.0]]}}}
{"jsonrpc": "2.0", "method": "subscription", "params": {"channel": "book.BTC-14MAR25.none.20.100ms", "data": {"timestamp": 1741656287755, "change_id": 92141540060, "instrument_name": "BTC-14MAR25", "bids": [[77417.5, 4750.0], [77415.0, 50000.0], [77405.0, 63530.0], [77402.5, 25500.0], [77397.5, 120.0], [77395.0, 4680.0], [77392.5, 10000.0], [77375.0, 4680.0], [77370.0, 26180.0], [77365.0, 4680.0], [77360.0, 20.0], [77327.5, 4680.0], [77322.5, 1140.0], [77307.5, 30600.0], [77305.0, 4630.0], [77300.0, 20.0], [77257.5, 4630.0], [77237.5, 20.0], [77235.0, 4630.0], [77232.5, 4750.0]], "asks": [[77437.5, 120.0], [77445.0, 8850.0], [77450.0, 10000.0], [77460.0, 12520.0], [77462.5, 4680.0], [77465.0, 20.0], [77475.0, 4680.0], [77485.0, 34820.0], [77487.5, 870.0], [77502.5, 24310.0], [77512.5, 4770.0], [77522.5, 39630.0], [77532.5, 4770.0], [77542.5, 4730.0], [77547.5, 20.0], [77555.0, 1140.0], [77562.5, 29210.0], [77582.5, 4770.0], [77585.0, 59160.0], [77590.0, 105000.0]]}}}
{"jsonrpc": "2.0", "method": "subscription", "params": {"channel": "book.BTC-21MAR25.none.20.100ms", "data": {"timestamp": 1741656287644, "change_id": 92141539855, "instrument_name": "BTC-21MAR25", "bids": [[77507.5, 8940.0], [77505.0, 28950.0], [77502.5, 74850.0], [77500.0, 54630.0], [77497.5, 4440.0], [77487.5, 7360.0], [77485.0, 4600.0], [77475.0, 4440.0], [77455.0, 4530.0], [77427.5, 15060.0], [77422.5, 20.0], [77362.5, 4530.0], [77360.0, 20.0], [77352.5, 105000.0], [77340.0, 4530.0], [77320.0, 500.0], [77307.5, 4440.0], [77300.0, 20.0], [77280.0, 4440.0], [77270.0, 4440.0]], "asks": [[77545.0, 4500.0], [77547.5, 140.0], [77550.0, 8830.0], [77557.5, 4440.0], [77560.0, 10000.0], [77567.5, 4440.0], [77582.5, 4600.0], [77602.5, 29320.0], [77607.5, 20.0], [77612.5, 4600.0], [77642.5, 4530.0], [77650.0, 14650.0], [77652.5, 4430.0], [77662.5, 4410.0], [77670.0, 20.0], [77682.5, 27610.0], [77687.5, 105000.0], [77692.5, 4530.0], [77712.5, 4430.0], [77722.5, 44440.0]]}}}
{"jsonrpc": "2.0", "method": "subscription", "params": {"channel": "book.BTC-14MAR25.none.20.100ms", "data": {"timestamp": 1741656288057, "change_id": 92141540741, "instrument_name": "BTC-14MAR25", "bids": [[77417.5, 9830.0], [77415.0, 50000.0], [77405.0, 58850.0], [77402.5, 25500.0], [77397.5, 120.0], [77395.0, 11490.0], [77392.5, 10000.0], [77375.0, 4680.0], [77370.0, 26180.0], [77365.0, 4680.0], [77360.0, 20.0], [77327.5, 4680.0], [77322.5, 1140.0], [77307.5, 30600.0], [77305.0, 4630.0], [77300.0, 20.0], [77257.5, 4630.0], [77237.5, 20.0], [77235.0, 4630.0], [77232.5, 4750.0]], "asks": [[77437.5, 4760.0], [77445.0, 8850.0], [77447.5, 4680.0], [77450.0, 10120.0], [77460.0, 12520.0], [77462.5, 4680.0], [77465.0, 20.0], [77475.0, 4680.0], [77485.0, 34820.0], [77487.5, 870.0], [77502.5, 24310.0], [77512.5, 4770.0], [77522.5, 39630.0], [77530.0, 2000.0], [77532.5, 4770.0], [77542.5, 4730.0], [77547.5, 20.0], [77555.0, 1140.0], [77562.5, 29210.0], [77582.5, 4770.0]]}}}
{"jsonrpc": "2.0", "method": "subscription", "params": {"channel": "book.BTC-21MAR25.none.20.100ms", "data": {"timestamp": 1741656288052, "change_id": 92141540727, "instrument_name": "BTC-21MAR25", "bids": [[77507.5, 4500.0], [77505.0, 28950.0], [77502.5, 74850.0], [77500.0, 54630.0], [77497.5, 4440.0], [77487.5, 7360.0], [77475.0, 4440.0], [77455.0, 4530.0], [77427.5, 15060.0], [77422.5, 20.0], [77362.5, 4530.0], [77360.0, 20.0], [77352.5, 105000.0], [77340.0, 4530.0], [77320.0, 500.0], [77307.5, 4440.0], [77300.0, 20.0], [77280.0, 4440.0], [77270.0, 4440.0], [77260.0, 50000.0]], "asks": [[77545.0, 8940.0], [77547.5, 20.0], [77550.0, 8950.0], [77557.5, 4440.0], [77560.0, 10000.0], [77582.5, 4600.0], [77602.5, 29320.0], [77607.5, 2020.0], [77612.5, 4600.0], [77642.5, 4530.0], [77650.0, 14650.0], [77652.5, 4430.0], [77662.5, 4410.0], [77670.0, 20.0], [77682.5, 27610.0], [77687.5, 105000.0], [77692.5, 4530.0], [77712.5, 4430.0], [77722.5, 44440.0], [77730.0, 500.0]]}}}
{"jsonrpc": "2.0", "method": "subscription", "params": {"channel": "book.BTC-14MAR25.none.20.100ms", "data": {"timestamp": 1741656288418, "change_id": 92141541354, "instrument_name": "BTC-14MAR25", "bids": [[77420.0, 1600.0], [77417.5, 1600.0], [77415.0, 50000.0], [77405.0, 58850.0], [77402.5, 25500.0], [77397.5, 4800.0], [77392.5, 10000.0], [77375.0, 4680.0], [77370.0, 26180.0], [77365.0, 4680.0], [77360.0, 20.0], [77327.5, 4680.0], [77322.5, 1140.0], [77310.0, 30600.0], [77305.0, 4630.0], [77300.0, 20.0], [77257.5, 4630.0], [77237.5, 20.0], [77235.0, 4630.0], [77232.5, 4750.0]], "asks": [[77437.5, 6360.0], [77440.0, 120.0], [77445.0, 8850.0], [77450.0, 10000.0], [77460.0, 12520.0], [77462.5, 4680.0], [77465.0, 20.0], [77475.0, 4680.0], [77485.0, 34820.0], [77487.5, 870.0], [77490.0, 24830.0], [77512.5, 4770.0], [77522.5, 39630.0], [77530.0, 2000.0], [77532.5, 4770.0], [77542.5, 4730.0], [77547.5, 20.0], [77555.0, 1140.0], [77562.5, 29210.0], [77582.5, 4770.0]]}}}
{"jsonrpc": "2.0", "method": "subscription", "params": {"channel": "book.BTC-21MAR25.none.20.100ms", "data": {"timestamp": 1741656288423, "change_id": 92141541363, "instrument_name": "BTC-21MAR25", "bids": [[77507.5, 8940.0], [77505.0, 28950.0], [77502.5, 74850.0], [77500.0, 10000.0], [77497.5, 4440.0], [77487.5, 7360.0], [77475.0, 4440.0], [77455.0, 4530.0], [77427.5, 15060.0], [77422.5, 20.0], [77362.5, 4530.0], [77360.0, 20.0], [77352.5, 105000.0], [77340.0, 4530.0], [77320.0, 500.0], [77307.5, 4440.0], [77300.0, 20.0], [77280.0, 4440.0], [77270.0, 4440.0], [77260.0, 50000.0]], "asks": [[77545.0, 7400.0], [77547.5, 20.0], [77550.0, 18950.0], [77557.5, 4440.0], [77582.5, 4600.0], [77590.0, 25080.0], [77602.5, 4530.0], [77607.5, 37020.0], [77612.5, 4600.0], [77642.5, 4530.0], [77650.0, 14650.0], [77652.5, 4430.0], [77662.5, 4410.0], [77670.0, 20.0], [77682.5, 27610.0], [77687.5, 105000.0], [77692.5, 4530.0], [77712.5, 4430.0], [77722.5, 44440.0], [77730.0, 500.0]]}}}
{"jsonrpc": "2.0", "method": "subscription", "params": {"channel": "book.BTC-14MAR25.none.20.100ms", "data": {"timestamp": 1741656288757, "change_id": 92141542969, "instrument_name": "BTC-14MAR25", "bids": [[77437.5, 11030.0], [77435.0, 10.0], [77432.5, 8850.0], [77430.0, 4750.0], [77427.5, 50000.0], [77422.5, 9430.0], [77420.0, 1600.0], [77412.5, 4680.0], [77405.0, 50000.0], [77402.5, 77400.0], [77397.5, 4800.0], [77392.5, 10000.0], [77375.0, 4680.0], [77370.0, 26180.0], [77365.0, 4680.0], [77360.0, 20.0], [77345.0, 30600.0], [77327.5, 4680.0], [77322.5, 1140.0], [77305.0, 4630.0]], "asks": [[77465.0, 20.0], [77482.5, 12520.0], [77485.0, 4700.0], [77487.5, 870.0], [77510.0, 30120.0], [77512.5, 4770.0], [77515.0, 24540.0], [77522.5, 39630.0], [77530.0, 2000.0], [77532.5, 4770.0], [77542.5, 4730.0], [77547.5, 20.0], [77562.5, 29210.0], [77582.5, 4770.0], [77585.0, 59160.0], [77590.0, 105000.0], [77592.5, 4680.0], [77600.0, 4750.0], [77602.5, 4690.0], [77607.5, 20.0]]}}}
{"jsonrpc": "2.0", "method": "subscription", "params": {"channel": "book.BTC-21MAR25.none.20.100ms", "data": {"timestamp": 1741656288743, "change_id": 92141542916, "instrument_name": "BTC-21MAR25", "bids": [[77535.0, 8940.0], [77532.5, 8830.0], [77520.0, 7360.0], [77517.5, 120.0], [77507.5, 60910.0], [77502.5, 74850.0], [77500.0, 10000.0], [77497.5, 4440.0], [77475.0, 4440.0], [77457.5, 15060.0], [77455.0, 4530.0], [77422.5, 20.0], [77362.5, 4530.0], [77360.0, 20.0], [77352.5, 105000.0], [77340.0, 4530.0], [77320.0, 500.0], [77307.5, 4440.0], [77300.0, 20.0], [77280.0, 4440.0]], "asks": [[77547.5, 20.0], [77582.5, 4600.0], [77602.5, 4530.0], [77607.5, 2020.0], [77612.5, 4600.0], [77615.0, 24520.0], [77642.5, 4530.0], [77650.0, 14650.0], [77652.5, 4430.0], [77662.5, 4410.0], [77670.0, 20.0], [77682.5, 27610.0], [77687.5, 105000.0], [77692.5, 4530.0], [77712.5, 4430.0], [77722.5, 44440.0], [77730.0, 500.0], [77732.5, 4550.0], [77737.5, 45240.0], [77742.5, 4430.0]]}}}
{"jsonrpc": "2.0", "method": "subscription", "params": {"channel": "book.BTC-14MAR25.none.20.100ms", "data": {"timestamp": 1741656289018, "change_id": 92141544065, "instrument_name": "BTC-14MAR25", "bids": [[77452.5, 4750.0], [77450.0, 10.0], [77445.0, 1600.0], [77440.0, 61500.0], [77437.5, 9430.0], [77432.5, 8850.0], [77430.0, 50000.0], [77422.5, 19430.0], [77420.0, 120.0], [77412.5, 4680.0], [77402.5, 25500.0], [77397.5, 4680.0], [77375.0, 4680.0], [77370.0, 26180.0], [77365.0, 4680.0], [77360.0, 20.0], [77350.0, 30600.0], [77327.5, 4680.0], [77322.5, 1140.0], [77305.0, 4630.0]], "asks": [[77465.0, 20.0], [77475.0, 8970.0], [77480.0, 10000.0], [77485.0, 20.0], [77487.5, 870.0], [77492.5, 12520.0], [77495.0, 4680.0], [77510.0, 30120.0], [77512.5, 4770.0], [77522.5, 39630.0], [77525.0, 24270.0], [77532.5, 4770.0], [77542.5, 4730.0], [77547.5, 20.0], [77557.5, 1140.0], [77560.0, 2000.0], [77562.5, 29210.0], [77582.5, 4770.0], [77585.0, 59160.0], [77590.0, 105000.0]]}}}
{"jsonrpc": "2.0", "method": "subscription", "params": {"channel": "book.BTC-21MAR25.none.20.100ms", "data": {"timestamp": 1741656289085, "change_id": 92141544045, "instrument_name": "BTC-21MAR25", "bids": [[77535.0, 8940.0], [77532.5, 28830.0], [77530.0, 10000.0], [77527.5, 120.0], [77520.0, 7360.0], [77510.0, 50000.0], [77507.5, 60910.0], [77502.5, 24850.0], [77497.5, 4440.0], [77475.0, 4440.0], [77457.5, 15060.0], [77455.0, 4530.0], [77422.5, 20.0], [77362.5, 4530.0], [77360.0, 20.0], [77352.5, 105000.0], [77340.0, 4530.0], [77320.0, 500.0], [77307.5, 4440.0], [77300.0, 20.0]], "asks": [[77547.5, 20.0], [77577.5, 8830.0], [77582.5, 4600.0], [77585.0, 120.0], [77590.0, 10000.0], [77602.5, 4530.0], [77607.5, 20.0], [77612.5, 4600.0], [77625.0, 24660.0], [77640.0, 2000.0], [77642.5, 4530.0], [77650.0, 14650.0], [77652.5, 4430.0], [77662.5, 4410.0], [77670.0, 20.0], [77682.5, 27610.0], [77687.5, 105000.0], [77692.5, 4530.0], [77712.5, 4430.0], [77722.5, 44440.0]]}}}
{"jsonrpc": "2.0", "method": "subscription", "params": {"channel": "book.BTC-14MAR25.none.20.100ms", "data": {"timestamp": 1741656289419, "change_id": 92141545177, "instrument_name": "BTC-14MAR25", "bids": [[77452.5, 1600.0], [77450.0, 50000.0], [77440.0, 1600.0], [77437.5, 4750.0], [77432.5, 8850.0], [77430.0, 50000.0], [77422.5, 19430.0], [77420.0, 120.0], [77412.5, 4680.0], [77402.5, 25500.0], [77375.0, 4680.0], [77370.0, 26180.0], [77365.0, 4680.0], [77360.0, 20.0], [77350.0, 30600.0], [77327.5, 4680.0], [77322.5, 1140.0], [77305.0, 4630.0], [77300.0, 20.0], [77257.5, 4630.0]], "asks": [[77455.0, 10.0], [77460.0, 4750.0], [77465.0, 20.0], [77472.5, 1600.0], [77475.0, 8970.0], [77480.0, 10000.0], [77485.0, 4700.0], [77487.5, 870.0], [77492.5, 12520.0], [77495.0, 4680.0], [77510.0, 30120.0], [77522.5, 4630.0], [77525.0, 24270.0], [77532.5, 4770.0], [77542.5, 4730.0], [77547.5, 20.0], [77557.5, 1140.0], [77560.0, 2000.0], [77562.5, 29210.0], [77582.5, 4770.0]]}}}
{"jsonrpc": "2.0", "method": "subscription", "params": {"channel": "book.BTC-21MAR25.none.20.100ms", "data": {"timestamp": 1741656289303, "change_id": 92141544920, "instrument_name": "BTC-21MAR25", "bids": [[77535.0, 4500.0], [77532.5, 28830.0], [77530.0, 10000.0], [77527.5, 120.0], [77525.0, 4440.0], [77520.0, 7360.0], [77510.0, 50000.0], [77507.5, 60910.0], [77502.5, 24850.0], [77497.5, 4440.0], [77475.0, 4440.0], [77457.5, 15060.0], [77455.0, 4530.0], [77422.5, 20.0], [77362.5, 4530.0], [77360.0, 20.0], [77352.5, 105000.0], [77340.0, 4530.0], [77320.0, 500.0], [77307.5, 4440.0]], "asks": [[77547.5, 20.0], [77577.5, 8830.0], [77582.5, 4600.0], [77585.0, 120.0], [77590.0, 10000.0], [77602.5, 4530.0], [77607.5, 20.0], [77612.5, 4600.0], [77625.0, 24660.0], [77640.0, 2000.0], [77642.5, 4530.0], [77650.0, 14650.0], [77652.5, 4430.0], [77662.5, 4410.0], [77670.0, 20.0], [77682.5, 27610.0], [77687.5, 105000.0], [77692.5, 4530.0], [77712.5, 4430.0], [77722.5, 44440.0]]}}}
{"jsonrpc": "2.0", "method": "subscription", "params": {"channel": "book.BTC-14MAR25.none.20.100ms", "data": {"timestamp": 1741656289695, "change_id": 92141545952, "instrument_name": "BTC-14MAR25", "bids": [[77452.5, 19740.0], [77450.0, 50000.0], [77440.0, 51600.0], [77437.5, 41470.0], [77432.5, 13530.0], [77422.5, 19430.0], [77420.0, 120.0], [77412.5, 4680.0], [77402.5, 25500.0], [77375.0, 4680.0], [77370.0, 26180.0], [77365.0, 4680.0], [77360.0, 20.0], [77350.0, 30600.0], [77327.5, 4680.0], [77322.5, 1140.0], [77305.0, 4630.0], [77300.0, 20.0], [77257.5, 4630.0], [77237.5, 20.0]], "asks": [[77465.0, 20.0], [77472.5, 1600.0], [77475.0, 8970.0], [77480.0, 10000.0], [77485.0, 4700.0], [77487.5, 870.0], [77492.5, 12520.0], [77495.0, 4680.0], [77510.0, 30120.0], [77522.5, 4630.0], [77525.0, 24270.0], [77532.5, 4770.0], [77542.5, 4730.0], [77547.5, 20.0], [77557.5, 1140.0], [77560.0, 2000.0], [77562.5, 29210.0], [77582.5, 4770.0], [77585.0, 59160.0], [77590.0, 105000.0]]}}}
{"jsonrpc": "2.0", "method": "subscription", "params": {"channel": "book.BTC-21MAR25.none.20.100ms", "data": {"timestamp": 1741656289521, "change_id": 92141545465, "instrument_name": "BTC-21MAR25", "bids": [[77535.0, 8940.0], [77532.5, 28830.0], [77530.0, 10000.0], [77527.5, 120.0], [77525.0, 4440.0], [77520.0, 7360.0], [77510.0, 50000.0], [77507.5, 8940.0], [77502.5, 24850.0], [77497.5, 4440.0], [77475.0, 4440.0], [77457.5, 15060.0], [77455.0, 4530.0], [77422.5, 20.0], [77362.5, 4530.0], [77360.0, 20.0], [77352.5, 105000.0], [77340.0, 4530.0], [77320.0, 500.0], [77307.5, 4440.0]], "asks": [[77547.5, 20.0], [77577.5, 8830.0], [77582.5, 4600.0], [77585.0, 120.0], [77590.0, 10000.0], [77602.5, 4530.0], [77607.5, 20.0], [77612.5, 4600.0], [77625.0, 24660.0], [77640.0, 2000.0], [77642.5, 4530.0], [77650.0, 14650.0], [77652.5, 4430.0], [77662.5, 4410.0], [77670.0, 20.0], [77682.5, 27610.0], [77687.5, 105000.0], [77692.5, 4530.0], [77712.5, 4430.0], [77722.5, 44440.0]]}}}
{"jsonrpc": "2.0", "method": "subscription", "params": {"channel": "book.BTC-14MAR25.none.20.100ms", "data": {"timestamp": 1741656290082, "change_id": 92141546626, "instrument_name": "BTC-14MAR25", "bids": [[77452.5, 14580.0], [77450.0, 50000.0], [77442.5, 8850.0], [77440.0, 51600.0], [77437.5, 41470.0], [77432.5, 4680.0], [77422.5, 19430.0], [77420.0, 120.0], [77412.5, 4680.0], [77402.5, 25500.0], [77375.0, 4680.0], [77370.0, 26180.0], [77365.0, 4680.0], [77360.0, 20.0], [77352.5, 30600.0], [77327.5, 4680.0], [77322.5, 1140.0], [77305.0, 4630.0], [77300.0, 20.0], [77257.5, 4630.0]], "asks": [[77465.0, 30.0], [77475.0, 8970.0], [77480.0, 10000.0], [77485.0, 20.0], [77487.5, 870.0], [77492.5, 12520.0], [77495.0, 4680.0], [77510.0, 30120.0], [77522.5, 4630.0], [77525.0, 24270.0], [77532.5, 4770.0], [77542.5, 4730.0], [77547.5, 20.0], [77557.5, 1140.0], [77560.0, 2000.0], [77562.5, 29210.0], [77582.5, 4770.0], [77585.0, 59160.0], [77590.0, 105000.0], [77592.5, 4680.0]]}}}
{"jsonrpc": "2.0", "method": "subscription", "params": {"channel": "book.BTC-21MAR25.none.20.100ms", "data": {"timestamp": 1741656290051, "change_id": 92141546585, "instrument_name": "BTC-21MAR25", "bids": [[77545.0, 4500.0], [77542.5, 28830.0], [77540.0, 4500.0], [77537.5, 56580.0], [77535.0, 4440.0], [77530.0, 10000.0], [77527.5, 120.0], [77525.0, 54440.0], [77520.0, 7360.0], [77507.5, 4440.0], [77502.5, 24850.0], [77497.5, 4440.0], [77475.0, 4440.0], [77457.5, 15060.0], [77455.0, 4530.0], [77422.5, 20.0], [77362.5, 4530.0], [77360.0, 20.0], [77352.5, 105000.0], [77340.0, 4530.0]], "asks": [[77547.5, 20.0], [77577.5, 8830.0], [77580.0, 10000.0], [77582.5, 4600.0], [77585.0, 120.0], [77602.5, 4530.0], [77607.5, 20.0], [77612.5, 4600.0], [77625.0, 24660.0], [77640.0, 2000.0], [77642.5, 4530.0], [77650.0, 14650.0], [77652.5, 4430.0], [77662.5, 4410.0], [77670.0, 20.0], [77682.5, 27610.0], [77687.5, 105000.0], [77692.5, 4530.0], [77712.5, 4430.0], [77722.5, 44440.0]]}}}
{"jsonrpc": "2.0", "method": "subscription", "params": {"channel": "book.BTC-14MAR25.none.20.100ms", "data": {"timestamp": 1741656290399, "change_id": 92141547107, "instrument_name": "BTC-14MAR25", "bids": [[77457.5, 1600.0], [77455.0, 1600.0], [77450.0, 54750.0], [77442.5, 8850.0], [77440.0, 51600.0], [77437.5, 41470.0], [77432.5, 4680.0], [77422.5, 14680.0], [77420.0, 120.0], [77412.5, 4680.0], [77402.5, 25500.0], [77375.0, 4680.0], [77370.0, 26180.0], [77365.0, 4680.0], [77360.0, 20.0], [77350.0, 30600.0], [77327.5, 4680.0], [77322.5, 1140.0], [77305.0, 4630.0], [77300.0, 20.0]], "asks": [[77465.0, 30.0], [77472.5, 1600.0], [77475.0, 8970.0], [77480.0, 10000.0], [77485.0, 20.0], [77487.5, 870.0], [77492.5, 12520.0], [77495.0, 4680.0], [77510.0, 30120.0], [77522.5, 4630.0], [77525.0, 24270.0], [77532.5, 4770.0], [77542.5, 4730.0], [77547.5, 20.0], [77557.5, 1140.0], [77560.0, 2000.0], [77562.5, 29210.0], [77582.5, 4770.0], [77585.0, 59160.0], [77590.0, 105000.0]]}}}
{"jsonrpc": "2.0", "method": "subscription", "params": {"channel": "book.BTC-21MAR25.none.20.100ms", "data": {"timestamp": 1741656290118, "change_id": 92141546667, "instrument_name": "BTC-21MAR25", "bids": [[77545.0, 4500.0], [77542.5, 28830.0], [77540.0, 4500.0], [77537.5, 56580.0], [77535.0, 4440.0], [77530.0, 10000.0], [77527.5, 120.0], [77525.0, 54440.0], [77520.0, 7360.0], [77507.5, 4440.0], [77502.5, 24850.0], [77475.0, 4440.0], [77457.5, 15060.0], [77455.0, 4530.0], [77422.5, 20.0], [77362.5, 4530.0], [77360.0, 20.0], [77352.5, 105000.0], [77340.0, 4530.0], [77320.0, 500.0]], "asks": [[77547.5, 20.0], [77577.5, 8830.0], [77580.0, 10000.0], [77582.5, 4600.0], [77585.0, 120.0], [77602.5, 4530.0], [77607.5, 20.0], [77612.5, 4600.0], [77625.0, 24660.0], [77640.0, 2000.0], [77642.5, 4530.0], [77650.0, 14650.0], [77662.5, 4410.0], [77670.0, 20.0], [77682.5, 27610.0], [77687.5, 105000.0], [77692.5, 4530.0], [77712.5, 4430.0], [77722.5, 44440.0], [77730.0, 500.0]]}}}
{"jsonrpc": "2.0", "method": "subscription", "params": {"channel": "book.BTC-14MAR25.none.20.100ms", "data": {"timestamp": 1741656290576, "change_id": 92141547795, "instrument_name": "BTC-14MAR25", "bids": [[77462.5, 1600.0], [77457.5, 1600.0], [77450.0, 54750.0], [77442.5, 8850.0], [77440.0, 51600.0], [77437.5, 41470.0], [77432.5, 4680.0], [77422.5, 14680.0], [77420.0, 120.0], [77412.5, 4680.0], [77402.5, 25500.0], [77375.0, 4680.0], [77370.0, 26180.0], [77365.0, 4680.0], [77360.0, 20.0], [77350.0, 30600.0], [77327.5, 4680.0], [77322.5, 1140.0], [77305.0, 4630.0], [77300.0, 20.0]], "asks": [[77465.0, 30.0], [77475.0, 8970.0], [77480.0, 10000.0], [77485.0, 20.0], [77487.5, 870.0], [77492.5, 12520.0], [77495.0, 4680.0], [77510.0, 30120.0], [77522.5, 4630.0], [77525.0, 24270.0], [77532.5, 4770.0], [77542.5, 4730.0], [77547.5, 20.0], [77557.5, 1140.0], [77560.0, 2000.0], [77562.5, 29210.0], [77582.5, 4770.0], [77585.0, 59160.0], [77590.0, 105000.0], [77592.5, 4680.0]]}}}
{"jsonrpc": "2.0", "method": "subscription", "params": {"channel": "book.BTC-21MAR25.none.20.100ms", "data": {"timestamp": 1741656290474, "change_id": 92141547273, "instrument_name": "BTC-21MAR25", "bids": [[77545.0, 8940.0], [77542.5, 28830.0], [77540.0, 4500.0], [77537.5, 56580.0], [77535.0, 4440.0], [77530.0, 10000.0], [77527.5, 120.0], [77525.0, 54440.0], [77520.0, 7360.0], [77507.5, 4440.0], [77502.5, 24850.0], [77475.0, 4440.0], [77457.5, 15060.0], [77455.0, 4530.0], [77422.5, 20.0], [77362.5, 4530.0], [77360.0, 20.0], [77352.5, 105000.0], [77340.0, 4530.0], [77320.0, 500.0]], "asks": [[77547.5, 20.0], [77577.5, 8830.0], [77580.0, 10000.0], [77582.5, 4600.0], [77585.0, 120.0], [77602.5, 4530.0], [77607.5, 20.0], [77612.5, 4600.0], [77625.0, 24660.0], [77640.0, 2000.0], [77642.5, 4530.0], [77650.0, 14650.0], [77662.5, 4410.0], [77670.0, 20.0], [77682.5, 27610.0], [77687.5, 105000.0], [77692.5, 4530.0], [77712.5, 4430.0], [77722.5, 44440.0], [77730.0, 500.0]]}}}
{"jsonrpc": "2.0", "method": "subscription", "params": {"channel": "book.BTC-14MAR25.none.20.100ms", "data": {"timestamp": 1741656291080, "change_id": 92141548491, "instrument_name": "BTC-14MAR25", "bids": [[77450.0, 50000.0], [77440.0, 51600.0], [77437.5, 41470.0], [77432.5, 13530.0], [77422.5, 14680.0], [77420.0, 120.0], [77412.5, 4680.0], [77402.5, 25500.0], [77375.0, 4680.0], [77370.0, 26180.0], [77365.0, 4680.0], [77360.0, 20.0], [77350.0, 30600.0], [77327.5, 4680.0], [77322.5, 1140.0], [77305.0, 4630.0], [77300.0, 20.0], [77257.5, 4630.0], [77237.5, 20.0], [77235.0, 4630.0]], "asks": [[77460.0, 10.0], [77465.0, 4770.0], [77470.0, 10000.0], [77475.0, 8970.0], [77485.0, 4700.0], [77487.5, 870.0], [77492.5, 12520.0], [77495.0, 4680.0], [77510.0, 30120.0], [77522.5, 4630.0], [77525.0, 24270.0], [77532.5, 4770.0], [77542.5, 4730.0], [77547.5, 20.0], [77557.5, 1140.0], [77560.0, 2000.0], [77562.5, 29210.0], [77582.5, 4770.0], [77585.0, 59160.0], [77590.0, 105000.0]]}}}
{"jsonrpc": "2.0", "method": "subscription", "params": {"channel": "book.BTC-21MAR25.none.20.100ms", "data": {"timestamp": 1741656291073, "change_id": 92141548476, "instrument_name": "BTC-21MAR25", "bids": [[77542.5, 20000.0], [77540.0, 4500.0], [77537.5, 56580.0], [77535.0, 8830.0], [77530.0, 10000.0], [77527.5, 120.0], [77525.0, 54440.0], [77520.0, 7360.0], [77507.5, 4440.0], [77502.5, 24850.0], [77475.0, 4440.0], [77457.5, 15060.0], [77455.0, 4530.0], [77422.5, 20.0], [77362.5, 4530.0], [77360.0, 20.0], [77352.5, 105000.0], [77340.0, 4530.0], [77320.0, 500.0], [77307.5, 4440.0]], "asks": [[77547.5, 20.0], [77575.0, 120.0], [77577.5, 8830.0], [77580.0, 10000.0], [77582.5, 4600.0], [77602.5, 4530.0], [77607.5, 20.0], [77612.5, 4600.0], [77625.0, 24660.0], [77640.0, 2000.0], [77642.5, 4530.0], [77650.0, 14650.0], [77662.5, 4410.0], [77670.0, 20.0], [77682.5, 27610.0], [77687.5, 105000.0], [77692.5, 4530.0], [77712.5, 4430.0], [77722.5, 44440.0], [77730.0, 500.0]]}}}
{"jsonrpc": "2.0", "method": "subscription", "params": {"channel": "book.BTC-14MAR25.none.20.100ms", "data": {"timestamp": 1741656291382, "change_id": 92141549102, "instrument_name": "BTC-14MAR25", "bids": [[77445.0, 6350.0], [77442.5, 6350.0], [77440.0, 101600.0], [77437.5, 36720.0], [77432.5, 8850.0], [77422.5, 14680.0], [77420.0, 120.0], [77412.5, 4680.0], [77402.5, 25500.0], [77375.0, 4680.0], [77370.0, 27320.0], [77365.0, 4680.0], [77360.0, 20.0], [77330.0, 30600.0], [77327.5, 4680.0], [77305.0, 4630.0], [77300.0, 20.0], [77257.5, 4630.0], [77237.5, 20.0], [77235.0, 4630.0]], "asks": [[77460.0, 10.0], [77465.0, 140.0], [77470.0, 10000.0], [77475.0, 8850.0], [77480.0, 4680.0], [77485.0, 12540.0], [77487.5, 870.0], [77495.0, 4680.0], [77510.0, 30120.0], [77522.5, 4630.0], [77525.0, 24270.0], [77532.5, 4770.0], [77542.5, 4730.0], [77547.5, 20.0], [77557.5, 1140.0], [77560.0, 2000.0], [77562.5, 29210.0], [77582.5, 4770.0], [77585.0, 59160.0], [77590.0, 105000.0]]}}}
{"jsonrpc": "2.0", "method": "subscription", "params": {"channel": "book.BTC-21MAR25.none.20.100ms", "data": {"timestamp": 1741656291298, "change_id": 92141548961, "instrument_name": "BTC-21MAR25", "bids": [[77540.0, 4500.0], [77537.5, 56580.0], [77535.0, 28830.0], [77530.0, 10000.0], [77527.5, 120.0], [77525.0, 54440.0], [77520.0, 7360.0], [77507.5, 4440.0], [77502.5, 24850.0], [77475.0, 4440.0], [77457.5, 15060.0], [77455.0, 4530.0], [77422.5, 20.0], [77362.5, 4530.0], [77360.0, 20.0], [77352.5, 105000.0], [77340.0, 4530.0], [77320.0, 500.0], [77307.5, 4440.0], [77300.0, 20.0]], "asks": [[77547.5, 20.0], [77575.0, 120.0], [77577.5, 8830.0], [77580.0, 10000.0], [77582.5, 4600.0], [77602.5, 4530.0], [77607.5, 20.0], [77612.5, 4600.0], [77625.0, 24660.0], [77640.0, 2000.0], [77642.5, 4530.0], [77650.0, 14650.0], [77662.5, 4410.0], [77670.0, 20.0], [77682.5, 27610.0], [77687.5, 105000.0], [77692.5, 4530.0], [77712.5, 4430.0], [77722.5, 44440.0], [77730.0, 500.0]]}}}
{"jsonrpc": "2.0", "method": "subscription", "params": {"channel": "book.BTC-14MAR25.none.20.100ms", "data": {"timestamp": 1741656291685, "change_id": 92141549969, "instrument_name": "BTC-14MAR25", "bids": [[77460.0, 11430.0], [77457.5, 10.0], [77447.5, 6350.0], [77445.0, 6350.0], [77442.5, 1600.0], [77440.0, 101600.0], [77437.5, 4680.0], [77432.5, 8850.0], [77422.5, 14680.0], [77420.0, 120.0], [77412.5, 4680.0], [77402.5, 25500.0], [77375.0, 4680.0], [77370.0, 27320.0], [77365.0, 4680.0], [77360.0, 20.0], [77350.0, 30600.0], [77305.0, 4630.0], [77300.0, 20.0], [77257.5, 4630.0]], "asks": [[77465.0, 140.0], [77470.0, 10000.0], [77475.0, 8850.0], [77485.0, 20.0], [77487.5, 870.0], [77492.5, 12520.0], [77495.0, 4680.0], [77510.0, 30120.0], [77522.5, 4630.0], [77525.0, 24270.0], [77532.5, 4770.0], [77542.5, 4730.0], [77547.5, 20.0], [77557.5, 1140.0], [77560.0, 2000.0], [77562.5, 29210.0], [77582.5, 4770.0], [77585.0, 59160.0], [77590.0, 105000.0], [77592.5, 4680.0]]}}}
{"jsonrpc": "2.0", "method": "subscription", "params": {"channel": "book.BTC-21MAR25.none.20.100ms", "data": {"timestamp": 1741656291712, "change_id": 92141549984, "instrument_name": "BTC-21MAR25", "bids": [[77540.0, 8940.0], [77537.5, 56580.0], [77535.0, 28830.0], [77530.0, 10000.0], [77527.5, 120.0], [77525.0, 4440.0], [77522.5, 50000.0], [77520.0, 7360.0], [77507.5, 4440.0], [77502.5, 24850.0], [77475.0, 4440.0], [77457.5, 15060.0], [77455.0, 4530.0], [77422.5, 20.0], [77362.5, 4530.0], [77360.0, 20.0], [77352.5, 105000.0], [77340.0, 4530.0], [77320.0, 500.0], [77307.5, 4440.0]], "asks": [[77547.5, 20.0], [77575.0, 120.0], [77577.5, 8830.0], [77580.0, 10000.0], [77582.5, 4600.0], [77602.5, 4530.0], [77607.5, 20.0], [77612.5, 4600.0], [77625.0, 24660.0], [77640.0, 2000.0], [77642.5, 4530.0], [77647.5, 35000.0], [77650.0, 14650.0], [77662.5, 4410.0], [77670.0, 20.0], [77682.5, 27610.0], [77687.5, 105000.0], [77692.5, 4530.0], [77712.5, 4430.0], [77722.5, 44440.0]]}}}
{"jsonrpc": "2.0", "method": "subscription", "params": {"channel": "book.BTC-14MAR25.none.20.100ms", "data": {"timestamp": 1741656292062, "change_id": 92141550595, "instrument_name": "BTC-14MAR25", "bids": [[77462.5, 4750.0], [77447.5, 6350.0], [77445.0, 6350.0], [77442.5, 6280.0], [77440.0, 1600.0], [77432.5, 4680.0], [77422.5, 14680.0], [77420.0, 120.0], [77412.5, 4680.0], [77410.0, 50000.0], [77402.5, 25500.0], [77375.0, 4680.0], [77370.0, 27320.0], [77365.0, 4680.0], [77360.0, 20.0], [77352.5, 30600.0], [77305.0, 4630.0], [77300.0, 20.0], [77257.5, 4630.0], [77237.5, 20.0]], "asks": [[77465.0, 30.0], [77470.0, 10000.0], [77477.5, 120.0], [77480.0, 8850.0], [77485.0, 20.0], [77487.5, 870.0], [77492.5, 12520.0], [77495.0, 4680.0], [77510.0, 30120.0], [77522.5, 4630.0], [77532.5, 4770.0], [77535.0, 25340.0], [77542.5, 4730.0], [77547.5, 20.0], [77557.5, 1140.0], [77560.0, 2000.0], [77562.5, 29210.0], [77582.5, 4770.0], [77585.0, 59160.0], [77590.0, 105000.0]]}}}
{"jsonrpc": "2.0", "method": "subscription", "params": {"channel": "book.BTC-21MAR25.none.20.100ms", "data": {"timestamp": 1741656292054, "change_id": 92141550565, "instrument_name": "BTC-21MAR25", "bids": [[77540.0, 8940.0], [77537.5, 56580.0], [77535.0, 28830.0], [77530.0, 10000.0], [77527.5, 120.0], [77525.0, 4440.0], [77522.5, 50000.0], [77520.0, 7360.0], [77507.5, 4440.0], [77502.5, 24850.0], [77475.0, 4440.0], [77457.5, 15060.0], [77455.0, 4530.0], [77422.5, 20.0], [77362.5, 4530.0], [77360.0, 20.0], [77352.5, 105000.0], [77340.0, 4530.0], [77320.0, 500.0], [77307.5, 4440.0]], "asks": [[77547.5, 20.0], [77580.0, 10000.0], [77582.5, 8830.0], [77587.5, 120.0], [77602.5, 4530.0], [77607.5, 20.0], [77612.5, 4600.0], [77635.0, 25660.0], [77640.0, 2000.0], [77642.5, 4530.0], [77647.5, 35000.0], [77650.0, 14650.0], [77662.5, 4410.0], [77670.0, 20.0], [77682.5, 27610.0], [77687.5, 105000.0], [77692.5, 4530.0], [77712.5, 4430.0], [77722.5, 44440.0], [77730.0, 500.0]]}}}
{"jsonrpc": "2.0", "method": "subscription", "params": {"channel": "book.BTC-14MAR25.none.20.100ms", "data": {"timestamp": 1741656292347, "change_id": 92141551267, "instrument_name": "BTC-14MAR25", "bids": [[77462.5, 4750.0], [77445.0, 38900.0], [77430.0, 8850.0], [77422.5, 29930.0], [77420.0, 120.0], [77417.5, 50000.0], [77412.5, 4680.0], [77407.5, 10000.0], [77375.0, 4680.0], [77370.0, 26180.0], [77365.0, 5820.0], [77360.0, 20.0], [77352.5, 30600.0], [77305.0, 4630.0], [77300.0, 20.0], [77257.5, 4630.0], [77237.5, 20.0], [77235.0, 4630.0], [77232.5, 4750.0], [77225.0, 4770.0]], "asks": [[77465.0, 6500.0], [77467.5, 1600.0], [77470.0, 18850.0], [77485.0, 4700.0], [77487.5, 870.0], [77492.5, 12520.0], [77495.0, 4680.0], [77510.0, 30120.0], [77522.5, 4630.0], [77532.5, 4770.0], [77535.0, 25340.0], [77542.5, 4730.0], [77547.5, 35020.0], [77552.5, 4680.0], [77557.5, 1140.0], [77560.0, 2000.0], [77562.5, 29210.0], [77582.5, 4770.0], [77585.0, 59160.0], [77590.0, 105000.0]]}}}
{"jsonrpc": "2.0", "method": "subscription", "params": {"channel": "book.BTC-21MAR25.none.20.100ms", "data": {"timestamp": 1741656292405, "change_id": 92141551327, "instrument_name": "BTC-21MAR25", "bids": [[77535.0, 20000.0], [77532.5, 8830.0], [77527.5, 120.0], [77525.0, 4440.0], [77522.5, 75120.0], [77515.0, 10000.0], [77475.0, 4440.0], [77455.0, 4530.0], [77422.5, 20.0], [77362.5, 4530.0], [77360.0, 20.0], [77352.5, 105000.0], [77340.0, 4530.0], [77320.0, 500.0], [77307.5, 4440.0], [77300.0, 20.0], [77280.0, 4440.0], [77270.0, 4440.0], [77260.0, 50000.0], [77255.0, 4500.0]], "asks": [[77547.5, 2920.0], [77567.5, 4440.0], [77570.0, 2900.0], [77572.5, 8950.0], [77577.5, 4440.0], [77580.0, 10000.0], [77602.5, 4530.0], [77607.5, 20.0], [77612.5, 6600.0], [77635.0, 25660.0], [77642.5, 4530.0], [77647.5, 35000.0], [77650.0, 14650.0], [77662.5, 4410.0], [77670.0, 20.0], [77682.5, 27610.0], [77687.5, 105000.0], [77712.5, 4430.0], [77722.5, 44440.0], [77730.0, 500.0]]}}}
{"jsonrpc": "2.0", "method": "subscription", "params": {"channel": "book.BTC-14MAR25.none.20.100ms", "data": {"timestamp": 1741656292723, "change_id": 92141552452, "instrument_name": "BTC-14MAR25", "bids": [[77425.0, 26080.0], [77422.5, 58850.0], [77412.5, 4680.0], [77407.5, 10120.0], [77405.0, 50000.0], [77402.5, 29140.0], [77375.0, 4680.0], [77370.0, 26180.0], [77365.0, 5820.0], [77360.0, 20.0], [77312.5, 30600.0], [77305.0, 4630.0], [77300.0, 20.0], [77257.5, 4630.0], [77237.5, 20.0], [77235.0, 4630.0], [77232.5, 4750.0], [77225.0, 4770.0], [77222.5, 3580.0], [77220.0, 105000.0]], "asks": [[77457.5, 4750.0], [77460.0, 11600.0], [77462.5, 1600.0], [77465.0, 6500.0], [77467.5, 1600.0], [77472.5, 12520.0], [77475.0, 4680.0], [77485.0, 4700.0], [77487.5, 870.0], [77495.0, 4680.0], [77510.0, 30120.0], [77522.5, 4630.0], [77532.5, 6770.0], [77535.0, 25340.0], [77542.5, 4730.0], [77547.5, 20.0], [77552.5, 4680.0], [77557.5, 1140.0], [77562.5, 29210.0], [77582.5, 4770.0]]}}}
{"jsonrpc": "2.0", "method": "subscription", "params": {"channel": "book.BTC-21MAR25.none.20.100ms", "data": {"timestamp": 1741656292666, "change_id": 92141552385, "instrument_name": "BTC-21MAR25", "bids": [[77527.5, 4500.0], [77525.0, 28830.0], [77522.5, 7360.0], [77517.5, 54440.0], [77515.0, 10120.0], [77507.5, 4440.0], [77502.5, 25300.0], [77475.0, 4440.0], [77460.0, 15060.0], [77455.0, 4530.0], [77422.5, 20.0], [77362.5, 4530.0], [77360.0, 20.0], [77352.5, 105000.0], [77340.0, 4530.0], [77320.0, 500.0], [77307.5, 4440.0], [77300.0, 20.0], [77280.0, 4440.0], [77270.0, 4440.0]], "asks": [[77547.5, 2920.0], [77567.5, 4440.0], [77570.0, 12900.0], [77572.5, 120.0], [77577.5, 4440.0], [77602.5, 4530.0], [77607.5, 20.0], [77612.5, 6600.0], [77635.0, 25660.0], [77642.5, 4530.0], [77650.0, 14650.0], [77662.5, 4410.0], [77670.0, 20.0], [77682.5, 27610.0], [77687.5, 105000.0], [77712.5, 4430.0], [77722.5, 44440.0], [77730.0, 500.0], [77732.5, 4550.0], [77737.5, 45240.0]]}}}
{"jsonrpc": "2.0", "method": "subscription", "params": {"channel": "book.BTC-14MAR25.none.20.100ms", "data": {"timestamp": 1741656293001, "change_id": 92141553263, "instrument_name": "BTC-14MAR25", "bids": [[77425.0, 19730.0], [77422.5, 58850.0], [77407.5, 10120.0], [77405.0, 50000.0], [77402.5, 30290.0], [77375.0, 4680.0], [77370.0, 26180.0], [77365.0, 5820.0], [77360.0, 20.0], [77312.5, 30600.0], [77305.0, 4630.0], [77300.0, 20.0], [77257.5, 4630.0], [77237.5, 20.0], [77235.0, 4630.0], [77232.5, 4750.0], [77225.0, 4770.0], [77222.5, 3580.0], [77220.0, 105000.0], [77212.5, 500.0]], "asks": [[77452.5, 4750.0], [77455.0, 1720.0], [77457.5, 4750.0], [77460.0, 11600.0], [77462.5, 10450.0], [77465.0, 6310.0], [77472.5, 12520.0], [77475.0, 4680.0], [77485.0, 4700.0], [77487.5, 870.0], [77495.0, 4680.0], [77510.0, 30120.0], [77522.5, 4630.0], [77532.5, 6770.0], [77535.0, 25340.0], [77542.5, 4730.0], [77547.5, 20.0], [77552.5, 4680.0], [77557.5, 1140.0], [77562.5, 29210.0]]}}}
{"jsonrpc": "2.0", "method": "subscription", "params": {"channel": "book.BTC-21MAR25.none.20.100ms", "data": {"timestamp": 1741656293052, "change_id": 92141553274, "instrument_name": "BTC-21MAR25", "bids": [[77522.5, 7360.0], [77515.0, 38950.0], [77507.5, 54440.0], [77505.0, 25420.0], [77475.0, 4440.0], [77460.0, 15060.0], [77455.0, 4530.0], [77422.5, 20.0], [77362.5, 4530.0], [77360.0, 20.0], [77352.5, 105000.0], [77340.0, 4530.0], [77320.0, 500.0], [77307.5, 4440.0], [77300.0, 20.0], [77280.0, 4440.0], [77270.0, 4440.0], [77260.0, 50000.0], [77255.0, 4500.0], [77242.5, 500.0]], "asks": [[77542.5, 7400.0], [77545.0, 7400.0], [77547.5, 20.0], [77557.5, 4440.0], [77560.0, 10000.0], [77562.5, 120.0], [77567.5, 4440.0], [77577.5, 4440.0], [77602.5, 4530.0], [77607.5, 20.0], [77612.5, 6600.0], [77635.0, 25660.0], [77642.5, 4530.0], [77650.0, 14650.0], [77662.5, 4410.0], [77670.0, 20.0], [77682.5, 27610.0], [77687.5, 105000.0], [77712.5, 4430.0], [77722.5, 44440.0]]}}}
{"jsonrpc": "2.0", "method": "subscription", "params": {"channel": "book.BTC-14MAR25.none.20.100ms", "data": {"timestamp": 1741656293366, "change_id": 92141554166, "instrument_name": "BTC-14MAR25", "bids": [[77427.5, 1600.0], [77425.0, 26080.0], [77422.5, 50000.0], [77415.0, 8850.0], [77410.0, 50000.0], [77407.5, 51580.0], [77402.5, 30290.0], [77375.0, 4680.0], [77370.0, 26180.0], [77365.0, 5820.0], [77360.0, 20.0], [77315.0, 30600.0], [77305.0, 4630.0], [77300.0, 20.0], [77257.5, 4630.0], [77237.5, 20.0], [77235.0, 4630.0], [77232.5, 4750.0], [77225.0, 4770.0], [77222.5, 3580.0]], "asks": [[77447.5, 6350.0], [77450.0, 14750.0], [77452.5, 8850.0], [77455.0, 120.0], [77460.0, 1600.0], [77462.5, 14120.0], [77465.0, 30.0], [77475.0, 4680.0], [77477.5, 25230.0], [77485.0, 4700.0], [77487.5, 870.0], [77492.5, 30120.0], [77495.0, 4680.0], [77497.5, 24850.0], [77522.5, 4630.0], [77532.5, 6770.0], [77542.5, 4730.0], [77547.5, 20.0], [77552.5, 4680.0], [77557.5, 1140.0]]}}}
{"jsonrpc": "2.0", "method": "subscription", "params": {"channel": "book.BTC-21MAR25.none.20.100ms", "data": {"timestamp": 1741656293243, "change_id": 92141553945, "instrument_name": "BTC-21MAR25", "bids": [[77525.0, 4500.0], [77522.5, 11860.0], [77515.0, 38950.0], [77512.5, 41510.0], [77507.5, 54440.0], [77505.0, 25420.0], [77475.0, 4440.0], [77460.0, 15060.0], [77455.0, 4530.0], [77422.5, 20.0], [77362.5, 4530.0], [77360.0, 20.0], [77352.5, 105000.0], [77340.0, 4530.0], [77320.0, 500.0], [77307.5, 4440.0], [77300.0, 20.0], [77280.0, 4440.0], [77270.0, 4440.0], [77260.0, 50000.0]], "asks": [[77542.5, 2900.0], [77545.0, 2900.0], [77547.5, 20.0], [77555.0, 8830.0], [77557.5, 4440.0], [77560.0, 10000.0], [77562.5, 120.0], [77567.5, 4440.0], [77577.5, 4440.0], [77597.5, 24390.0], [77602.5, 4530.0], [77607.5, 20.0], [77612.5, 6600.0], [77642.5, 4530.0], [77650.0, 14650.0], [77662.5, 4410.0], [77670.0, 20.0], [77682.5, 27610.0], [77687.5, 105000.0], [77712.5, 4430.0]]}}}
{"jsonrpc": "2.0", "method": "subscription", "params": {"channel": "book.BTC-14MAR25.none.20.100ms", "data": {"timestamp": 1741656293722, "change_id": 92141555660, "instrument_name": "BTC-14MAR25", "bids": [[77430.0, 21340.0], [77427.5, 1600.0], [77425.0, 1600.0], [77422.5, 50000.0], [77415.0, 8850.0], [77410.0, 50000.0], [77407.5, 51580.0], [77402.5, 30290.0], [77375.0, 4680.0], [77370.0, 26180.0], [77365.0, 5820.0], [77360.0, 20.0], [77315.0, 30600.0], [77305.0, 4630.0], [77300.0, 20.0], [77257.5, 4630.0], [77237.5, 20.0], [77235.0, 4630.0], [77232.5, 4750.0], [77225.0, 4770.0]], "asks": [[77445.0, 6350.0], [77447.5, 6350.0], [77450.0, 10000.0], [77452.5, 8850.0], [77455.0, 120.0], [77460.0, 1600.0], [77462.5, 14120.0], [77465.0, 20.0], [77475.0, 4680.0], [77477.5, 25230.0], [77485.0, 4700.0], [77492.5, 30120.0], [77495.0, 6680.0], [77517.5, 24930.0], [77522.5, 4630.0], [77532.5, 6770.0], [77542.5, 4730.0], [77547.5, 20.0], [77552.5, 4680.0], [77557.5, 1140.0]]}}}
{"jsonrpc": "2.0", "method": "subscription", "params": {"channel": "book.BTC-21MAR25.none.20.100ms", "data": {"timestamp": 1741656293718, "change_id": 92141555648, "instrument_name": "BTC-21MAR25", "bids": [[77525.0, 4500.0], [77522.5, 11860.0], [77515.0, 38950.0], [77512.5, 41510.0], [77507.5, 54440.0], [77505.0, 25420.0], [77475.0, 4440.0], [77460.0, 15060.0], [77455.0, 4530.0], [77422.5, 20.0], [77362.5, 4530.0], [77360.0, 20.0], [77352.5, 105000.0], [77340.0, 4530.0], [77320.0, 500.0], [77307.5, 4440.0], [77300.0, 20.0], [77280.0, 4440.0], [77270.0, 4440.0], [77260.0, 50000.0]], "asks": [[77545.0, 2900.0], [77547.5, 20.0], [77555.0, 13270.0], [77560.0, 10000.0], [77562.5, 120.0], [77567.5, 4440.0], [77577.5, 4440.0], [77602.5, 4530.0], [77607.5, 20.0], [77612.5, 6600.0], [77617.5, 24710.0], [77642.5, 4530.0], [77650.0, 14650.0], [77662.5, 4410.0], [77670.0, 20.0], [77682.5, 27610.0], [77687.5, 105000.0], [77712.5, 4430.0], [77722.5, 44440.0], [77730.0, 500.0]]}}}
{"jsonrpc": "2.0", "method": "subscription", "params": {"channel": "book.BTC-14MAR25.none.20.100ms", "data": {"timestamp": 1741656294059, "change_id": 92141556601, "instrument_name": "BTC-14MAR25", "bids": [[77430.0, 19740.0], [77425.0, 1600.0], [77422.5, 50000.0], [77415.0, 8850.0], [77410.0, 50000.0], [77407.5, 41580.0], [77402.5, 30290.0], [77395.0, 10000.0], [77375.0, 4680.0], [77370.0, 26180.0], [77365.0, 5820.0], [77360.0, 20.0], [77315.0, 30600.0], [77305.0, 4630.0], [77300.0, 20.0], [77257.5, 4630.0], [77237.5, 20.0], [77235.0, 4630.0], [77232.5, 4750.0], [77225.0, 4770.0]], "asks": [[77432.5, 10.0], [77435.0, 1600.0], [77440.0, 4750.0], [77445.0, 6350.0], [77447.5, 6350.0], [77450.0, 10000.0], [77452.5, 8850.0], [77455.0, 120.0], [77460.0, 6280.0], [77462.5, 14120.0], [77465.0, 20.0], [77475.0, 4680.0], [77477.5, 25230.0], [77485.0, 4700.0], [77492.5, 30120.0], [77495.0, 6680.0], [77517.5, 24930.0], [77522.5, 4630.0], [77532.5, 6770.0], [77542.5, 4730.0]]}}}
{"jsonrpc": "2.0", "method": "subscription", "params": {"channel": "book.BTC-21MAR25.none.20.100ms", "data": {"timestamp": 1741656294054, "change_id": 92141556587, "instrument_name": "BTC-21MAR25", "bids": [[77522.5, 11860.0], [77515.0, 28950.0], [77512.5, 41510.0], [77507.5, 54440.0], [77505.0, 25420.0], [77475.0, 4440.0], [77460.0, 15060.0], [77455.0, 4530.0], [77422.5, 20.0], [77362.5, 4530.0], [77360.0, 20.0], [77352.5, 105000.0], [77340.0, 4530.0], [77320.0, 500.0], [77307.5, 4440.0], [77300.0, 20.0], [77280.0, 4440.0], [77270.0, 4440.0], [77260.0, 50000.0], [77255.0, 4500.0]], "asks": [[77542.5, 7400.0], [77545.0, 7400.0], [77547.5, 20.0], [77555.0, 13270.0], [77560.0, 10000.0], [77562.5, 120.0], [77567.5, 4440.0], [77577.5, 4440.0], [77602.5, 4530.0], [77607.5, 20.0], [77612.5, 6600.0], [77617.5, 24710.0], [77642.5, 4530.0], [77650.0, 14650.0], [77662.5, 4410.0], [77670.0, 20.0], [77682.5, 27610.0], [77687.5, 105000.0], [77712.5, 4430.0], [77722.5, 44440.0]]}}}
{"jsonrpc": "2.0", "method": "subscription", "params": {"channel": "book.BTC-14MAR25.none.20.100ms", "data": {"timestamp": 1741656294324, "change_id": 92141557071, "instrument_name": "BTC-14MAR25", "bids": [[77425.0, 1600.0], [77422.5, 50000.0], [77417.5, 1600.0], [77415.0, 8850.0], [77410.0, 50000.0], [77407.5, 41580.0], [77402.5, 30290.0], [77395.0, 10000.0], [77375.0, 4680.0], [77370.0, 26180.0], [77365.0, 5820.0], [77360.0, 20.0], [77320.0, 30600.0], [77305.0, 4630.0], [77300.0, 20.0], [77257.5, 4630.0], [77237.5, 20.0], [77235.0, 4630.0], [77232.5, 4750.0], [77225.0, 4770.0]], "asks": [[77445.0, 6480.0], [77447.5, 1600.0], [77450.0, 10000.0], [77452.5, 8850.0], [77460.0, 1600.0], [77462.5, 14120.0], [77465.0, 20.0], [77475.0, 4680.0], [77477.5, 25230.0], [77485.0, 4700.0], [77492.5, 30120.0], [77495.0, 6680.0], [77517.5, 24930.0], [77522.5, 4630.0], [77532.5, 6770.0], [77542.5, 4730.0], [77547.5, 20.0], [77552.5, 4680.0], [77557.5, 1140.0], [77562.5, 29210.0]]}}}
{"jsonrpc": "2.0", "method": "subscription", "params": {"channel": "book.BTC-21MAR25.none.20.100ms", "data": {"timestamp": 1741656294253, "change_id": 92141556993, "instrument_name": "BTC-21MAR25", "bids": [[77522.5, 11860.0], [77515.0, 28950.0], [77512.5, 41510.0], [77507.5, 54440.0], [77505.0, 25420.0], [77502.5, 10000.0], [77475.0, 4440.0], [77460.0, 15060.0], [77455.0, 4530.0], [77422.5, 20.0], [77362.5, 4530.0], [77360.0, 20.0], [77352.5, 105000.0], [77340.0, 4530.0], [77320.0, 500.0], [77307.5, 4440.0], [77300.0, 20.0], [77280.0, 4440.0], [77270.0, 4440.0], [77260.0, 50000.0]], "asks": [[77542.5, 2900.0], [77545.0, 2900.0], [77547.5, 20.0], [77552.5, 4440.0], [77555.0, 8830.0], [77560.0, 10000.0], [77562.5, 120.0], [77567.5, 4440.0], [77577.5, 4440.0], [77602.5, 4530.0], [77607.5, 20.0], [77612.5, 6600.0], [77617.5, 24710.0], [77642.5, 4530.0], [77650.0, 14650.0], [77662.5, 4410.0], [77670.0, 20.0], [77682.5, 27610.0], [77687.5, 105000.0], [77712.5, 4430.0]]}}}
{"jsonrpc": "2.0", "method": "subscription", "params": {"channel": "book.BTC-14MAR25.none.20.100ms", "data": {"timestamp": 1741656294639, "change_id": 92141558299, "instrument_name": "BTC-14MAR25", "bids": [[77427.5, 9830.0], [77415.0, 1600.0], [77407.5, 41460.0], [77405.0, 8850.0], [77400.0, 50000.0], [77397.5, 29690.0], [77395.0, 10120.0], [77375.0, 4680.0], [77370.0, 26180.0], [77365.0, 5820.0], [77360.0, 20.0], [77312.5, 30600.0], [77305.0, 4630.0], [77300.0, 20.0], [77257.5, 4630.0], [77237.5, 20.0], [77235.0, 4630.0], [77232.5, 4750.0], [77225.0, 4770.0], [77222.5, 3580.0]], "asks": [[77430.0, 10.0], [77435.0, 4750.0], [77440.0, 6350.0], [77442.5, 8850.0], [77445.0, 6470.0], [77447.5, 1600.0], [77450.0, 10000.0], [77457.5, 12520.0], [77460.0, 6280.0], [77462.5, 1600.0], [77465.0, 20.0], [77475.0, 4680.0], [77477.5, 25230.0], [77485.0, 4700.0], [77492.5, 30120.0], [77495.0, 6680.0], [77517.5, 24930.0], [77522.5, 4630.0], [77532.5, 6770.0], [77542.5, 4730.0]]}}}
{"jsonrpc": "2.0", "method": "subscription", "params": {"channel": "book.BTC-21MAR25.none.20.100ms", "data": {"timestamp": 1741656294704, "change_id": 92141558354, "instrument_name": "BTC-21MAR25", "bids": [[77515.0, 4500.0], [77512.5, 41510.0], [77505.0, 58830.0], [77502.5, 14560.0], [77500.0, 7360.0], [77497.5, 24460.0], [77475.0, 4440.0], [77455.0, 4530.0], [77427.5, 15060.0], [77422.5, 20.0], [77362.5, 4530.0], [77360.0, 20.0], [77352.5, 105000.0], [77340.0, 4530.0], [77320.0, 500.0], [77307.5, 4440.0], [77300.0, 20.0], [77270.0, 4440.0], [77260.0, 50000.0], [77255.0, 4500.0]], "asks": [[77540.0, 7400.0], [77542.5, 7400.0], [77545.0, 11730.0], [77547.5, 20.0], [77550.0, 10000.0], [77552.5, 4560.0], [77577.5, 4440.0], [77587.5, 2000.0], [77602.5, 4530.0], [77607.5, 20.0], [77612.5, 4600.0], [77617.5, 24710.0], [77642.5, 4530.0], [77650.0, 14650.0], [77662.5, 4410.0], [77670.0, 20.0], [77682.5, 27610.0], [77687.5, 105000.0], [77712.5, 4430.0], [77722.5, 44440.0]]}}}
{"jsonrpc": "2.0", "method": "subscription", "params": {"channel": "book.BTC-14MAR25.none.20.100ms", "data": {"timestamp": 1741656295024, "change_id": 92141559227, "instrument_name": "BTC-14MAR25", "bids": [[77427.5, 10.0], [77425.0, 50000.0], [77420.0, 6350.0], [77417.5, 8850.0], [77415.0, 1600.0], [77407.5, 4680.0], [77400.0, 50000.0], [77397.5, 29690.0], [77395.0, 10120.0], [77375.0, 4680.0], [77370.0, 26180.0], [77365.0, 5820.0], [77360.0, 20.0], [77315.0, 30600.0], [77305.0, 4630.0], [77300.0, 20.0], [77257.5, 4630.0], [77237.5, 20.0], [77235.0, 4630.0], [77232.5, 4750.0]], "asks": [[77435.0, 4760.0], [77440.0, 4750.0], [77445.0, 4870.0], [77450.0, 10000.0], [77457.5, 12520.0], [77460.0, 1600.0], [77462.5, 1600.0], [77465.0, 20.0], [77475.0, 4680.0], [77485.0, 4700.0], [77492.5, 30120.0], [77495.0, 6680.0], [77502.5, 25160.0], [77522.5, 4630.0], [77532.5, 6770.0], [77542.5, 4730.0], [77547.5, 20.0], [77552.5, 4680.0], [77557.5, 1140.0], [77562.5, 33890.0]]}}}
{"jsonrpc": "2.0", "method": "subscription", "params": {"channel": "book.BTC-21MAR25.none.20.100ms", "data": {"timestamp": 1741656295044, "change_id": 92141559243, "instrument_name": "BTC-21MAR25", "bids": [[77520.0, 24500.0], [77517.5, 8830.0], [77515.0, 8940.0], [77505.0, 50000.0], [77502.5, 14560.0], [77500.0, 7360.0], [77497.5, 24460.0], [77475.0, 4440.0], [77455.0, 4530.0], [77427.5, 15060.0], [77422.5, 20.0], [77362.5, 4530.0], [77360.0, 20.0], [77352.5, 105000.0], [77340.0, 4530.0], [77320.0, 500.0], [77307.5, 4440.0], [77300.0, 20.0], [77270.0, 4440.0], [77260.0, 50000.0]], "asks": [[77545.0, 7400.0], [77547.5, 20.0], [77550.0, 10000.0], [77552.5, 120.0], [77577.5, 4440.0], [77587.5, 2000.0], [77602.5, 28940.0], [77607.5, 20.0], [77612.5, 4600.0], [77642.5, 4530.0], [77650.0, 14650.0], [77662.5, 4410.0], [77670.0, 20.0], [77672.5, 4440.0], [77682.5, 27610.0], [77687.5, 105000.0], [77712.5, 4430.0], [77722.5, 44440.0], [77730.0, 500.0], [77732.5, 4550.0]]}}}
{"jsonrpc": "2.0", "method": "subscription", "params": {"channel": "book.BTC-14MAR25.none.20.100ms", "data": {"timestamp": 1741656295367, "change_id": 92141559753, "instrument_name": "BTC-14MAR25", "bids": [[77430.0, 11430.0], [77427.5, 1600.0], [77425.0, 50010.0], [77417.5, 8850.0], [77407.5, 4680.0], [77400.0, 119660.0], [77397.5, 29690.0], [77395.0, 10120.0], [77375.0, 4680.0], [77370.0, 26180.0], [77365.0, 5820.0], [77360.0, 20.0], [77315.0, 30600.0], [77305.0, 4630.0], [77300.0, 20.0], [77257.5, 4630.0], [77237.5, 20.0], [77235.0, 4630.0], [77232.5, 4750.0], [77225.0, 4770.0]], "asks": [[77445.0, 120.0], [77450.0, 10000.0], [77457.5, 21370.0], [77462.5, 1600.0], [77465.0, 20.0], [77475.0, 4680.0], [77485.0, 4700.0], [77492.5, 30120.0], [77495.0, 6680.0], [77502.5, 25160.0], [77522.5, 4630.0], [77532.5, 6770.0], [77542.5, 4730.0], [77547.5, 20.0], [77552.5, 4680.0], [77557.5, 1140.0], [77562.5, 33890.0], [77582.5, 4770.0], [77585.0, 59160.0], [77590.0, 105000.0]]}}}
{"jsonrpc": "2.0", "method": "subscription", "params": {"channel": "book.BTC-21MAR25.none.20.100ms", "data": {"timestamp": 1741656295373, "change_id": 92141559762, "instrument_name": "BTC-21MAR25", "bids": [[77520.0, 4500.0], [77517.5, 13330.0], [77510.0, 20000.0], [77507.5, 50000.0], [77505.0, 69750.0], [77502.5, 14560.0], [77500.0, 7360.0], [77497.5, 24460.0], [77475.0, 4440.0], [77455.0, 4530.0], [77427.5, 15060.0], [77422.5, 20.0], [77362.5, 4530.0], [77360.0, 20.0], [77352.5, 105000.0], [77340.0, 4530.0], [77320.0, 500.0], [77307.5, 4440.0], [77300.0, 20.0], [77270.0, 4440.0]], "asks": [[77542.5, 2900.0], [77545.0, 2900.0], [77547.5, 2920.0], [77550.0, 10000.0], [77552.5, 120.0], [77555.0, 4440.0], [77557.5, 8830.0], [77577.5, 4440.0], [77587.5, 2000.0], [77602.5, 28940.0], [77607.5, 20.0], [77612.5, 4600.0], [77642.5, 4530.0], [77650.0, 14650.0], [77662.5, 4410.0], [77670.0, 20.0], [77672.5, 4440.0], [77682.5, 27610.0], [77687.5, 105000.0], [77712.5, 4430.0]]}}}
{"jsonrpc": "2.0", "method": "subscription", "params": {"channel": "book.BTC-14MAR25.none.20.100ms", "data": {"timestamp": 1741656295669, "change_id": 92141561003, "instrument_name": "BTC-14MAR25", "bids": [[77442.5, 10.0], [77437.5, 1600.0], [77432.5, 21340.0], [77430.0, 1600.0], [77427.5, 51600.0], [77425.0, 50000.0], [77422.5, 4680.0], [77417.5, 8850.0], [77407.5, 4680.0], [77405.0, 10120.0], [77400.0, 69660.0], [77397.5, 29690.0], [77375.0, 4680.0], [77370.0, 26180.0], [77365.0, 5820.0], [77360.0, 20.0], [77317.5, 30600.0], [77305.0, 4630.0], [77300.0, 20.0], [77257.5, 4630.0]], "asks": [[77447.5, 4750.0], [77450.0, 4750.0], [77457.5, 12640.0], [77462.5, 1600.0], [77465.0, 20.0], [77467.5, 10000.0], [77475.0, 4680.0], [77485.0, 4700.0], [77492.5, 30120.0], [77495.0, 6680.0], [77522.5, 4630.0], [77525.0, 35000.0], [77532.5, 6770.0], [77542.5, 4730.0], [77547.5, 20.0], [77552.5, 4680.0], [77562.5, 33890.0], [77582.5, 4770.0], [77585.0, 59160.0], [77590.0, 105000.0]]}}}
{"jsonrpc": "2.0", "method": "subscription", "params": {"channel": "book.BTC-21MAR25.none.20.100ms", "data": {"timestamp": 1741656295711, "change_id": 92141561039, "instrument_name": "BTC-21MAR25", "bids": [[77522.5, 8940.0], [77520.0, 24500.0], [77517.5, 8830.0], [77515.0, 7360.0], [77512.5, 14560.0], [77507.5, 50000.0], [77505.0, 69750.0], [77502.5, 4440.0], [77497.5, 24460.0], [77475.0, 4440.0], [77455.0, 4530.0], [77422.5, 20.0], [77362.5, 4530.0], [77360.0, 20.0], [77352.5, 105000.0], [77340.0, 4530.0], [77320.0, 500.0], [77307.5, 4440.0], [77300.0, 20.0], [77270.0, 4440.0]], "asks": [[77547.5, 20.0], [77565.0, 120.0], [77575.0, 10000.0], [77577.5, 4440.0], [77587.5, 2000.0], [77602.5, 4530.0], [77607.5, 20.0], [77612.5, 39600.0], [77642.5, 4530.0], [77650.0, 14650.0], [77662.5, 4410.0], [77670.0, 20.0], [77672.5, 4440.0], [77682.5, 27610.0], [77687.5, 105000.0], [77712.5, 4430.0], [77722.5, 44440.0], [77730.0, 500.0], [77732.5, 4550.0], [77737.5, 45240.0]]}}}
{"jsonrpc": "2.0", "method": "subscription", "params": {"channel": "book.BTC-14MAR25.none.20.100ms", "data": {"timestamp": 1741656296021, "change_id": 92141562137, "instrument_name": "BTC-14MAR25", "bids": [[77445.0, 9830.0], [77437.5, 50000.0], [77432.5, 1600.0], [77430.0, 10450.0], [77427.5, 50000.0], [77415.0, 120.0], [77407.5, 4680.0], [77405.0, 10000.0], [77400.0, 69660.0], [77397.5, 29690.0], [77375.0, 4680.0], [77370.0, 26180.0], [77365.0, 5820.0], [77360.0, 20.0], [77335.0, 30600.0], [77305.0, 4630.0], [77300.0, 20.0], [77257.5, 4630.0], [77237.5, 20.0], [77235.0, 4630.0]], "asks": [[77447.5, 10.0], [77452.5, 1600.0], [77457.5, 4870.0], [77462.5, 1600.0], [77465.0, 20.0], [77467.5, 10000.0], [77470.0, 8850.0], [77472.5, 4680.0], [77482.5, 12520.0], [77485.0, 4700.0], [77495.0, 6680.0], [77515.0, 24860.0], [77520.0, 30120.0], [77522.5, 4630.0], [77525.0, 35000.0], [77532.5, 6770.0], [77542.5, 5870.0], [77547.5, 20.0], [77552.5, 4680.0], [77562.5, 33890.0]]}}}
{"jsonrpc": "2.0", "method": "subscription", "params": {"channel": "book.BTC-21MAR25.none.20.100ms", "data": {"timestamp": 1741656296039, "change_id": 92141562148, "instrument_name": "BTC-21MAR25", "bids": [[77532.5, 4500.0], [77530.0, 33330.0], [77522.5, 4560.0], [77515.0, 7360.0], [77512.5, 14440.0], [77507.5, 50000.0], [77505.0, 69750.0], [77502.5, 4440.0], [77497.5, 24460.0], [77475.0, 4440.0], [77455.0, 4530.0], [77430.0, 15060.0], [77422.5, 20.0], [77362.5, 4530.0], [77360.0, 20.0], [77352.5, 105000.0], [77340.0, 4530.0], [77320.0, 500.0], [77307.5, 4440.0], [77300.0, 20.0]], "asks": [[77547.5, 20.0], [77565.0, 120.0], [77570.0, 8830.0], [77575.0, 10000.0], [77577.5, 4440.0], [77587.5, 2000.0], [77602.5, 4530.0], [77607.5, 20.0], [77612.5, 39600.0], [77615.0, 25020.0], [77642.5, 4530.0], [77650.0, 14650.0], [77662.5, 4410.0], [77670.0, 20.0], [77672.5, 4440.0], [77682.5, 27610.0], [77687.5, 105000.0], [77712.5, 4430.0], [77722.5, 44440.0], [77730.0, 500.0]]}}}
{"jsonrpc": "2.0", "method": "subscription", "params": {"channel": "book.BTC-14MAR25.none.20.100ms", "data": {"timestamp": 1741656296343, "change_id": 92141562678, "instrument_name": "BTC-14MAR25", "bids": [[77440.0, 19740.0], [77437.5, 50000.0], [77427.5, 50000.0], [77425.0, 8850.0], [77415.0, 120.0], [77407.5, 4680.0], [77405.0, 10000.0], [77400.0, 69660.0], [77397.5, 29690.0], [77375.0, 4680.0], [77370.0, 26180.0], [77365.0, 5820.0], [77360.0, 20.0], [77335.0, 30600.0], [77305.0, 4630.0], [77300.0, 20.0], [77257.5, 4630.0], [77237.5, 20.0], [77235.0, 4630.0], [77232.5, 4750.0]], "asks": [[77457.5, 4870.0], [77460.0, 8850.0], [77462.5, 1600.0], [77465.0, 1620.0], [77467.5, 10000.0], [77482.5, 12520.0], [77485.0, 4700.0], [77495.0, 6680.0], [77515.0, 24860.0], [77520.0, 30120.0], [77522.5, 4630.0], [77525.0, 35000.0], [77532.5, 6770.0], [77542.5, 5870.0], [77547.5, 20.0], [77552.5, 4680.0], [77562.5, 33890.0], [77582.5, 4770.0], [77585.0, 59160.0], [77590.0, 105000.0]]}}}
{"jsonrpc": "2.0", "method": "subscription", "params": {"channel": "book.BTC-21MAR25.none.20.100ms", "data": {"timestamp": 1741656296337, "change_id": 92141562670, "instrument_name": "BTC-21MAR25", "bids": [[77532.5, 4500.0], [77530.0, 24500.0], [77525.0, 8830.0], [77522.5, 4560.0], [77515.0, 7360.0], [77512.5, 14440.0], [77507.5, 50000.0], [77505.0, 69750.0], [77502.5, 4440.0], [77497.5, 24460.0], [77475.0, 4440.0], [77455.0, 4530.0], [77430.0, 15060.0], [77422.5, 20.0], [77362.5, 4530.0], [77360.0, 20.0], [77352.5, 105000.0], [77340.0, 4530.0], [77320.0, 500.0], [77307.5, 4440.0]], "asks": [[77547.5, 2920.0], [77565.0, 120.0], [77567.5, 4440.0], [77570.0, 8830.0], [77575.0, 10000.0], [77577.5, 4440.0], [77587.5, 2000.0], [77602.5, 4530.0], [77607.5, 20.0], [77612.5, 39600.0], [77615.0, 25020.0], [77642.5, 4530.0], [77650.0, 14650.0], [77662.5, 4410.0], [77670.0, 20.0], [77672.5, 4440.0], [77682.5, 27610.0], [77687.5, 105000.0], [77712.5, 4430.0], [77722.5, 44440.0]]}}}
{"jsonrpc": "2.0", "method": "subscription", "params": {"channel": "book.BTC-14MAR25.none.20.100ms", "data": {"timestamp": 1741656296510, "change_id": 92141563509, "instrument_name": "BTC-14MAR25", "bids": [[77440.0, 19740.0], [77437.5, 50000.0], [77427.5, 50000.0], [77425.0, 8850.0], [77415.0, 120.0], [77407.5, 4680.0], [77405.0, 10000.0], [77397.5, 29690.0], [77375.0, 4680.0], [77370.0, 26180.0], [77365.0, 5820.0], [77360.0, 20.0], [77335.0, 30600.0], [77305.0, 4630.0], [77300.0, 20.0], [77257.5, 4630.0], [77237.5, 20.0], [77235.0, 4630.0], [77232.5, 4750.0], [77225.0, 4770.0]], "asks": [[77457.5, 4870.0], [77462.5, 10450.0], [77465.0, 1620.0], [77467.5, 10000.0], [77482.5, 12520.0], [77485.0, 4700.0], [77495.0, 6680.0], [77520.0, 30120.0], [77522.5, 4630.0], [77525.0, 35000.0], [77532.5, 6770.0], [77540.0, 25190.0], [77542.5, 5870.0], [77547.5, 20.0], [77552.5, 4680.0], [77562.5, 33890.0], [77582.5, 4770.0], [77585.0, 59160.0], [77590.0, 105000.0], [77592.5, 4680.0]]}}}
{"jsonrpc": "2.0", "method": "subscription", "params": {"channel": "book.BTC-21MAR25.none.20.100ms", "data": {"timestamp": 1741656296703, "change_id": 92141563526, "instrument_name": "BTC-21MAR25", "bids": [[77532.5, 4500.0], [77530.0, 24500.0], [77525.0, 8830.0], [77522.5, 4560.0], [77515.0, 7360.0], [77512.5, 14440.0], [77507.5, 50000.0], [77502.5, 4440.0], [77497.5, 24460.0], [77455.0, 4530.0], [77430.0, 15060.0], [77422.5, 20.0], [77362.5, 4530.0], [77360.0, 20.0], [77352.5, 105000.0], [77340.0, 4530.0], [77320.0, 500.0], [77307.5, 4440.0], [77300.0, 20.0], [77270.0, 4440.0]], "asks": [[77547.5, 2920.0], [77565.0, 8950.0], [77567.5, 4440.0], [77575.0, 10000.0], [77577.5, 4440.0], [77587.5, 2000.0], [77602.5, 4530.0], [77607.5, 20.0], [77610.0, 25520.0], [77612.5, 39600.0], [77642.5, 4530.0], [77650.0, 14650.0], [77662.5, 4410.0], [77670.0, 20.0], [77672.5, 4440.0], [77682.5, 27610.0], [77687.5, 105000.0], [77712.5, 4430.0], [77722.5, 44440.0], [77730.0, 500.0]]}}}
{"jsonrpc": "2.0", "method": "subscription", "params": {"channel": "book.BTC-14MAR25.none.20.100ms", "data": {"timestamp": 1741656296951, "change_id": 92141563988, "instrument_name": "BTC-14MAR25", "bids": [[77440.0, 19750.0], [77437.5, 50000.0], [77427.5, 50000.0], [77425.0, 8850.0], [77420.0, 58840.0], [77415.0, 120.0], [77407.5, 4680.0], [77405.0, 10000.0], [77397.5, 29690.0], [77375.0, 4680.0], [77370.0, 26180.0], [77365.0, 5820.0], [77360.0, 20.0], [77335.0, 30600.0], [77305.0, 4630.0], [77300.0, 20.0], [77257.5, 4630.0], [77237.5, 20.0], [77235.0, 4630.0], [77232.5, 4750.0]], "asks": [[77457.5, 4870.0], [77462.5, 10450.0], [77465.0, 1620.0], [77467.5, 10000.0], [77472.5, 4820.0], [77482.5, 12520.0], [77485.0, 4700.0], [77495.0, 6680.0], [77520.0, 30120.0], [77522.5, 4630.0], [77525.0, 35000.0], [77532.5, 6770.0], [77540.0, 25190.0], [77542.5, 5870.0], [77547.5, 20.0], [77552.5, 4680.0], [77562.5, 33890.0], [77582.5, 4770.0], [77585.0, 59160.0], [77590.0, 105000.0]]}}}
{"jsonrpc": "2.0", "method": "subscription", "params": {"channel": "book.BTC-21MAR25.none.20.100ms", "data": {"timestamp": 1741656296970, "change_id": 92141564010, "instrument_name": "BTC-21MAR25", "bids": [[77532.5, 4500.0], [77530.0, 24500.0], [77525.0, 67750.0], [77522.5, 54560.0], [77515.0, 7360.0], [77512.5, 14440.0], [77502.5, 4440.0], [77497.5, 24460.0], [77455.0, 4530.0], [77430.0, 15060.0], [77422.5, 20.0], [77362.5, 4530.0], [77360.0, 20.0], [77352.5, 105000.0], [77340.0, 4530.0], [77320.0, 500.0], [77307.5, 4440.0], [77300.0, 20.0], [77270.0, 4440.0], [77260.0, 50000.0]], "asks": [[77547.5, 2920.0], [77565.0, 8950.0], [77567.5, 4440.0], [77575.0, 10000.0], [77577.5, 4440.0], [77587.5, 2000.0], [77602.5, 4530.0], [77607.5, 20.0], [77610.0, 25520.0], [77612.5, 39600.0], [77642.5, 4530.0], [77650.0, 14650.0], [77662.5, 4410.0], [77670.0, 20.0], [77672.5, 4440.0], [77682.5, 27610.0], [77687.5, 105000.0], [77712.5, 4430.0], [77722.5, 44440.0], [77730.0, 500.0]]}}}
{"jsonrpc": "2.0", "method": "subscription", "params": {"channel": "book.BTC-14MAR25.none.20.100ms", "data": {"timestamp": 1741656297209, "change_id": 92141564346, "instrument_name": "BTC-14MAR25", "bids": [[77440.0, 19740.0], [77437.5, 50000.0], [77427.5, 50000.0], [77425.0, 8850.0], [77420.0, 58840.0], [77415.0, 120.0], [77407.5, 4680.0], [77405.0, 10000.0], [77397.5, 29690.0], [77375.0, 4680.0], [77370.0, 26180.0], [77365.0, 5820.0], [77360.0, 20.0], [77335.0, 4820.0], [77325.0, 35420.0], [77322.5, 4750.0], [77305.0, 4630.0], [77300.0, 20.0], [77257.5, 4630.0], [77237.5, 20.0]], "asks": [[77445.0, 10.0], [77450.0, 6350.0], [77452.5, 4750.0], [77457.5, 120.0], [77462.5, 10450.0], [77465.0, 1620.0], [77467.5, 10000.0], [77472.5, 4820.0], [77480.0, 12520.0], [77485.0, 4700.0], [77495.0, 6680.0], [77517.5, 30120.0], [77522.5, 4630.0], [77525.0, 35000.0], [77532.5, 6770.0], [77540.0, 25190.0], [77542.5, 5870.0], [77547.5, 20.0], [77552.5, 4680.0], [77562.5, 33890.0]]}}}
{"jsonrpc": "2.0", "method": "subscription", "params": {"channel": "book.BTC-21MAR25.none.20.100ms", "data": {"timestamp": 1741656297323, "change_id": 92141564495, "instrument_name": "BTC-21MAR25", "bids": [[77530.0, 20000.0], [77525.0, 67750.0], [77522.5, 50120.0], [77515.0, 7360.0], [77512.5, 14440.0], [77502.5, 4440.0], [77497.5, 24460.0], [77455.0, 4530.0], [77430.0, 15060.0], [77422.5, 20.0], [77362.5, 4530.0], [77360.0, 20.0], [77352.5, 105000.0], [77340.0, 4530.0], [77320.0, 500.0], [77307.5, 4440.0], [77300.0, 20.0], [77270.0, 4440.0], [77260.0, 50000.0], [77255.0, 4500.0]], "asks": [[77547.5, 2920.0], [77555.0, 2900.0], [77557.5, 4440.0], [77565.0, 8950.0], [77567.5, 4440.0], [77575.0, 10000.0], [77577.5, 4440.0], [77587.5, 2000.0], [77602.5, 4530.0], [77607.5, 20.0], [77610.0, 25520.0], [77612.5, 39600.0], [77642.5, 4530.0], [77650.0, 14650.0], [77662.5, 4410.0], [77670.0, 20.0], [77672.5, 4440.0], [77682.5, 27610.0], [77687.5, 105000.0], [77712.5, 4430.0]]}}}
{"jsonrpc": "2.0", "method": "subscription", "params": {"channel": "book.BTC-14MAR25.none.20.100ms", "data": {"timestamp": 1741656297555, "change_id": 92141565433, "instrument_name": "BTC-14MAR25", "bids": [[77440.0, 9830.0], [77415.0, 8850.0], [77407.5, 4680.0], [77405.0, 10000.0], [77400.0, 120.0], [77397.5, 4680.0], [77387.5, 50000.0], [77385.0, 24970.0], [77375.0, 4680.0], [77370.0, 26180.0], [77365.0, 4680.0], [77360.0, 20.0], [77350.0, 1140.0], [77335.0, 4820.0], [77325.0, 4820.0], [77322.5, 4750.0], [77307.5, 30600.0], [77305.0, 4630.0], [77300.0, 20.0], [77257.5, 4630.0]], "asks": [[77445.0, 10.0], [77447.5, 120.0], [77450.0, 6350.0], [77452.5, 13600.0], [77455.0, 4820.0], [77457.5, 10000.0], [77460.0, 12520.0], [77462.5, 1600.0], [77465.0, 1620.0], [77472.5, 4820.0], [77485.0, 4700.0], [77492.5, 30120.0], [77495.0, 6680.0], [77502.5, 24480.0], [77505.0, 4820.0], [77522.5, 4630.0], [77525.0, 35000.0], [77532.5, 6770.0], [77542.5, 5870.0], [77547.5, 20.0]]}}}
{"jsonrpc": "2.0", "method": "subscription", "params": {"channel": "book.BTC-21MAR25.none.20.100ms", "data": {"timestamp": 1741656297693, "change_id": 92141565609, "instrument_name": "BTC-21MAR25", "bids": [[77517.5, 4500.0], [77515.0, 16190.0], [77512.5, 10000.0], [77510.0, 20120.0], [77505.0, 50000.0], [77502.5, 28810.0], [77455.0, 4530.0], [77430.0, 15060.0], [77422.5, 20.0], [77362.5, 4530.0], [77360.0, 20.0], [77352.5, 105000.0], [77340.0, 4530.0], [77320.0, 500.0], [77307.5, 4440.0], [77300.0, 20.0], [77270.0, 4440.0], [77260.0, 50000.0], [77255.0, 4500.0], [77242.5, 500.0]], "asks": [[77542.5, 2900.0], [77545.0, 7400.0], [77547.5, 2920.0], [77555.0, 11850.0], [77557.5, 4440.0], [77565.0, 10000.0], [77567.5, 4440.0], [77577.5, 4440.0], [77587.5, 2000.0], [77602.5, 4530.0], [77607.5, 20.0], [77610.0, 25520.0], [77612.5, 39600.0], [77642.5, 4530.0], [77650.0, 14650.0], [77662.5, 4410.0], [77670.0, 20.0], [77672.5, 4440.0], [77682.5, 27610.0], [77687.5, 105000.0]]}}}
{"jsonrpc": "2.0", "method": "subscription", "params": {"channel": "book.BTC-14MAR25.none.20.100ms", "data": {"timestamp": 1741656298023, "change_id": 92141566665, "instrument_name": "BTC-14MAR25", "bids": [[77417.5, 19730.0], [77415.0, 58850.0], [77400.0, 50000.0], [77387.5, 14820.0], [77385.0, 24970.0], [77375.0, 4680.0], [77370.0, 26180.0], [77365.0, 4680.0], [77360.0, 20.0], [77335.0, 4820.0], [77325.0, 4820.0], [77322.5, 4750.0], [77317.5, 30600.0], [77305.0, 4630.0], [77300.0, 20.0], [77257.5, 4630.0], [77237.5, 20.0], [77235.0, 4630.0], [77225.0, 4770.0], [77222.5, 3580.0]], "asks": [[77435.0, 1610.0], [77440.0, 1600.0], [77442.5, 6350.0], [77447.5, 10120.0], [77450.0, 6350.0], [77452.5, 13600.0], [77455.0, 4820.0], [77460.0, 12520.0], [77462.5, 1600.0], [77465.0, 20.0], [77472.5, 4820.0], [77485.0, 4700.0], [77492.5, 30120.0], [77495.0, 6680.0], [77502.5, 24480.0], [77505.0, 4820.0], [77507.5, 2000.0], [77522.5, 4630.0], [77525.0, 35000.0], [77532.5, 4770.0]]}}}
{"jsonrpc": "2.0", "method": "subscription", "params": {"channel": "book.BTC-21MAR25.none.20.100ms", "data": {"timestamp": 1741656298021, "change_id": 92141566622, "instrument_name": "BTC-21MAR25", "bids": [[77515.0, 8830.0], [77510.0, 20000.0], [77505.0, 50000.0], [77495.0, 14420.0], [77487.5, 25070.0], [77485.0, 4420.0], [77457.5, 7360.0], [77455.0, 4530.0], [77432.5, 15060.0], [77422.5, 20.0], [77362.5, 4530.0], [77360.0, 20.0], [77352.5, 105000.0], [77340.0, 4530.0], [77320.0, 500.0], [77307.5, 4440.0], [77300.0, 20.0], [77270.0, 4440.0], [77260.0, 50000.0], [77255.0, 4500.0]], "asks": [[77535.0, 4500.0], [77537.5, 7400.0], [77540.0, 2900.0], [77542.5, 2900.0], [77545.0, 2900.0], [77547.5, 4440.0], [77555.0, 21850.0], [77557.5, 4440.0], [77567.5, 4440.0], [77577.5, 4440.0], [77587.5, 2000.0], [77602.5, 4530.0], [77607.5, 20.0], [77610.0, 25520.0], [77612.5, 39600.0], [77642.5, 4530.0], [77650.0, 14650.0], [77662.5, 4410.0], [77670.0, 20.0], [77672.5, 4440.0]]}}}
{"jsonrpc": "2.0", "method": "subscription", "params": {"channel": "book.BTC-14MAR25.none.20.100ms", "data": {"timestamp": 1741656298347, "change_id": 92141568238, "instrument_name": "BTC-14MAR25", "bids": [[77417.5, 19730.0], [77400.0, 8850.0], [77390.0, 25440.0], [77387.5, 14940.0], [77375.0, 4680.0], [77372.5, 50000.0], [77370.0, 26180.0], [77365.0, 4680.0], [77360.0, 20.0], [77337.5, 1140.0], [77325.0, 4820.0], [77322.5, 4750.0], [77315.0, 4820.0], [77312.5, 30600.0], [77305.0, 4630.0], [77300.0, 20.0], [77257.5, 4630.0], [77237.5, 20.0], [77235.0, 4630.0], [77225.0, 4770.0]], "asks": [[77422.5, 10.0], [77427.5, 6350.0], [77430.0, 4750.0], [77435.0, 1600.0], [77437.5, 10120.0], [77440.0, 10450.0], [77442.5, 6420.0], [77450.0, 1600.0], [77452.5, 12520.0], [77455.0, 4820.0], [77465.0, 20.0], [77472.5, 4820.0], [77485.0, 4700.0], [77492.5, 30120.0], [77495.0, 6680.0], [77502.5, 24480.0], [77505.0, 4820.0], [77507.5, 2000.0], [77532.5, 4770.0], [77542.5, 5870.0]]}}}
