{"jsonrpc": "2.0", "id": 1, "result": ["book.BTC-6FEB26.none.20.100ms", "book.BTC-13FEB26.none.20.100ms"], "usIn": 1770345506776960, "usOut": 1770345506777341, "usDiff": 381, "testnet": false}
{"jsonrpc": "2.0", "method": "subscription", "params": {"channel": "book.BTC-6FEB26.none.20.100ms", "data": {"timestamp": 1770345506739, "change_id": 138897774845, "instrument_name": "BTC-6FEB26", "bids": [[64610.0, 10.0], [64600.0, 470.0], [64595.0, 5810.0], [64582.5, 10.0], [64535.0, 10250.0], [64460.0, 10.0], [64432.5, 2040.0], [64420.0, 27860.0], [64417.5, 44300.0], [64407.5, 50000.0], [64377.5, 10.0], [64332.5, 20560.0], [64292.5, 50000.0], [64265.0, 32680.0], [64262.5, 39440.0], [64237.5, 40460.0], [64230.0, 160.0], [64220.0, 300000.0], [64200.0, 40.0], [64190.0, 40.0]], "asks": [[64617.5, 450.0], [64620.0, 4600.0], [64622.5, 12600.0], [64625.0, 6790.0], [64627.5, 5240.0], [64660.0, 4990.0], [64662.5, 36930.0], [64675.0, 50000.0], [64720.0, 10350.0], [64750.0, 45320.0], [64752.5, 1190.0], [64787.5, 50000.0], [64845.0, 19980.0], [64912.5, 38810.0], [64917.5, 20570.0], [64935.0, 50000.0], [65000.0, 50000.0], [65030.0, 40610.0], [65132.5, 50.0], [65135.0, 59430.0]]}}}
{"jsonrpc": "2.0", "method": "subscription", "params": {"channel": "book.BTC-13FEB26.none.20.100ms", "data": {"timestamp": 1770345506742, "change_id": 138897774869, "instrument_name": "BTC-13FEB26", "bids": [[64595.0, 3100.0], [64590.0, 10.0], [64580.0, 10990.0], [64577.5, 3100.0], [64522.5, 10080.0], [64457.5, 2040.0], [64442.5, 44900.0], [64430.0, 4330.0], [64402.5, 8170.0], [64400.0, 50000.0], [64395.0, 40.0], [64287.5, 30790.0], [64285.0, 15070.0], [64275.0, 50000.0], [64240.0, 32680.0], [64237.5, 30170.0], [64192.5, 29690.0], [64190.0, 10.0], [64180.0, 160.0], [64177.5, 300000.0]], "asks": [[64600.0, 2470.0], [64602.5, 9030.0], [64610.0, 450.0], [64612.5, 1500.0], [64630.0, 40.0], [64642.5, 36920.0], [64677.5, 10260.0], [64715.0, 50000.0], [64717.5, 4470.0], [64765.0, 4960.0], [64767.5, 45320.0], [64777.5, 50000.0], [64810.0, 5010.0], [64812.5, 100.0], [64925.0, 14630.0], [64927.5, 29620.0], [64932.5, 50000.0], [64935.0, 29880.0], [64972.5, 10.0], [65025.0, 50000.0]]}}}
{"jsonrpc": "2.0", "method": "subscription", "params": {"channel": "book.BTC-13FEB26.none.20.100ms", "data": {"timestamp": 1770345507004, "change_id": 138897776051, "instrument_name": "BTC-13FEB26", "bids": [[64595.0, 3100.0], [64590.0, 10.0], [64587.5, 1500.0], [64582.5, 3100.0], [64580.0, 10990.0], [64522.5, 10080.0], [64457.5, 2040.0], [64442.5, 44900.0], [64430.0, 4330.0], [64402.5, 8170.0], [64400.0, 50000.0], [64395.0, 40.0], [64287.5, 30790.0], [64285.0, 15070.0], [64275.0, 50000.0], [64240.0, 32680.0], [64237.5, 30170.0], [64192.5, 29690.0], [64190.0, 10.0], [64180.0, 160.0]], "asks": [[64602.5, 5930.0], [64605.0, 450.0], [64607.5, 1500.0], [64630.0, 40.0], [64640.0, 2570.0], [64642.5, 36920.0], [64677.5, 10260.0], [64715.0, 50000.0], [64717.5, 4470.0], [64765.0, 4960.0], [64767.5, 45320.0], [64777.5, 50000.0], [64810.0, 5010.0], [64812.5, 100.0], [64925.0, 14630.0], [64927.5, 29620.0], [64932.5, 50000.0], [64935.0, 29880.0], [64972.5, 10.0], [65025.0, 50000.0]]}}}
{"jsonrpc": "2.0", "method": "subscription", "params": {"channel": "book.BTC-6FEB26.none.20.100ms", "data": {"timestamp": 1770345507022, "change_id": 138897776095, "instrument_name": "BTC-6FEB26", "bids": [[64610.0, 10.0], [64600.0, 470.0], [64595.0, 7310.0], [64582.5, 10.0], [64535.0, 10250.0], [64460.0, 10.0], [64432.5, 2040.0], [64420.0, 27860.0], [64417.5, 44300.0], [64407.5, 50000.0], [64377.5, 10.0], [64332.5, 20560.0], [64292.5, 50000.0], [64265.0, 32680.0], [64262.5, 39440.0], [64237.5, 40460.0], [64230.0, 160.0], [64220.0, 300000.0], [64200.0, 40.0], [64190.0, 40.0]], "asks": [[64612.5, 5230.0], [64615.0, 5230.0], [64617.5, 5230.0], [64620.0, 6730.0], [64622.5, 11040.0], [64627.5, 10.0], [64662.5, 36930.0], [64675.0, 50000.0], [64717.5, 3090.0], [64720.0, 10350.0], [64750.0, 45320.0], [64752.5, 1190.0], [64787.5, 50000.0], [64845.0, 19980.0], [64912.5, 38810.0], [64917.5, 20570.0], [64935.0, 50000.0], [65000.0, 50000.0], [65030.0, 40610.0], [65132.5, 50.0]]}}}
{"jsonrpc": "2.0", "method": "subscription", "params": {"channel": "book.BTC-13FEB26.none.20.100ms", "data": {"timestamp": 1770345507244, "change_id": 138897776482, "instrument_name": "BTC-13FEB26", "bids": [[64595.0, 3100.0], [64590.0, 10.0], [64587.5, 1500.0], [64585.0, 5930.0], [64582.5, 3100.0], [64580.0, 5060.0], [64522.5, 10080.0], [64457.5, 2040.0], [64442.5, 44900.0], [64430.0, 4330.0], [64402.5, 8170.0], [64400.0, 50000.0], [64395.0, 40.0], [64290.0, 4880.0], [64287.5, 30790.0], [64285.0, 15070.0], [64275.0, 50000.0], [64240.0, 32680.0], [64237.5, 30170.0], [64192.5, 29690.0]], "asks": [[64605.0, 1770.0], [64607.5, 5930.0], [64630.0, 40.0], [64650.0, 1250.0], [64652.5, 36920.0], [64677.5, 10260.0], [64715.0, 50000.0], [64717.5, 4470.0], [64765.0, 4960.0], [64767.5, 45320.0], [64777.5, 50000.0], [64810.0, 5010.0], [64812.5, 100.0], [64925.0, 14630.0], [64927.5, 29620.0], [64932.5, 50000.0], [64935.0, 29880.0], [64972.5, 10.0], [65025.0, 50000.0], [65052.5, 40.0]]}}}
{"jsonrpc": "2.0", "method": "subscription", "params": {"channel": "book.BTC-6FEB26.none.20.100ms", "data": {"timestamp": 1770345507299, "change_id": 138897776630, "instrument_name": "BTC-6FEB26", "bids": [[64610.0, 10.0], [64600.0, 470.0], [64595.0, 7310.0], [64582.5, 10.0], [64535.0, 10250.0], [64460.0, 10.0], [64432.5, 2040.0], [64420.0, 27860.0], [64417.5, 44300.0], [64407.5, 50000.0], [64377.5, 10.0], [64332.5, 20560.0], [64292.5, 50000.0], [64265.0, 32680.0], [64262.5, 39440.0], [64237.5, 40460.0], [64230.0, 160.0], [64220.0, 300000.0], [64200.0, 40.0], [64190.0, 40.0]], "asks": [[64612.5, 5230.0], [64615.0, 5230.0], [64617.5, 6790.0], [64620.0, 8530.0], [64622.5, 11040.0], [64627.5, 10.0], [64670.0, 36930.0], [64675.0, 50000.0], [64717.5, 3090.0], [64720.0, 10350.0], [64750.0, 45320.0], [64752.5, 1190.0], [64787.5, 50000.0], [64845.0, 19980.0], [64912.5, 38810.0], [64917.5, 20570.0], [64935.0, 50000.0], [65000.0, 50000.0], [65030.0, 40610.0], [65132.5, 50.0]]}}}
{"jsonrpc": "2.0", "method": "subscription", "params": {"channel": "book.BTC-13FEB26.none.20.100ms", "data": {"timestamp": 1770345507495, "change_id": 138897777137, "instrument_name": "BTC-13FEB26", "bids": [[64595.0, 3100.0], [64592.5, 1500.0], [64590.0, 10.0], [64585.0, 5930.0], [64582.5, 3100.0], [64580.0, 5060.0], [64522.5, 10080.0], [64457.5, 2040.0], [64442.5, 44900.0], [64430.0, 4330.0], [64402.5, 8170.0], [64400.0, 50000.0], [64395.0, 40.0], [64290.0, 4880.0], [64287.5, 30790.0], [64285.0, 15070.0], [64275.0, 50000.0], [64240.0, 32680.0], [64237.5, 30170.0], [64192.5, 29690.0]], "asks": [[64605.0, 1770.0], [64607.5, 5930.0], [64610.0, 450.0], [64612.5, 1500.0], [64630.0, 40.0], [64650.0, 800.0], [64652.5, 36920.0], [64677.5, 10260.0], [64715.0, 50000.0], [64717.5, 4470.0], [64765.0, 4960.0], [64767.5, 45320.0], [64777.5, 50000.0], [64810.0, 5010.0], [64812.5, 100.0], [64925.0, 14630.0], [64927.5, 29620.0], [64932.5, 50000.0], [64935.0, 29880.0], [64972.5, 10.0]]}}}
{"jsonrpc": "2.0", "method": "subscription", "params": {"channel": "book.BTC-6FEB26.none.20.100ms", "data": {"timestamp": 1770345507458, "change_id": 138897777050, "instrument_name": "BTC-6FEB26", "bids": [[64610.0, 10.0], [64602.5, 1500.0], [64600.0, 470.0], [64595.0, 5810.0], [64582.5, 10.0], [64535.0, 10250.0], [64460.0, 10.0], [64432.5, 2040.0], [64420.0, 27860.0], [64417.5, 44300.0], [64407.5, 50000.0], [64377.5, 10.0], [64332.5, 20560.0], [64292.5, 50000.0], [64265.0, 32680.0], [64262.5, 39440.0], [64237.5, 40460.0], [64230.0, 160.0], [64220.0, 300000.0], [64200.0, 40.0]], "asks": [[64612.5, 5230.0], [64615.0, 5230.0], [64617.5, 6790.0], [64620.0, 8530.0], [64622.5, 12540.0], [64627.5, 10.0], [64670.0, 36930.0], [64675.0, 50000.0], [64717.5, 3090.0], [64720.0, 10350.0], [64750.0, 45320.0], [64752.5, 1190.0], [64787.5, 50000.0], [64845.0, 19980.0], [64912.5, 38810.0], [64917.5, 20570.0], [64935.0, 50000.0], [65000.0, 50000.0], [65030.0, 40610.0], [65132.5, 50.0]]}}}
{"jsonrpc": "2.0", "method": "subscription", "params": {"channel": "book.BTC-13FEB26.none.20.100ms", "data": {"timestamp": 1770345507992, "change_id": 138897778247, "instrument_name": "BTC-13FEB26", "bids": [[64595.0, 3100.0], [64592.5, 1500.0], [64590.0, 10.0], [64587.5, 3100.0], [64585.0, 5930.0], [64582.5, 3100.0], [64580.0, 5060.0], [64522.5, 10080.0], [64457.5, 2040.0], [64442.5, 44900.0], [64430.0, 4330.0], [64402.5, 8170.0], [64400.0, 50000.0], [64395.0, 40.0], [64290.0, 4880.0], [64287.5, 30790.0], [64285.0, 15070.0], [64275.0, 50000.0], [64240.0, 32680.0], [64237.5, 30170.0]], "asks": [[64602.5, 930.0], [64605.0, 4870.0], [64607.5, 7430.0], [64625.0, 320.0], [64627.5, 3100.0], [64630.0, 40.0], [64652.5, 36920.0], [64677.5, 10260.0], [64715.0, 50000.0], [64717.5, 4470.0], [64765.0, 4960.0], [64767.5, 45320.0], [64777.5, 50000.0], [64810.0, 5010.0], [64812.5, 100.0], [64925.0, 14630.0], [64927.5, 29620.0], [64932.5, 50000.0], [64935.0, 29880.0], [64972.5, 10.0]]}}}
{"jsonrpc": "2.0", "method": "subscription", "params": {"channel": "book.BTC-6FEB26.none.20.100ms", "data": {"timestamp": 1770345507774, "change_id": 138897777654, "instrument_name": "BTC-6FEB26", "bids": [[64610.0, 10.0], [64602.5, 1500.0], [64600.0, 470.0], [64595.0, 5810.0], [64582.5, 10.0], [64535.0, 10250.0], [64460.0, 10.0], [64432.5, 2040.0], [64420.0, 27860.0], [64417.5, 44300.0], [64407.5, 50000.0], [64377.5, 10.0], [64332.5, 20560.0], [64292.5, 50000.0], [64265.0, 32680.0], [64262.5, 39440.0], [64237.5, 40460.0], [64230.0, 160.0], [64220.0, 300000.0], [64200.0, 40.0]], "asks": [[64612.5, 5230.0], [64615.0, 7240.0], [64617.5, 8290.0], [64620.0, 8530.0], [64622.5, 11040.0], [64627.5, 10.0], [64667.5, 4790.0], [64670.0, 36930.0], [64675.0, 50000.0], [64720.0, 10350.0], [64750.0, 45320.0], [64752.5, 1190.0], [64787.5, 50000.0], [64845.0, 19980.0], [64912.5, 38810.0], [64917.5, 20570.0], [64935.0, 50000.0], [65000.0, 50000.0], [65030.0, 40610.0], [65132.5, 50.0]]}}}
{"jsonrpc": "2.0", "method": "subscription", "params": {"channel": "book.BTC-13FEB26.none.20.100ms", "data": {"timestamp": 1770345508245, "change_id": 138897778818, "instrument_name": "BTC-13FEB26", "bids": [[64590.0, 10.0], [64587.5, 3100.0], [64585.0, 1500.0], [64582.5, 3100.0], [64580.0, 5060.0], [64577.5, 5930.0], [64522.5, 10080.0], [64457.5, 2040.0], [64442.5, 44900.0], [64430.0, 4330.0], [64402.5, 8170.0], [64400.0, 50000.0], [64395.0, 40.0], [64290.0, 4880.0], [64287.5, 30790.0], [64285.0, 15070.0], [64275.0, 50000.0], [64240.0, 32680.0], [64237.5, 30170.0], [64220.0, 300000.0]], "asks": [[64597.5, 1770.0], [64600.0, 5930.0], [64602.5, 930.0], [64605.0, 3420.0], [64607.5, 1500.0], [64617.5, 31010.0], [64627.5, 3100.0], [64630.0, 40.0], [64652.5, 36920.0], [64655.0, 50000.0], [64677.5, 10260.0], [64717.5, 4470.0], [64765.0, 4960.0], [64767.5, 45320.0], [64777.5, 50000.0], [64810.0, 5010.0], [64812.5, 100.0], [64925.0, 14630.0], [64927.5, 29620.0], [64932.5, 50000.0]]}}}
{"jsonrpc": "2.0", "method": "subscription", "params": {"channel": "book.BTC-6FEB26.none.20.100ms", "data": {"timestamp": 1770345508170, "change_id": 138897778481, "instrument_name": "BTC-6FEB26", "bids": [[64610.0, 10.0], [64600.0, 470.0], [64595.0, 7310.0], [64582.5, 10.0], [64535.0, 10250.0], [64460.0, 10.0], [64432.5, 2040.0], [64420.0, 27860.0], [64417.5, 44300.0], [64407.5, 50000.0], [64377.5, 10.0], [64332.5, 20560.0], [64292.5, 50000.0], [64265.0, 32680.0], [64262.5, 39440.0], [64237.5, 40460.0], [64230.0, 160.0], [64220.0, 300000.0], [64200.0, 40.0], [64190.0, 40.0]], "asks": [[64612.5, 5230.0], [64615.0, 7240.0], [64617.5, 8290.0], [64620.0, 8530.0], [64622.5, 11040.0], [64627.5, 10.0], [64667.5, 4790.0], [64670.0, 36930.0], [64675.0, 50000.0], [64720.0, 10350.0], [64750.0, 45320.0], [64752.5, 1190.0], [64787.5, 50000.0], [64845.0, 19980.0], [64912.5, 38810.0], [64917.5, 20570.0], [64935.0, 50000.0], [65000.0, 50000.0], [65030.0, 40610.0], [65132.5, 50.0]]}}}
{"jsonrpc": "2.0", "method": "subscription", "params": {"channel": "book.BTC-13FEB26.none.20.100ms", "data": {"timestamp": 1770345508590, "change_id": 138897779825, "instrument_name": "BTC-13FEB26", "bids": [[64590.0, 1510.0], [64587.5, 3100.0], [64582.5, 3100.0], [64580.0, 5060.0], [64577.5, 5930.0], [64522.5, 10080.0], [64457.5, 2040.0], [64442.5, 44900.0], [64430.0, 4330.0], [64402.5, 8170.0], [64400.0, 50000.0], [64395.0, 40.0], [64290.0, 4880.0], [64287.5, 30790.0], [64285.0, 15070.0], [64275.0, 50000.0], [64240.0, 32680.0], [64237.5, 30170.0], [64220.0, 300000.0], [64192.5, 29690.0]], "asks": [[64600.0, 5930.0], [64605.0, 320.0], [64607.5, 1500.0], [64615.0, 2700.0], [64617.5, 31010.0], [64627.5, 3100.0], [64630.0, 40.0], [64650.0, 50000.0], [64652.5, 36920.0], [64677.5, 10260.0], [64717.5, 4470.0], [64765.0, 4960.0], [64767.5, 45320.0], [64777.5, 50000.0], [64810.0, 5010.0], [64812.5, 100.0], [64925.0, 14630.0], [64927.5, 29620.0], [64932.5, 50000.0], [64935.0, 29880.0]]}}}
{"jsonrpc": "2.0", "method": "subscription", "params": {"channel": "book.BTC-6FEB26.none.20.100ms", "data": {"timestamp": 1770345508601, "change_id": 138897779849, "instrument_name": "BTC-6FEB26", "bids": [[64610.0, 10.0], [64600.0, 1970.0], [64595.0, 5810.0], [64582.5, 10.0], [64535.0, 10250.0], [64460.0, 10.0], [64432.5, 2040.0], [64420.0, 27860.0], [64417.5, 44300.0], [64407.5, 50000.0], [64377.5, 10.0], [64332.5, 20560.0], [64292.5, 50000.0], [64265.0, 32680.0], [64262.5, 39440.0], [64237.5, 40460.0], [64230.0, 160.0], [64220.0, 300000.0], [64200.0, 40.0], [64190.0, 40.0]], "asks": [[64612.5, 5230.0], [64615.0, 5230.0], [64617.5, 8290.0], [64620.0, 8530.0], [64622.5, 11040.0], [64627.5, 10.0], [64667.5, 4790.0], [64670.0, 36930.0], [64675.0, 50000.0], [64720.0, 10350.0], [64750.0, 45320.0], [64752.5, 1190.0], [64787.5, 50000.0], [64845.0, 19980.0], [64912.5, 38810.0], [64917.5, 20570.0], [64935.0, 50000.0], [65000.0, 50000.0], [65030.0, 40610.0], [65132.5, 50.0]]}}}
{"jsonrpc": "2.0", "method": "subscription", "params": {"channel": "book.BTC-13FEB26.none.20.100ms", "data": {"timestamp": 1770345508991, "change_id": 138897780900, "instrument_name": "BTC-13FEB26", "bids": [[64595.0, 4600.0], [64590.0, 3110.0], [64587.5, 3100.0], [64585.0, 10990.0], [64522.5, 10080.0], [64457.5, 2040.0], [64442.5, 44900.0], [64430.0, 4330.0], [64402.5, 8170.0], [64400.0, 50000.0], [64395.0, 40.0], [64290.0, 4880.0], [64287.5, 30790.0], [64285.0, 15070.0], [64275.0, 50000.0], [64240.0, 32680.0], [64237.5, 30170.0], [64220.0, 300000.0], [64192.5, 29690.0], [64190.0, 10.0]], "asks": [[64612.5, 450.0], [64615.0, 4070.0], [64617.5, 31010.0], [64627.5, 3100.0], [64630.0, 40.0], [64650.0, 50000.0], [64652.5, 36920.0], [64677.5, 10260.0], [64717.5, 4470.0], [64765.0, 4960.0], [64767.5, 45320.0], [64777.5, 50000.0], [64810.0, 5010.0], [64812.5, 100.0], [64925.0, 14630.0], [64927.5, 29620.0], [64932.5, 50000.0], [64935.0, 29880.0], [64972.5, 10.0], [65025.0, 50000.0]]}}}
{"jsonrpc": "2.0", "method": "subscription", "params": {"channel": "book.BTC-6FEB26.none.20.100ms", "data": {"timestamp": 1770345508984, "change_id": 138897780884, "instrument_name": "BTC-6FEB26", "bids": [[64610.0, 10.0], [64605.0, 1500.0], [64600.0, 470.0], [64595.0, 5810.0], [64582.5, 10.0], [64535.0, 10250.0], [64460.0, 10.0], [64432.5, 2040.0], [64420.0, 27860.0], [64417.5, 44300.0], [64407.5, 50000.0], [64377.5, 10.0], [64332.5, 20560.0], [64292.5, 50000.0], [64265.0, 32680.0], [64262.5, 39440.0], [64237.5, 40460.0], [64230.0, 160.0], [64220.0, 300000.0], [64200.0, 40.0]], "asks": [[64615.0, 5230.0], [64617.5, 5230.0], [64620.0, 5230.0], [64622.5, 7240.0], [64625.0, 6730.0], [64627.5, 10.0], [64667.5, 4790.0], [64670.0, 36930.0], [64675.0, 50000.0], [64717.5, 2010.0], [64720.0, 10350.0], [64750.0, 45320.0], [64752.5, 1190.0], [64787.5, 50000.0], [64845.0, 19980.0], [64912.5, 38810.0], [64917.5, 20570.0], [64935.0, 50000.0], [65000.0, 50000.0], [65030.0, 40610.0]]}}}
{"jsonrpc": "2.0", "method": "subscription", "params": {"channel": "book.BTC-13FEB26.none.20.100ms", "data": {"timestamp": 1770345509132, "change_id": 138897781075, "instrument_name": "BTC-13FEB26", "bids": [[64595.0, 4600.0], [64590.0, 3110.0], [64587.5, 3100.0], [64585.0, 10990.0], [64522.5, 10080.0], [64457.5, 2040.0], [64442.5, 44900.0], [64430.0, 4330.0], [64402.5, 8170.0], [64400.0, 50000.0], [64395.0, 40.0], [64290.0, 4880.0], [64287.5, 30790.0], [64285.0, 15070.0], [64275.0, 50000.0], [64240.0, 32680.0], [64237.5, 30170.0], [64220.0, 300000.0], [64192.5, 29690.0], [64190.0, 10.0]], "asks": [[64605.0, 1770.0], [64607.5, 5930.0], [64612.5, 450.0], [64615.0, 2300.0], [64617.5, 31010.0], [64627.5, 3100.0], [64630.0, 40.0], [64650.0, 50000.0], [64652.5, 36920.0], [64677.5, 10260.0], [64717.5, 4470.0], [64765.0, 4960.0], [64767.5, 45320.0], [64777.5, 50000.0], [64810.0, 5010.0], [64812.5, 100.0], [64925.0, 14630.0], [64927.5, 29620.0], [64932.5, 50000.0], [64935.0, 29880.0]]}}}
{"jsonrpc": "2.0", "method": "subscription", "params": {"channel": "book.BTC-6FEB26.none.20.100ms", "data": {"timestamp": 1770345509262, "change_id": 138897781208, "instrument_name": "BTC-6FEB26", "bids": [[64610.0, 10.0], [64605.0, 1500.0], [64600.0, 470.0], [64595.0, 5810.0], [64582.5, 10.0], [64535.0, 10250.0], [64460.0, 10.0], [64432.5, 2040.0], [64420.0, 27860.0], [64417.5, 44300.0], [64407.5, 50000.0], [64377.5, 10.0], [64332.5, 20560.0], [64292.5, 50000.0], [64265.0, 32680.0], [64262.5, 39440.0], [64237.5, 40460.0], [64230.0, 160.0], [64220.0, 300000.0], [64200.0, 40.0]], "asks": [[64617.5, 5230.0], [64620.0, 6790.0], [64622.5, 8720.0], [64625.0, 14100.0], [64627.5, 5240.0], [64670.0, 36930.0], [64675.0, 50000.0], [64720.0, 10350.0], [64750.0, 45320.0], [64752.5, 1190.0], [64787.5, 50000.0], [64845.0, 19980.0], [64912.5, 38810.0], [64917.5, 20570.0], [64935.0, 50000.0], [65000.0, 50000.0], [65030.0, 40610.0], [65132.5, 50.0], [65135.0, 59430.0], [65167.5, 60680.0]]}}}
{"jsonrpc": "2.0", "method": "subscription", "params": {"channel": "book.BTC-6FEB26.none.20.100ms", "data": {"timestamp": 1770345509409, "change_id": 138897781572, "instrument_name": "BTC-6FEB26", "bids": [[64610.0, 10.0], [64605.0, 1500.0], [64600.0, 470.0], [64595.0, 5810.0], [64582.5, 10.0], [64535.0, 10250.0], [64460.0, 10.0], [64432.5, 2040.0], [64420.0, 27860.0], [64417.5, 44300.0], [64407.5, 50000.0], [64377.5, 10.0], [64332.5, 20560.0], [64292.5, 50000.0], [64265.0, 32680.0], [64262.5, 39440.0], [64237.5, 40460.0], [64230.0, 160.0], [64220.0, 300000.0], [64200.0, 40.0]], "asks": [[64620.0, 6790.0], [64622.5, 8720.0], [64625.0, 14100.0], [64627.5, 6800.0], [64630.0, 5230.0], [64670.0, 36930.0], [64675.0, 50000.0], [64720.0, 10350.0], [64750.0, 45320.0], [64752.5, 1190.0], [64787.5, 50000.0], [64845.0, 19980.0], [64912.5, 38810.0], [64917.5, 20570.0], [64935.0, 50000.0], [65000.0, 50000.0], [65030.0, 40610.0], [65132.5, 50.0], [65135.0, 59430.0], [65167.5, 60680.0]]}}}
{"jsonrpc": "2.0", "method": "subscription", "params": {"channel": "book.BTC-13FEB26.none.20.100ms", "data": {"timestamp": 1770345509965, "change_id": 138897783028, "instrument_name": "BTC-13FEB26", "bids": [[64595.0, 4600.0], [64592.5, 3100.0], [64590.0, 10.0], [64587.5, 3100.0], [64585.0, 10990.0], [64522.5, 10080.0], [64457.5, 2040.0], [64442.5, 44900.0], [64430.0, 4330.0], [64402.5, 8170.0], [64400.0, 50000.0], [64395.0, 40.0], [64290.0, 4880.0], [64287.5, 30790.0], [64285.0, 15070.0], [64275.0, 50000.0], [64240.0, 32680.0], [64237.5, 30170.0], [64220.0, 300000.0], [64192.5, 29690.0]], "asks": [[64605.0, 1770.0], [64607.5, 5930.0], [64612.5, 450.0], [64615.0, 2290.0], [64617.5, 31010.0], [64627.5, 3100.0], [64630.0, 40.0], [64650.0, 50000.0], [64652.5, 36920.0], [64677.5, 10260.0], [64717.5, 4470.0], [64765.0, 4960.0], [64767.5, 45320.0], [64777.5, 50000.0], [64810.0, 5010.0], [64812.5, 100.0], [64925.0, 14630.0], [64927.5, 29620.0], [64932.5, 50000.0], [64935.0, 29880.0]]}}}
{"jsonrpc": "2.0", "method": "subscription", "params": {"channel": "book.BTC-6FEB26.none.20.100ms", "data": {"timestamp": 1770345509960, "change_id": 138897783017, "instrument_name": "BTC-6FEB26", "bids": [[64610.0, 10.0], [64605.0, 1500.0], [64600.0, 470.0], [64595.0, 5810.0], [64582.5, 10.0], [64535.0, 10250.0], [64460.0, 10.0], [64432.5, 2040.0], [64422.5, 19690.0], [64420.0, 8170.0], [64417.5, 44300.0], [64407.5, 50000.0], [64377.5, 10.0], [64332.5, 20560.0], [64292.5, 50000.0], [64265.0, 32680.0], [64262.5, 39440.0], [64237.5, 40460.0], [64230.0, 160.0], [64220.0, 300000.0]], "asks": [[64617.5, 6790.0], [64620.0, 6790.0], [64622.5, 8720.0], [64625.0, 14100.0], [64627.5, 5240.0], [64667.5, 1930.0], [64670.0, 36930.0], [64675.0, 50000.0], [64717.5, 1560.0], [64720.0, 10350.0], [64750.0, 45320.0], [64752.5, 1190.0], [64787.5, 50000.0], [64845.0, 19980.0], [64912.5, 38810.0], [64917.5, 20570.0], [64935.0, 50000.0], [65000.0, 50000.0], [65030.0, 40610.0], [65132.5, 50.0]]}}}
{"jsonrpc": "2.0", "method": "subscription", "params": {"channel": "book.BTC-6FEB26.none.20.100ms", "data": {"timestamp": 1770345510341, "change_id": 138897783803, "instrument_name": "BTC-6FEB26", "bids": [[64610.0, 10.0], [64605.0, 1500.0], [64600.0, 470.0], [64595.0, 5810.0], [64582.5, 10.0], [64535.0, 10250.0], [64460.0, 10.0], [64432.5, 2040.0], [64422.5, 19690.0], [64420.0, 8170.0], [64417.5, 44300.0], [64407.5, 50000.0], [64377.5, 10.0], [64332.5, 20560.0], [64292.5, 50000.0], [64265.0, 32680.0], [64262.5, 39440.0], [64237.5, 40460.0], [64230.0, 160.0], [64220.0, 300000.0]], "asks": [[64620.0, 6790.0], [64622.5, 8720.0], [64625.0, 14100.0], [64627.5, 6800.0], [64630.0, 5220.0], [64667.5, 1930.0], [64670.0, 36930.0], [64675.0, 50000.0], [64717.5, 1560.0], [64720.0, 10350.0], [64750.0, 45320.0], [64752.5, 1190.0], [64787.5, 50000.0], [64845.0, 19980.0], [64912.5, 38810.0], [64917.5, 20570.0], [64935.0, 50000.0], [65000.0, 50000.0], [65030.0, 40610.0], [65132.5, 50.0]]}}}
{"jsonrpc": "2.0", "method": "subscription", "params": {"channel": "book.BTC-13FEB26.none.20.100ms", "data": {"timestamp": 1770345511310, "change_id": 138897786280, "instrument_name": "BTC-13FEB26", "bids": [[64600.0, 10530.0], [64595.0, 3100.0], [64592.5, 3100.0], [64590.0, 5070.0], [64587.5, 3100.0], [64522.5, 10080.0], [64457.5, 2040.0], [64442.5, 44900.0], [64430.0, 4330.0], [64405.0, 4880.0], [64402.5, 8170.0], [64400.0, 50000.0], [64395.0, 40.0], [64287.5, 30790.0], [64285.0, 15070.0], [64275.0, 50000.0], [64240.0, 32680.0], [64237.5, 30170.0], [64220.0, 300000.0], [64192.5, 29690.0]], "asks": [[64620.0, 1770.0], [64622.5, 5930.0], [64642.5, 100.0], [64660.0, 1230.0], [64662.5, 36920.0], [64675.0, 50000.0], [64677.5, 10260.0], [64717.5, 4470.0], [64765.0, 4960.0], [64767.5, 45320.0], [64777.5, 50000.0], [64810.0, 5010.0], [64812.5, 100.0], [64925.0, 14630.0], [64927.5, 29620.0], [64932.5, 50000.0], [64935.0, 29880.0], [64972.5, 10.0], [65025.0, 50000.0], [65052.5, 40.0]]}}}
{"jsonrpc": "2.0", "method": "subscription", "params": {"channel": "book.BTC-6FEB26.none.20.100ms", "data": {"timestamp": 1770345511325, "change_id": 138897786330, "instrument_name": "BTC-6FEB26", "bids": [[64615.0, 7260.0], [64612.5, 9810.0], [64610.0, 10.0], [64605.0, 1500.0], [64600.0, 470.0], [64582.5, 10.0], [64535.0, 10250.0], [64460.0, 10.0], [64432.5, 2040.0], [64420.0, 8170.0], [64417.5, 44300.0], [64407.5, 50000.0], [64377.5, 10.0], [64332.5, 20560.0], [64292.5, 50000.0], [64265.0, 32680.0], [64262.5, 39440.0], [64237.5, 40460.0], [64230.0, 160.0], [64220.0, 300000.0]], "asks": [[64620.0, 5230.0], [64622.5, 5230.0], [64625.0, 5230.0], [64627.5, 5230.0], [64630.0, 5220.0], [64635.0, 10.0], [64640.0, 1730.0], [64642.5, 5810.0], [64667.5, 51930.0], [64680.0, 36930.0], [64720.0, 10350.0], [64750.0, 45320.0], [64752.5, 1190.0], [64787.5, 50000.0], [64845.0, 19980.0], [64912.5, 38810.0], [64917.5, 20570.0], [64935.0, 50000.0], [65000.0, 50000.0], [65030.0, 40610.0]]}}}
{"jsonrpc": "2.0", "method": "subscription", "params": {"channel": "book.BTC-13FEB26.none.20.100ms", "data": {"timestamp": 1770345511643, "change_id": 138897787683, "instrument_name": "BTC-13FEB26", "bids": [[64600.0, 4600.0], [64595.0, 3100.0], [64592.5, 3100.0], [64590.0, 5070.0], [64587.5, 3100.0], [64585.0, 5930.0], [64522.5, 10080.0], [64457.5, 2040.0], [64442.5, 44900.0], [64430.0, 4330.0], [64405.0, 4880.0], [64402.5, 8170.0], [64400.0, 50000.0], [64395.0, 40.0], [64287.5, 30790.0], [64285.0, 15070.0], [64275.0, 50000.0], [64240.0, 32680.0], [64237.5, 30170.0], [64220.0, 300000.0]], "asks": [[64612.5, 1770.0], [64615.0, 5930.0], [64640.0, 40.0], [64650.0, 1230.0], [64652.5, 36920.0], [64675.0, 50000.0], [64677.5, 10260.0], [64717.5, 4470.0], [64765.0, 4960.0], [64767.5, 45320.0], [64777.5, 50000.0], [64810.0, 5010.0], [64812.5, 100.0], [64925.0, 14630.0], [64927.5, 29620.0], [64932.5, 50000.0], [64935.0, 29880.0], [64972.5, 10.0], [65025.0, 50000.0], [65052.5, 40.0]]}}}
{"jsonrpc": "2.0", "method": "subscription", "params": {"channel": "book.BTC-6FEB26.none.20.100ms", "data": {"timestamp": 1770345511662, "change_id": 138897787735, "instrument_name": "BTC-6FEB26", "bids": [[64610.0, 10.0], [64607.5, 5810.0], [64600.0, 470.0], [64582.5, 10.0], [64535.0, 10250.0], [64460.0, 10.0], [64432.5, 2040.0], [64420.0, 8170.0], [64417.5, 44300.0], [64407.5, 50000.0], [64377.5, 10.0], [64332.5, 20560.0], [64292.5, 50000.0], [64265.0, 32680.0], [64262.5, 39440.0], [64237.5, 40460.0], [64230.0, 160.0], [64220.0, 300000.0], [64200.0, 40.0], [64190.0, 40.0]], "asks": [[64620.0, 5230.0], [64622.5, 6790.0], [64625.0, 6790.0], [64627.5, 6800.0], [64630.0, 6950.0], [64632.5, 5810.0], [64667.5, 50000.0], [64670.0, 36930.0], [64720.0, 10350.0], [64750.0, 45320.0], [64752.5, 1190.0], [64787.5, 50000.0], [64845.0, 19980.0], [64912.5, 38810.0], [64917.5, 20570.0], [64935.0, 50000.0], [65000.0, 50000.0], [65030.0, 40610.0], [65132.5, 50.0], [65135.0, 59430.0]]}}}
{"jsonrpc": "2.0", "method": "subscription", "params": {"channel": "book.BTC-13FEB26.none.20.100ms", "data": {"timestamp": 1770345511984, "change_id": 138897788535, "instrument_name": "BTC-13FEB26", "bids": [[64600.0, 4600.0], [64595.0, 3100.0], [64592.5, 9030.0], [64590.0, 5070.0], [64522.5, 10080.0], [64457.5, 2040.0], [64442.5, 44900.0], [64430.0, 4330.0], [64405.0, 4880.0], [64402.5, 8170.0], [64400.0, 50000.0], [64395.0, 40.0], [64287.5, 30790.0], [64285.0, 15070.0], [64275.0, 50000.0], [64240.0, 32680.0], [64237.5, 30170.0], [64220.0, 300000.0], [64192.5, 29690.0], [64190.0, 10.0]], "asks": [[64615.0, 5930.0], [64640.0, 40.0], [64650.0, 3000.0], [64652.5, 36920.0], [64675.0, 50000.0], [64677.5, 10260.0], [64717.5, 4470.0], [64765.0, 4960.0], [64767.5, 45320.0], [64777.5, 50000.0], [64810.0, 5010.0], [64812.5, 100.0], [64925.0, 14630.0], [64927.5, 29620.0], [64932.5, 50000.0], [64935.0, 29880.0], [64972.5, 10.0], [65025.0, 50000.0], [65052.5, 40.0], [65077.5, 30550.0]]}}}
{"jsonrpc": "2.0", "method": "subscription", "params": {"channel": "book.BTC-6FEB26.none.20.100ms", "data": {"timestamp": 1770345511997, "change_id": 138897788553, "instrument_name": "BTC-6FEB26", "bids": [[64612.5, 11030.0], [64610.0, 10.0], [64607.5, 5810.0], [64605.0, 1500.0], [64600.0, 470.0], [64582.5, 10.0], [64535.0, 10250.0], [64460.0, 10.0], [64432.5, 2040.0], [64420.0, 8170.0], [64417.5, 44300.0], [64407.5, 50000.0], [64377.5, 10.0], [64332.5, 20560.0], [64292.5, 50000.0], [64265.0, 32680.0], [64262.5, 39440.0], [64237.5, 40460.0], [64230.0, 160.0], [64220.0, 300000.0]], "asks": [[64620.0, 5230.0], [64622.5, 5230.0], [64625.0, 5230.0], [64627.5, 5230.0], [64630.0, 5220.0], [64632.5, 5810.0], [64635.0, 10.0], [64667.5, 50000.0], [64670.0, 36930.0], [64720.0, 10350.0], [64750.0, 45320.0], [64752.5, 1190.0], [64787.5, 50000.0], [64845.0, 19980.0], [64912.5, 38810.0], [64917.5, 20570.0], [64935.0, 50000.0], [65000.0, 50000.0], [65030.0, 40610.0], [65132.5, 50.0]]}}}
{"jsonrpc": "2.0", "method": "subscription", "params": {"channel": "book.BTC-13FEB26.none.20.100ms", "data": {"timestamp": 1770345512216, "change_id": 138897789496, "instrument_name": "BTC-13FEB26", "bids": [[64600.0, 10530.0], [64595.0, 3100.0], [64592.5, 3100.0], [64590.0, 5070.0], [64522.5, 10080.0], [64457.5, 2040.0], [64442.5, 44900.0], [64430.0, 4330.0], [64402.5, 13050.0], [64400.0, 50000.0], [64395.0, 40.0], [64287.5, 30790.0], [64285.0, 15070.0], [64275.0, 50000.0], [64240.0, 32680.0], [64237.5, 30170.0], [64220.0, 300000.0], [64192.5, 29690.0], [64190.0, 10.0], [64180.0, 160.0]], "asks": [[64620.0, 4030.0], [64622.5, 3100.0], [64625.0, 1620.0], [64627.5, 5930.0], [64650.0, 450.0], [64652.5, 36920.0], [64675.0, 50000.0], [64677.5, 10260.0], [64717.5, 4470.0], [64765.0, 4960.0], [64767.5, 45320.0], [64777.5, 50000.0], [64810.0, 5010.0], [64812.5, 100.0], [64925.0, 14630.0], [64927.5, 29620.0], [64932.5, 50000.0], [64935.0, 29880.0], [64972.5, 10.0], [65025.0, 50000.0]]}}}
{"jsonrpc": "2.0", "method": "subscription", "params": {"channel": "book.BTC-6FEB26.none.20.100ms", "data": {"timestamp": 1770345512290, "change_id": 138897789714, "instrument_name": "BTC-6FEB26", "bids": [[64615.0, 7260.0], [64610.0, 10.0], [64607.5, 13980.0], [64605.0, 21240.0], [64600.0, 470.0], [64582.5, 10.0], [64535.0, 10250.0], [64460.0, 10.0], [64432.5, 2040.0], [64420.0, 8170.0], [64417.5, 44300.0], [64407.5, 50000.0], [64377.5, 10.0], [64332.5, 20560.0], [64292.5, 50000.0], [64265.0, 32680.0], [64262.5, 39440.0], [64237.5, 40460.0], [64230.0, 160.0], [64220.0, 300000.0]], "asks": [[64620.0, 5230.0], [64622.5, 5230.0], [64625.0, 5230.0], [64627.5, 5230.0], [64630.0, 5220.0], [64635.0, 10.0], [64642.5, 1730.0], [64645.0, 5810.0], [64665.0, 9920.0], [64667.5, 50000.0], [64670.0, 36930.0], [64720.0, 10350.0], [64750.0, 45320.0], [64752.5, 1190.0], [64787.5, 50000.0], [64845.0, 19980.0], [64912.5, 38810.0], [64917.5, 20570.0], [64935.0, 50000.0], [65000.0, 50000.0]]}}}
{"jsonrpc": "2.0", "method": "subscription", "params": {"channel": "book.BTC-13FEB26.none.20.100ms", "data": {"timestamp": 1770345512627, "change_id": 138897790740, "instrument_name": "BTC-13FEB26", "bids": [[64605.0, 4600.0], [64600.0, 3100.0], [64595.0, 3100.0], [64592.5, 9030.0], [64590.0, 5070.0], [64522.5, 10080.0], [64457.5, 2040.0], [64442.5, 44900.0], [64430.0, 4330.0], [64402.5, 13050.0], [64400.0, 50000.0], [64395.0, 40.0], [64287.5, 30790.0], [64285.0, 15070.0], [64275.0, 50000.0], [64240.0, 32680.0], [64237.5, 30170.0], [64220.0, 300000.0], [64192.5, 29690.0], [64190.0, 10.0]], "asks": [[64617.5, 2070.0], [64620.0, 6380.0], [64622.5, 1500.0], [64640.0, 480.0], [64642.5, 62040.0], [64650.0, 50000.0], [64652.5, 36920.0], [64677.5, 10260.0], [64717.5, 4470.0], [64765.0, 4960.0], [64767.5, 45320.0], [64777.5, 50000.0], [64810.0, 5010.0], [64812.5, 100.0], [64925.0, 14630.0], [64927.5, 29620.0], [64932.5, 50000.0], [64935.0, 29880.0], [64972.5, 10.0], [65025.0, 50000.0]]}}}
{"jsonrpc": "2.0", "method": "subscription", "params": {"channel": "book.BTC-6FEB26.none.20.100ms", "data": {"timestamp": 1770345512588, "change_id": 138897790659, "instrument_name": "BTC-6FEB26", "bids": [[64617.5, 11030.0], [64612.5, 1500.0], [64610.0, 10.0], [64607.5, 19790.0], [64605.0, 19740.0], [64600.0, 470.0], [64582.5, 10.0], [64535.0, 10250.0], [64460.0, 10.0], [64432.5, 2040.0], [64420.0, 8170.0], [64417.5, 44300.0], [64407.5, 50000.0], [64377.5, 10.0], [64332.5, 20560.0], [64292.5, 50000.0], [64265.0, 32680.0], [64262.5, 39440.0], [64237.5, 40460.0], [64230.0, 160.0]], "asks": [[64620.0, 5230.0], [64622.5, 5230.0], [64625.0, 5230.0], [64627.5, 5230.0], [64630.0, 5220.0], [64632.5, 1500.0], [64635.0, 1740.0], [64637.5, 5810.0], [64667.5, 50000.0], [64670.0, 36930.0], [64720.0, 10350.0], [64750.0, 45320.0], [64752.5, 1190.0], [64787.5, 50000.0], [64845.0, 19980.0], [64912.5, 38810.0], [64917.5, 20570.0], [64935.0, 50000.0], [65000.0, 50000.0], [65030.0, 40610.0]]}}}
{"jsonrpc": "2.0", "method": "subscription", "params": {"channel": "book.BTC-13FEB26.none.20.100ms", "data": {"timestamp": 1770345512932, "change_id": 138897791529, "instrument_name": "BTC-13FEB26", "bids": [[64605.0, 4600.0], [64595.0, 3100.0], [64592.5, 9030.0], [64590.0, 5070.0], [64522.5, 10080.0], [64457.5, 2040.0], [64445.0, 8170.0], [64442.5, 44900.0], [64430.0, 4330.0], [64402.5, 4880.0], [64400.0, 50000.0], [64395.0, 40.0], [64287.5, 30790.0], [64285.0, 15070.0], [64275.0, 50000.0], [64240.0, 32680.0], [64237.5, 30170.0], [64220.0, 300000.0], [64192.5, 29690.0], [64190.0, 10.0]], "asks": [[64615.0, 3100.0], [64617.5, 2070.0], [64620.0, 6380.0], [64622.5, 1500.0], [64640.0, 520.0], [64642.5, 62040.0], [64650.0, 50000.0], [64652.5, 36920.0], [64677.5, 10260.0], [64717.5, 4470.0], [64765.0, 4960.0], [64767.5, 45320.0], [64777.5, 50000.0], [64810.0, 5010.0], [64812.5, 100.0], [64925.0, 14630.0], [64927.5, 29620.0], [64932.5, 50000.0], [64935.0, 29880.0], [64972.5, 10.0]]}}}
{"jsonrpc": "2.0", "method": "subscription", "params": {"channel": "book.BTC-6FEB26.none.20.100ms", "data": {"timestamp": 1770345512895, "change_id": 138897791348, "instrument_name": "BTC-6FEB26", "bids": [[64617.5, 12530.0], [64610.0, 10.0], [64607.5, 19790.0], [64605.0, 19740.0], [64600.0, 470.0], [64582.5, 10.0], [64535.0, 10250.0], [64460.0, 10.0], [64432.5, 2040.0], [64420.0, 8170.0], [64417.5, 44300.0], [64407.5, 50000.0], [64377.5, 10.0], [64332.5, 20560.0], [64292.5, 50000.0], [64265.0, 32680.0], [64262.5, 39440.0], [64237.5, 40460.0], [64230.0, 160.0], [64220.0, 300000.0]], "asks": [[64620.0, 5230.0], [64622.5, 5230.0], [64625.0, 5230.0], [64627.5, 5230.0], [64630.0, 5220.0], [64632.5, 1500.0], [64635.0, 1740.0], [64637.5, 5810.0], [64667.5, 50000.0], [64670.0, 36930.0], [64720.0, 10350.0], [64750.0, 45320.0], [64752.5, 1190.0], [64787.5, 50000.0], [64845.0, 19980.0], [64912.5, 38810.0], [64917.5, 20570.0], [64935.0, 50000.0], [65000.0, 50000.0], [65030.0, 40610.0]]}}}
{"jsonrpc": "2.0", "method": "subscription", "params": {"channel": "book.BTC-13FEB26.none.20.100ms", "data": {"timestamp": 1770345513245, "change_id": 138897792216, "instrument_name": "BTC-13FEB26", "bids": [[64605.0, 4600.0], [64595.0, 3100.0], [64592.5, 9030.0], [64590.0, 5070.0], [64522.5, 10080.0], [64457.5, 2040.0], [64445.0, 8170.0], [64442.5, 44900.0], [64430.0, 4330.0], [64402.5, 4880.0], [64400.0, 50000.0], [64395.0, 40.0], [64287.5, 30790.0], [64285.0, 15070.0], [64275.0, 50000.0], [64240.0, 32680.0], [64237.5, 30170.0], [64220.0, 300000.0], [64192.5, 29690.0], [64190.0, 10.0]], "asks": [[64617.5, 2070.0], [64620.0, 6380.0], [64622.5, 1500.0], [64640.0, 40.0], [64647.5, 480.0], [64650.0, 50000.0], [64652.5, 36920.0], [64677.5, 10260.0], [64717.5, 4470.0], [64765.0, 4960.0], [64767.5, 45320.0], [64777.5, 50000.0], [64810.0, 5010.0], [64812.5, 100.0], [64925.0, 14630.0], [64927.5, 29620.0], [64932.5, 50000.0], [64935.0, 29880.0], [64972.5, 10.0], [65025.0, 50000.0]]}}}
{"jsonrpc": "2.0", "method": "subscription", "params": {"channel": "book.BTC-6FEB26.none.20.100ms", "data": {"timestamp": 1770345513107, "change_id": 138897792109, "instrument_name": "BTC-6FEB26", "bids": [[64617.5, 11030.0], [64615.0, 1500.0], [64610.0, 10.0], [64607.5, 19790.0], [64605.0, 19740.0], [64600.0, 470.0], [64582.5, 10.0], [64535.0, 10250.0], [64460.0, 10.0], [64432.5, 2040.0], [64420.0, 8170.0], [64417.5, 44300.0], [64407.5, 50000.0], [64377.5, 10.0], [64332.5, 20560.0], [64292.5, 50000.0], [64265.0, 32680.0], [64262.5, 39440.0], [64237.5, 40460.0], [64230.0, 160.0]], "asks": [[64620.0, 5230.0], [64622.5, 5230.0], [64625.0, 5230.0], [64627.5, 5230.0], [64630.0, 5220.0], [64632.5, 1500.0], [64635.0, 1740.0], [64637.5, 5810.0], [64667.5, 50000.0], [64670.0, 36930.0], [64720.0, 10350.0], [64750.0, 45320.0], [64752.5, 1190.0], [64787.5, 50000.0], [64845.0, 19980.0], [64912.5, 38810.0], [64917.5, 20570.0], [64935.0, 50000.0], [65000.0, 50000.0], [65030.0, 40610.0]]}}}
{"jsonrpc": "2.0", "method": "subscription", "params": {"channel": "book.BTC-13FEB26.none.20.100ms", "data": {"timestamp": 1770345513478, "change_id": 138897792864, "instrument_name": "BTC-13FEB26", "bids": [[64610.0, 4600.0], [64605.0, 3100.0], [64597.5, 5930.0], [64595.0, 3100.0], [64592.5, 3100.0], [64590.0, 5070.0], [64522.5, 10080.0], [64457.5, 2040.0], [64445.0, 8170.0], [64442.5, 44900.0], [64430.0, 4330.0], [64402.5, 4880.0], [64400.0, 50000.0], [64395.0, 40.0], [64287.5, 30790.0], [64285.0, 15070.0], [64275.0, 50000.0], [64240.0, 32680.0], [64237.5, 30170.0], [64220.0, 300000.0]], "asks": [[64620.0, 5930.0], [64627.5, 450.0], [64630.0, 1500.0], [64640.0, 40.0], [64660.0, 2550.0], [64662.5, 36930.0], [64677.5, 10260.0], [64717.5, 4470.0], [64765.0, 54960.0], [64767.5, 45320.0], [64777.5, 50000.0], [64810.0, 5010.0], [64812.5, 100.0], [64925.0, 14630.0], [64927.5, 29620.0], [64932.5, 50000.0], [64935.0, 29880.0], [64972.5, 10.0], [65025.0, 50000.0], [65052.5, 40.0]]}}}
{"jsonrpc": "2.0", "method": "subscription", "params": {"channel": "book.BTC-6FEB26.none.20.100ms", "data": {"timestamp": 1770345513531, "change_id": 138897793005, "instrument_name": "BTC-6FEB26", "bids": [[64617.5, 11030.0], [64615.0, 7310.0], [64610.0, 10.0], [64605.0, 19740.0], [64600.0, 470.0], [64582.5, 10.0], [64535.0, 10250.0], [64460.0, 10.0], [64435.0, 19690.0], [64432.5, 2040.0], [64420.0, 8170.0], [64417.5, 44300.0], [64407.5, 50000.0], [64377.5, 10.0], [64332.5, 20560.0], [64292.5, 50000.0], [64265.0, 32680.0], [64262.5, 39440.0], [64237.5, 40460.0], [64230.0, 160.0]], "asks": [[64620.0, 5230.0], [64622.5, 5230.0], [64625.0, 5230.0], [64627.5, 5230.0], [64630.0, 5220.0], [64635.0, 1740.0], [64637.5, 6260.0], [64640.0, 1500.0], [64677.5, 50000.0], [64680.0, 36930.0], [64720.0, 10350.0], [64750.0, 45320.0], [64752.5, 1190.0], [64787.5, 50000.0], [64845.0, 19980.0], [64912.5, 38810.0], [64917.5, 20570.0], [64935.0, 50000.0], [65000.0, 50000.0], [65030.0, 40610.0]]}}}
{"jsonrpc": "2.0", "method": "subscription", "params": {"channel": "book.BTC-13FEB26.none.20.100ms", "data": {"timestamp": 1770345513923, "change_id": 138897793750, "instrument_name": "BTC-13FEB26", "bids": [[64610.0, 4600.0], [64600.0, 3100.0], [64597.5, 5930.0], [64592.5, 3100.0], [64590.0, 5070.0], [64522.5, 10080.0], [64457.5, 2040.0], [64445.0, 8170.0], [64442.5, 44900.0], [64430.0, 4330.0], [64402.5, 4880.0], [64400.0, 50000.0], [64395.0, 40.0], [64287.5, 30790.0], [64285.0, 15070.0], [64275.0, 50000.0], [64240.0, 32680.0], [64237.5, 30170.0], [64220.0, 300000.0], [64192.5, 29690.0]], "asks": [[64617.5, 1770.0], [64620.0, 5930.0], [64622.5, 300.0], [64625.0, 1500.0], [64627.5, 930.0], [64630.0, 3100.0], [64632.5, 31020.0], [64640.0, 40.0], [64660.0, 50000.0], [64662.5, 36930.0], [64677.5, 10260.0], [64717.5, 4470.0], [64765.0, 4960.0], [64767.5, 45320.0], [64777.5, 50000.0], [64810.0, 5010.0], [64812.5, 100.0], [64925.0, 14630.0], [64927.5, 29620.0], [64932.5, 50000.0]]}}}
{"jsonrpc": "2.0", "method": "subscription", "params": {"channel": "book.BTC-6FEB26.none.20.100ms", "data": {"timestamp": 1770345513981, "change_id": 138897793787, "instrument_name": "BTC-6FEB26", "bids": [[64617.5, 11030.0], [64615.0, 7310.0], [64610.0, 10.0], [64605.0, 19740.0], [64600.0, 470.0], [64582.5, 10.0], [64535.0, 10250.0], [64460.0, 10.0], [64435.0, 19690.0], [64432.5, 2040.0], [64420.0, 8170.0], [64417.5, 44300.0], [64407.5, 50000.0], [64377.5, 10.0], [64332.5, 20560.0], [64292.5, 50000.0], [64265.0, 32680.0], [64262.5, 39440.0], [64237.5, 40460.0], [64230.0, 160.0]], "asks": [[64632.5, 5240.0], [64635.0, 9820.0], [64637.5, 12610.0], [64640.0, 6800.0], [64642.5, 5230.0], [64675.0, 5450.0], [64677.5, 50000.0], [64680.0, 36930.0], [64720.0, 10350.0], [64750.0, 45320.0], [64752.5, 1190.0], [64787.5, 50000.0], [64845.0, 19980.0], [64912.5, 38810.0], [64917.5, 20570.0], [64935.0, 50000.0], [65000.0, 50000.0], [65030.0, 40610.0], [65132.5, 50.0], [65135.0, 59430.0]]}}}
{"jsonrpc": "2.0", "method": "subscription", "params": {"channel": "book.BTC-13FEB26.none.20.100ms", "data": {"timestamp": 1770345514300, "change_id": 138897794804, "instrument_name": "BTC-13FEB26", "bids": [[64600.0, 3100.0], [64592.5, 9030.0], [64590.0, 5070.0], [64522.5, 10080.0], [64457.5, 2040.0], [64445.0, 8170.0], [64442.5, 44900.0], [64430.0, 4330.0], [64402.5, 4880.0], [64400.0, 50000.0], [64395.0, 40.0], [64287.5, 30790.0], [64285.0, 15070.0], [64275.0, 50000.0], [64240.0, 32680.0], [64237.5, 30170.0], [64220.0, 300000.0], [64192.5, 29690.0], [64190.0, 10.0], [64180.0, 160.0]], "asks": [[64615.0, 6860.0], [64617.5, 3100.0], [64620.0, 3100.0], [64630.0, 3100.0], [64632.5, 31020.0], [64640.0, 40.0], [64667.5, 50000.0], [64670.0, 36930.0], [64677.5, 10260.0], [64717.5, 4470.0], [64765.0, 4960.0], [64767.5, 45320.0], [64810.0, 5010.0], [64812.5, 100.0], [64815.0, 50000.0], [64925.0, 14630.0], [64927.5, 29620.0], [64932.5, 50000.0], [64935.0, 29880.0], [64972.5, 10.0]]}}}
{"jsonrpc": "2.0", "method": "subscription", "params": {"channel": "book.BTC-6FEB26.none.20.100ms", "data": {"timestamp": 1770345514312, "change_id": 138897794848, "instrument_name": "BTC-6FEB26", "bids": [[64610.0, 10.0], [64607.5, 5810.0], [64605.0, 50750.0], [64600.0, 470.0], [64582.5, 10.0], [64535.0, 10250.0], [64460.0, 10.0], [64435.0, 19690.0], [64432.5, 2040.0], [64420.0, 8170.0], [64417.5, 44300.0], [64407.5, 50000.0], [64377.5, 10.0], [64332.5, 20560.0], [64292.5, 50000.0], [64265.0, 32680.0], [64262.5, 39440.0], [64237.5, 40460.0], [64230.0, 160.0], [64220.0, 300000.0]], "asks": [[64632.5, 10.0], [64635.0, 5240.0], [64637.5, 11050.0], [64640.0, 5240.0], [64642.5, 5220.0], [64645.0, 5220.0], [64682.5, 11650.0], [64685.0, 50000.0], [64687.5, 36930.0], [64720.0, 10350.0], [64750.0, 45320.0], [64752.5, 1190.0], [64825.0, 50000.0], [64845.0, 19980.0], [64912.5, 38810.0], [64917.5, 20570.0], [64935.0, 50000.0], [65000.0, 50000.0], [65030.0, 40610.0], [65132.5, 50.0]]}}}
{"jsonrpc": "2.0", "method": "subscription", "params": {"channel": "book.BTC-13FEB26.none.20.100ms", "data": {"timestamp": 1770345514461, "change_id": 138897795293, "instrument_name": "BTC-13FEB26", "bids": [[64600.0, 4600.0], [64592.5, 9030.0], [64590.0, 5070.0], [64522.5, 10080.0], [64457.5, 2040.0], [64445.0, 8170.0], [64442.5, 44900.0], [64430.0, 4330.0], [64402.5, 4880.0], [64400.0, 50000.0], [64395.0, 40.0], [64287.5, 30790.0], [64285.0, 15070.0], [64275.0, 50000.0], [64240.0, 32680.0], [64237.5, 30170.0], [64220.0, 300000.0], [64192.5, 29690.0], [64190.0, 10.0], [64180.0, 160.0]], "asks": [[64612.5, 1770.0], [64615.0, 6860.0], [64617.5, 3400.0], [64620.0, 4600.0], [64630.0, 3100.0], [64640.0, 40.0], [64667.5, 50000.0], [64670.0, 36930.0], [64677.5, 10260.0], [64717.5, 4470.0], [64765.0, 4960.0], [64767.5, 45320.0], [64810.0, 5010.0], [64812.5, 100.0], [64815.0, 50000.0], [64925.0, 14630.0], [64927.5, 29620.0], [64932.5, 50000.0], [64935.0, 29880.0], [64972.5, 10.0]]}}}
{"jsonrpc": "2.0", "method": "subscription", "params": {"channel": "book.BTC-6FEB26.none.20.100ms", "data": {"timestamp": 1770345514603, "change_id": 138897795715, "instrument_name": "BTC-6FEB26", "bids": [[64612.5, 11030.0], [64610.0, 1510.0], [64607.5, 5810.0], [64600.0, 470.0], [64582.5, 10.0], [64535.0, 10250.0], [64460.0, 10.0], [64435.0, 19690.0], [64432.5, 2040.0], [64420.0, 8170.0], [64417.5, 44300.0], [64407.5, 50000.0], [64377.5, 10.0], [64332.5, 20560.0], [64292.5, 50000.0], [64265.0, 32680.0], [64262.5, 39440.0], [64237.5, 40460.0], [64230.0, 160.0], [64220.0, 300000.0]], "asks": [[64630.0, 1500.0], [64635.0, 5240.0], [64637.5, 11050.0], [64640.0, 5240.0], [64642.5, 5230.0], [64645.0, 5220.0], [64682.5, 11650.0], [64685.0, 50000.0], [64687.5, 36930.0], [64720.0, 10350.0], [64750.0, 45320.0], [64752.5, 1190.0], [64825.0, 50000.0], [64845.0, 19980.0], [64912.5, 38810.0], [64917.5, 20570.0], [64935.0, 50000.0], [65000.0, 50000.0], [65030.0, 40610.0], [65132.5, 50.0]]}}}
{"jsonrpc": "2.0", "method": "subscription", "params": {"channel": "book.BTC-13FEB26.none.20.100ms", "data": {"timestamp": 1770345514915, "change_id": 138897796370, "instrument_name": "BTC-13FEB26", "bids": [[64600.0, 10530.0], [64592.5, 3100.0], [64590.0, 5070.0], [64522.5, 10080.0], [64457.5, 2040.0], [64445.0, 8170.0], [64442.5, 44900.0], [64430.0, 4330.0], [64402.5, 4880.0], [64400.0, 50000.0], [64395.0, 40.0], [64287.5, 30790.0], [64285.0, 15070.0], [64275.0, 50000.0], [64240.0, 32680.0], [64237.5, 30170.0], [64220.0, 300000.0], [64192.5, 29690.0], [64190.0, 10.0], [64180.0, 160.0]], "asks": [[64620.0, 4870.0], [64622.5, 5930.0], [64640.0, 40.0], [64670.0, 36930.0], [64675.0, 50000.0], [64677.5, 10260.0], [64717.5, 4470.0], [64765.0, 4960.0], [64767.5, 45320.0], [64810.0, 5010.0], [64812.5, 100.0], [64815.0, 50000.0], [64925.0, 14630.0], [64927.5, 29620.0], [64932.5, 50000.0], [64935.0, 29880.0], [64972.5, 10.0], [65025.0, 50000.0], [65052.5, 40.0], [65077.5, 30550.0]]}}}
{"jsonrpc": "2.0", "method": "subscription", "params": {"channel": "book.BTC-6FEB26.none.20.100ms", "data": {"timestamp": 1770345514923, "change_id": 138897796543, "instrument_name": "BTC-6FEB26", "bids": [[64615.0, 7260.0], [64612.5, 9810.0], [64610.0, 1510.0], [64605.0, 28340.0], [64602.5, 22770.0], [64600.0, 470.0], [64582.5, 10.0], [64535.0, 10250.0], [64460.0, 10.0], [64435.0, 19690.0], [64432.5, 2040.0], [64420.0, 8170.0], [64417.5, 44300.0], [64407.5, 50000.0], [64377.5, 10.0], [64332.5, 20560.0], [64292.5, 50000.0], [64265.0, 32680.0], [64262.5, 39440.0], [64237.5, 40460.0]], "asks": [[64635.0, 5240.0], [64637.5, 11050.0], [64640.0, 5240.0], [64642.5, 5230.0], [64645.0, 5220.0], [64682.5, 11650.0], [64685.0, 50000.0], [64687.5, 36930.0], [64720.0, 10350.0], [64750.0, 45320.0], [64752.5, 1190.0], [64825.0, 50000.0], [64845.0, 19980.0], [64912.5, 38810.0], [64917.5, 20570.0], [64935.0, 50000.0], [65000.0, 50000.0], [65030.0, 40610.0], [65132.5, 50.0], [65135.0, 59430.0]]}}}
{"jsonrpc": "2.0", "method": "subscription", "params": {"channel": "book.BTC-13FEB26.none.20.100ms", "data": {"timestamp": 1770345515195, "change_id": 138897796985, "instrument_name": "BTC-13FEB26", "bids": [[64610.0, 4600.0], [64605.0, 5930.0], [64600.0, 3100.0], [64592.5, 3100.0], [64590.0, 5070.0], [64522.5, 10080.0], [64457.5, 2040.0], [64445.0, 8170.0], [64442.5, 44900.0], [64430.0, 4330.0], [64402.5, 4880.0], [64400.0, 50000.0], [64395.0, 40.0], [64287.5, 30790.0], [64285.0, 15070.0], [64275.0, 50000.0], [64240.0, 32680.0], [64237.5, 30170.0], [64220.0, 300000.0], [64192.5, 29690.0]], "asks": [[64625.0, 1770.0], [64627.5, 5930.0], [64630.0, 450.0], [64632.5, 1500.0], [64640.0, 40.0], [64670.0, 36930.0], [64675.0, 50000.0], [64677.5, 10260.0], [64717.5, 4470.0], [64765.0, 4960.0], [64767.5, 45320.0], [64810.0, 5010.0], [64812.5, 100.0], [64815.0, 50000.0], [64925.0, 14630.0], [64927.5, 29620.0], [64932.5, 50000.0], [64935.0, 29880.0], [64972.5, 10.0], [65025.0, 50000.0]]}}}
{"jsonrpc": "2.0", "method": "subscription", "params": {"channel": "book.BTC-6FEB26.none.20.100ms", "data": {"timestamp": 1770345515290, "change_id": 138897797159, "instrument_name": "BTC-6FEB26", "bids": [[64622.5, 7260.0], [64620.0, 1500.0], [64610.0, 10.0], [64605.0, 28340.0], [64602.5, 22770.0], [64600.0, 470.0], [64582.5, 10.0], [64535.0, 10250.0], [64460.0, 10.0], [64435.0, 19690.0], [64432.5, 2040.0], [64420.0, 8170.0], [64417.5, 44300.0], [64407.5, 50000.0], [64377.5, 10.0], [64332.5, 20560.0], [64292.5, 50000.0], [64265.0, 32680.0], [64262.5, 39440.0], [64237.5, 40460.0]], "asks": [[64632.5, 1560.0], [64635.0, 6800.0], [64637.5, 7250.0], [64640.0, 8300.0], [64642.5, 8510.0], [64645.0, 11030.0], [64647.5, 10.0], [64682.5, 1560.0], [64685.0, 50000.0], [64687.5, 36930.0], [64720.0, 10350.0], [64750.0, 45320.0], [64752.5, 1190.0], [64825.0, 50000.0], [64845.0, 19980.0], [64912.5, 38810.0], [64917.5, 20570.0], [64935.0, 50000.0], [65000.0, 50000.0], [65030.0, 40610.0]]}}}
{"jsonrpc": "2.0", "method": "subscription", "params": {"channel": "book.BTC-13FEB26.none.20.100ms", "data": {"timestamp": 1770345515613, "change_id": 138897798169, "instrument_name": "BTC-13FEB26", "bids": [[64612.5, 3110.0], [64610.0, 4600.0], [64605.0, 5930.0], [64600.0, 8160.0], [64592.5, 3100.0], [64522.5, 10080.0], [64457.5, 2040.0], [64445.0, 8170.0], [64442.5, 44900.0], [64430.0, 4330.0], [64405.0, 4880.0], [64400.0, 50000.0], [64395.0, 40.0], [64287.5, 30790.0], [64285.0, 15070.0], [64275.0, 50000.0], [64240.0, 32680.0], [64237.5, 30170.0], [64220.0, 300000.0], [64192.5, 29690.0]], "asks": [[64625.0, 1770.0], [64627.5, 5930.0], [64630.0, 450.0], [64632.5, 1500.0], [64640.0, 40.0], [64667.5, 780.0], [64670.0, 36930.0], [64675.0, 50000.0], [64677.5, 10260.0], [64717.5, 4470.0], [64765.0, 4960.0], [64767.5, 45320.0], [64810.0, 5010.0], [64812.5, 100.0], [64815.0, 50000.0], [64925.0, 14630.0], [64927.5, 29620.0], [64932.5, 50000.0], [64935.0, 29880.0], [64972.5, 10.0]]}}}
{"jsonrpc": "2.0", "method": "subscription", "params": {"channel": "book.BTC-6FEB26.none.20.100ms", "data": {"timestamp": 1770345515610, "change_id": 138897798162, "instrument_name": "BTC-6FEB26", "bids": [[64627.5, 10.0], [64625.0, 11030.0], [64622.5, 5810.0], [64620.0, 1500.0], [64617.5, 130.0], [64605.0, 28340.0], [64602.5, 22770.0], [64582.5, 10.0], [64535.0, 10250.0], [64460.0, 10.0], [64435.0, 19690.0], [64432.5, 2040.0], [64420.0, 8170.0], [64417.5, 44300.0], [64407.5, 50000.0], [64377.5, 10.0], [64335.0, 40460.0], [64332.5, 20560.0], [64292.5, 50000.0], [64265.0, 32680.0]], "asks": [[64635.0, 6800.0], [64637.5, 7250.0], [64640.0, 8300.0], [64642.5, 8510.0], [64645.0, 11040.0], [64682.5, 3230.0], [64685.0, 50000.0], [64687.5, 36930.0], [64720.0, 10350.0], [64750.0, 45320.0], [64822.5, 1190.0], [64825.0, 50000.0], [64845.0, 19980.0], [64912.5, 38810.0], [64917.5, 20570.0], [64935.0, 50000.0], [65000.0, 50000.0], [65030.0, 40610.0], [65132.5, 50.0], [65135.0, 59430.0]]}}}
{"jsonrpc": "2.0", "method": "subscription", "params": {"channel": "book.BTC-13FEB26.none.20.100ms", "data": {"timestamp": 1770345515914, "change_id": 138897798624, "instrument_name": "BTC-13FEB26", "bids": [[64612.5, 3110.0], [64610.0, 1500.0], [64607.5, 3100.0], [64605.0, 5930.0], [64600.0, 5060.0], [64522.5, 10080.0], [64457.5, 2040.0], [64445.0, 8170.0], [64442.5, 44900.0], [64430.0, 4330.0], [64405.0, 4880.0], [64400.0, 50000.0], [64395.0, 40.0], [64287.5, 30790.0], [64285.0, 15070.0], [64275.0, 50000.0], [64240.0, 32680.0], [64237.5, 30170.0], [64220.0, 300000.0], [64192.5, 29690.0]], "asks": [[64622.5, 930.0], [64625.0, 4720.0], [64627.5, 5930.0], [64630.0, 450.0], [64632.5, 1500.0], [64637.5, 3100.0], [64640.0, 40.0], [64667.5, 50000.0], [64670.0, 36930.0], [64677.5, 10260.0], [64717.5, 4470.0], [64765.0, 4960.0], [64767.5, 45320.0], [64810.0, 5010.0], [64812.5, 100.0], [64815.0, 50000.0], [64925.0, 14630.0], [64927.5, 29620.0], [64932.5, 50000.0], [64935.0, 29880.0]]}}}
{"jsonrpc": "2.0", "method": "subscription", "params": {"channel": "book.BTC-6FEB26.none.20.100ms", "data": {"timestamp": 1770345515835, "change_id": 138897798501, "instrument_name": "BTC-6FEB26", "bids": [[64627.5, 10.0], [64625.0, 11030.0], [64622.5, 5810.0], [64620.0, 1500.0], [64617.5, 130.0], [64605.0, 28340.0], [64582.5, 10.0], [64535.0, 10250.0], [64460.0, 10.0], [64435.0, 19690.0], [64432.5, 2040.0], [64420.0, 8170.0], [64417.5, 44300.0], [64407.5, 50000.0], [64377.5, 10.0], [64335.0, 40460.0], [64332.5, 20560.0], [64292.5, 50000.0], [64265.0, 32680.0], [64262.5, 39440.0]], "asks": [[64635.0, 6800.0], [64637.5, 7250.0], [64640.0, 8300.0], [64642.5, 8510.0], [64645.0, 11040.0], [64682.5, 3230.0], [64685.0, 50000.0], [64687.5, 36930.0], [64720.0, 10350.0], [64750.0, 45320.0], [64822.5, 1190.0], [64825.0, 50000.0], [64845.0, 19980.0], [64912.5, 38810.0], [64917.5, 20570.0], [64935.0, 50000.0], [65000.0, 50000.0], [65030.0, 40610.0], [65132.5, 50.0], [65135.0, 59430.0]]}}}
{"jsonrpc": "2.0", "method": "subscription", "params": {"channel": "book.BTC-13FEB26.none.20.100ms", "data": {"timestamp": 1770345516056, "change_id": 138897798943, "instrument_name": "BTC-13FEB26", "bids": [[64612.5, 3110.0], [64610.0, 1500.0], [64607.5, 3100.0], [64605.0, 5930.0], [64600.0, 5060.0], [64522.5, 10080.0], [64457.5, 2040.0], [64445.0, 8170.0], [64442.5, 44900.0], [64430.0, 4330.0], [64405.0, 4880.0], [64400.0, 50000.0], [64395.0, 40.0], [64287.5, 30790.0], [64285.0, 15070.0], [64275.0, 50000.0], [64240.0, 32680.0], [64237.5, 30170.0], [64220.0, 300000.0], [64192.5, 29690.0]], "asks": [[64625.0, 1620.0], [64627.5, 5930.0], [64630.0, 450.0], [64632.5, 1500.0], [64635.0, 930.0], [64637.5, 3100.0], [64640.0, 40.0], [64670.0, 36930.0], [64675.0, 50000.0], [64677.5, 10260.0], [64717.5, 4470.0], [64765.0, 4960.0], [64767.5, 45320.0], [64810.0, 5010.0], [64812.5, 100.0], [64815.0, 50000.0], [64925.0, 14630.0], [64927.5, 29620.0], [64932.5, 50000.0], [64935.0, 29880.0]]}}}
{"jsonrpc": "2.0", "method": "subscription", "params": {"channel": "book.BTC-6FEB26.none.20.100ms", "data": {"timestamp": 1770345516088, "change_id": 138897799015, "instrument_name": "BTC-6FEB26", "bids": [[64627.5, 10.0], [64625.0, 11030.0], [64622.5, 5810.0], [64620.0, 1500.0], [64617.5, 130.0], [64605.0, 28340.0], [64582.5, 10.0], [64535.0, 10250.0], [64460.0, 10.0], [64435.0, 19690.0], [64432.5, 2040.0], [64420.0, 8170.0], [64417.5, 44300.0], [64407.5, 50000.0], [64377.5, 10.0], [64335.0, 40460.0], [64332.5, 20560.0], [64292.5, 50000.0], [64265.0, 32680.0], [64262.5, 39440.0]], "asks": [[64635.0, 5240.0], [64637.5, 7250.0], [64640.0, 8300.0], [64642.5, 8510.0], [64645.0, 11040.0], [64682.5, 4790.0], [64685.0, 50000.0], [64687.5, 36930.0], [64720.0, 10350.0], [64750.0, 45320.0], [64822.5, 1190.0], [64825.0, 50000.0], [64845.0, 19980.0], [64912.5, 38810.0], [64917.5, 20570.0], [64935.0, 50000.0], [65000.0, 50000.0], [65030.0, 40610.0], [65132.5, 50.0], [65135.0, 59430.0]]}}}
{"jsonrpc": "2.0", "method": "subscription", "params": {"channel": "book.BTC-13FEB26.none.20.100ms", "data": {"timestamp": 1770345516626, "change_id": 138897801054, "instrument_name": "BTC-13FEB26", "bids": [[64625.0, 3100.0], [64615.0, 4600.0], [64612.5, 3110.0], [64610.0, 5060.0], [64557.5, 9950.0], [64457.5, 2040.0], [64445.0, 8170.0], [64442.5, 44900.0], [64437.5, 50000.0], [64430.0, 4330.0], [64405.0, 4880.0], [64395.0, 40.0], [64287.5, 30790.0], [64285.0, 15070.0], [64275.0, 50000.0], [64240.0, 32680.0], [64237.5, 30170.0], [64220.0, 300000.0], [64192.5, 29690.0], [64190.0, 10.0]], "asks": [[64645.0, 1770.0], [64647.5, 5930.0], [64665.0, 930.0], [64667.5, 3390.0], [64670.0, 3100.0], [64675.0, 36930.0], [64710.0, 50000.0], [64717.5, 4470.0], [64720.0, 10310.0], [64765.0, 4960.0], [64767.5, 45320.0], [64810.0, 5010.0], [64812.5, 100.0], [64815.0, 50000.0], [64925.0, 14630.0], [64927.5, 29620.0], [64932.5, 50000.0], [64935.0, 29880.0], [64972.5, 10.0], [65025.0, 50000.0]]}}}
{"jsonrpc": "2.0", "method": "subscription", "params": {"channel": "book.BTC-6FEB26.none.20.100ms", "data": {"timestamp": 1770345516625, "change_id": 138897801053, "instrument_name": "BTC-6FEB26", "bids": [[64632.5, 7260.0], [64630.0, 4900.0], [64627.5, 10.0], [64625.0, 1500.0], [64617.5, 130.0], [64605.0, 28340.0], [64582.5, 10.0], [64572.5, 9930.0], [64460.0, 10.0], [64445.0, 50000.0], [64432.5, 2040.0], [64420.0, 8170.0], [64417.5, 44300.0], [64377.5, 10.0], [64335.0, 40460.0], [64332.5, 20560.0], [64292.5, 50000.0], [64265.0, 32680.0], [64262.5, 39440.0], [64230.0, 160.0]], "asks": [[64635.0, 5240.0], [64637.5, 5240.0], [64640.0, 5240.0], [64642.5, 5220.0], [64645.0, 5220.0], [64650.0, 10.0], [64665.0, 1730.0], [64667.5, 5810.0], [64690.0, 9920.0], [64692.5, 50000.0], [64695.0, 36930.0], [64720.0, 10350.0], [64750.0, 45320.0], [64822.5, 1190.0], [64825.0, 50000.0], [64845.0, 19980.0], [64912.5, 38810.0], [64917.5, 20570.0], [64935.0, 50000.0], [65030.0, 40610.0]]}}}
{"jsonrpc": "2.0", "method": "subscription", "params": {"channel": "book.BTC-13FEB26.none.20.100ms", "data": {"timestamp": 1770345516946, "change_id": 138897802590, "instrument_name": "BTC-13FEB26", "bids": [[64615.0, 4600.0], [64612.5, 5070.0], [64605.0, 3100.0], [64602.5, 5930.0], [64557.5, 9950.0], [64457.5, 2040.0], [64445.0, 8170.0], [64442.5, 44900.0], [64437.5, 50000.0], [64430.0, 4330.0], [64395.0, 40.0], [64287.5, 30790.0], [64285.0, 15070.0], [64275.0, 50000.0], [64240.0, 32680.0], [64237.5, 30170.0], [64220.0, 300000.0], [64192.5, 29690.0], [64190.0, 10.0], [64180.0, 160.0]], "asks": [[64627.5, 5930.0], [64667.5, 3100.0], [64680.0, 300.0], [64685.0, 36930.0], [64717.5, 4470.0], [64720.0, 10310.0], [64752.5, 50000.0], [64765.0, 4960.0], [64767.5, 45320.0], [64810.0, 5010.0], [64812.5, 100.0], [64815.0, 50000.0], [64925.0, 14630.0], [64927.5, 29620.0], [64932.5, 50000.0], [64935.0, 29880.0], [64972.5, 10.0], [65025.0, 50000.0], [65052.5, 40.0], [65077.5, 30550.0]]}}}
{"jsonrpc": "2.0", "method": "subscription", "params": {"channel": "book.BTC-6FEB26.none.20.100ms", "data": {"timestamp": 1770345516950, "change_id": 138897802604, "instrument_name": "BTC-6FEB26", "bids": [[64632.5, 11030.0], [64627.5, 10.0], [64625.0, 1500.0], [64620.0, 5810.0], [64617.5, 130.0], [64582.5, 10.0], [64572.5, 9930.0], [64460.0, 10.0], [64447.5, 19690.0], [64445.0, 50000.0], [64432.5, 2040.0], [64420.0, 8170.0], [64417.5, 44300.0], [64377.5, 10.0], [64335.0, 40460.0], [64332.5, 20560.0], [64292.5, 50000.0], [64265.0, 32680.0], [64262.5, 339440.0], [64230.0, 160.0]], "asks": [[64635.0, 5240.0], [64637.5, 5240.0], [64640.0, 6800.0], [64642.5, 8310.0], [64645.0, 11030.0], [64650.0, 10.0], [64702.5, 50000.0], [64705.0, 36930.0], [64717.5, 3090.0], [64720.0, 10350.0], [64750.0, 45320.0], [64822.5, 1190.0], [64825.0, 50000.0], [64845.0, 19980.0], [64912.5, 38810.0], [64917.5, 20570.0], [64935.0, 50000.0], [65030.0, 40610.0], [65097.5, 50000.0], [65132.5, 50.0]]}}}
{"jsonrpc": "2.0", "method": "subscription", "params": {"channel": "book.BTC-13FEB26.none.20.100ms", "data": {"timestamp": 1770345517218, "change_id": 138897803291, "instrument_name": "BTC-13FEB26", "bids": [[64615.0, 4600.0], [64612.5, 5070.0], [64610.0, 5930.0], [64605.0, 3100.0], [64557.5, 9950.0], [64457.5, 2040.0], [64445.0, 8170.0], [64442.5, 44900.0], [64437.5, 50000.0], [64430.0, 4330.0], [64395.0, 40.0], [64287.5, 30790.0], [64285.0, 15070.0], [64275.0, 50000.0], [64240.0, 32680.0], [64237.5, 30170.0], [64220.0, 300000.0], [64192.5, 29690.0], [64190.0, 10.0], [64180.0, 160.0]], "asks": [[64630.0, 1770.0], [64632.5, 5930.0], [64665.0, 860.0], [64667.5, 3100.0], [64682.5, 370.0], [64685.0, 36930.0], [64715.0, 50000.0], [64717.5, 4470.0], [64720.0, 10310.0], [64765.0, 4960.0], [64767.5, 45320.0], [64810.0, 5010.0], [64812.5, 100.0], [64815.0, 50000.0], [64925.0, 14630.0], [64927.5, 29620.0], [64932.5, 50000.0], [64935.0, 29880.0], [64972.5, 10.0], [65025.0, 50000.0]]}}}
{"jsonrpc": "2.0", "method": "subscription", "params": {"channel": "book.BTC-6FEB26.none.20.100ms", "data": {"timestamp": 1770345517175, "change_id": 138897803205, "instrument_name": "BTC-6FEB26", "bids": [[64632.5, 11030.0], [64627.5, 5820.0], [64625.0, 1500.0], [64617.5, 130.0], [64582.5, 10.0], [64572.5, 9930.0], [64460.0, 10.0], [64447.5, 19690.0], [64445.0, 50000.0], [64432.5, 2040.0], [64420.0, 8170.0], [64417.5, 44300.0], [64377.5, 10.0], [64335.0, 40460.0], [64332.5, 20560.0], [64292.5, 50000.0], [64265.0, 32680.0], [64262.5, 339440.0], [64230.0, 160.0], [64200.0, 40.0]], "asks": [[64635.0, 5240.0], [64637.5, 5240.0], [64640.0, 5240.0], [64642.5, 5220.0], [64645.0, 5220.0], [64650.0, 1740.0], [64652.5, 5810.0], [64702.5, 50000.0], [64705.0, 36930.0], [64717.5, 3090.0], [64720.0, 10350.0], [64750.0, 45320.0], [64822.5, 1190.0], [64825.0, 50000.0], [64845.0, 19980.0], [64912.5, 38810.0], [64917.5, 20570.0], [64935.0, 50000.0], [65030.0, 40610.0], [65097.5, 50000.0]]}}}
{"jsonrpc": "2.0", "method": "subscription", "params": {"channel": "book.BTC-13FEB26.none.20.100ms", "data": {"timestamp": 1770345517621, "change_id": 138897804846, "instrument_name": "BTC-13FEB26", "bids": [[64622.5, 4600.0], [64615.0, 3100.0], [64612.5, 5070.0], [64610.0, 5930.0], [64605.0, 3100.0], [64557.5, 9950.0], [64457.5, 2040.0], [64445.0, 8170.0], [64442.5, 44900.0], [64437.5, 50000.0], [64430.0, 4330.0], [64395.0, 40.0], [64287.5, 30790.0], [64285.0, 15070.0], [64275.0, 50000.0], [64240.0, 32680.0], [64237.5, 30170.0], [64220.0, 300000.0], [64192.5, 29690.0], [64190.0, 10.0]], "asks": [[64632.5, 5930.0], [64665.0, 780.0], [64667.5, 3100.0], [64682.5, 2220.0], [64685.0, 36930.0], [64715.0, 50000.0], [64717.5, 4470.0], [64720.0, 10310.0], [64765.0, 4960.0], [64767.5, 45320.0], [64810.0, 5010.0], [64812.5, 100.0], [64815.0, 50000.0], [64925.0, 14630.0], [64927.5, 29620.0], [64932.5, 50000.0], [64935.0, 29880.0], [64972.5, 10.0], [65025.0, 50000.0], [65052.5, 40.0]]}}}
{"jsonrpc": "2.0", "method": "subscription", "params": {"channel": "book.BTC-6FEB26.none.20.100ms", "data": {"timestamp": 1770345517617, "change_id": 138897804828, "instrument_name": "BTC-6FEB26", "bids": [[64632.5, 12530.0], [64627.5, 5820.0], [64617.5, 130.0], [64582.5, 10.0], [64572.5, 9930.0], [64460.0, 10.0], [64447.5, 19690.0], [64445.0, 50000.0], [64432.5, 2040.0], [64420.0, 8170.0], [64417.5, 44300.0], [64377.5, 10.0], [64335.0, 40460.0], [64332.5, 20560.0], [64292.5, 50000.0], [64265.0, 32680.0], [64262.5, 339440.0], [64230.0, 160.0], [64200.0, 40.0], [64190.0, 40.0]], "asks": [[64635.0, 5240.0], [64637.5, 5240.0], [64640.0, 5240.0], [64642.5, 5220.0], [64645.0, 5220.0], [64650.0, 10.0], [64652.5, 5810.0], [64700.0, 11650.0], [64702.5, 50000.0], [64705.0, 36930.0], [64720.0, 10350.0], [64750.0, 45320.0], [64822.5, 1190.0], [64825.0, 50000.0], [64845.0, 19980.0], [64912.5, 38810.0], [64917.5, 20570.0], [64935.0, 50000.0], [65030.0, 40610.0], [65097.5, 50000.0]]}}}
{"jsonrpc": "2.0", "method": "subscription", "params": {"channel": "book.BTC-13FEB26.none.20.100ms", "data": {"timestamp": 1770345517946, "change_id": 138897806235, "instrument_name": "BTC-13FEB26", "bids": [[64615.0, 3100.0], [64612.5, 11000.0], [64557.5, 9950.0], [64457.5, 2040.0], [64445.0, 8170.0], [64442.5, 44900.0], [64437.5, 50000.0], [64430.0, 4330.0], [64395.0, 40.0], [64287.5, 30790.0], [64285.0, 15070.0], [64275.0, 50000.0], [64240.0, 32680.0], [64237.5, 30170.0], [64220.0, 300000.0], [64192.5, 29690.0], [64190.0, 10.0], [64180.0, 160.0], [64152.5, 10.0], [64147.5, 40.0]], "asks": [[64642.5, 1620.0], [64645.0, 5930.0], [64647.5, 450.0], [64650.0, 1500.0], [64685.0, 930.0], [64687.5, 36930.0], [64717.5, 54470.0], [64720.0, 10310.0], [64765.0, 4960.0], [64767.5, 45320.0], [64810.0, 5010.0], [64812.5, 100.0], [64815.0, 50000.0], [64925.0, 14630.0], [64927.5, 29620.0], [64932.5, 50000.0], [64935.0, 29880.0], [64972.5, 10.0], [65025.0, 50000.0], [65052.5, 40.0]]}}}
{"jsonrpc": "2.0", "method": "subscription", "params": {"channel": "book.BTC-6FEB26.none.20.100ms", "data": {"timestamp": 1770345517899, "change_id": 138897805979, "instrument_name": "BTC-6FEB26", "bids": [[64632.5, 12530.0], [64627.5, 5820.0], [64617.5, 130.0], [64582.5, 10.0], [64572.5, 9930.0], [64460.0, 10.0], [64450.0, 2040.0], [64447.5, 19690.0], [64445.0, 50000.0], [64420.0, 8170.0], [64417.5, 44300.0], [64377.5, 10.0], [64335.0, 40460.0], [64332.5, 20560.0], [64292.5, 50000.0], [64265.0, 32680.0], [64262.5, 339440.0], [64230.0, 160.0], [64200.0, 40.0], [64190.0, 40.0]], "asks": [[64635.0, 5240.0], [64637.5, 5240.0], [64640.0, 5240.0], [64642.5, 5220.0], [64645.0, 5220.0], [64650.0, 10.0], [64657.5, 1730.0], [64660.0, 7310.0], [64702.5, 50000.0], [64705.0, 36930.0], [64720.0, 10350.0], [64750.0, 45320.0], [64822.5, 1190.0], [64825.0, 50000.0], [64845.0, 19980.0], [64912.5, 38810.0], [64917.5, 20570.0], [64935.0, 50000.0], [65030.0, 40610.0], [65097.5, 50000.0]]}}}
{"jsonrpc": "2.0", "method": "subscription", "params": {"channel": "book.BTC-6FEB26.none.20.100ms", "data": {"timestamp": 1770345518267, "change_id": 138897807955, "instrument_name": "BTC-6FEB26", "bids": [[64627.5, 10.0], [64617.5, 130.0], [64612.5, 5810.0], [64582.5, 10.0], [64572.5, 9930.0], [64460.0, 10.0], [64450.0, 2040.0], [64445.0, 50000.0], [64425.0, 19690.0], [64420.0, 8170.0], [64417.5, 44300.0], [64377.5, 10.0], [64335.0, 40460.0], [64332.5, 20560.0], [64292.5, 50000.0], [64265.0, 32680.0], [64262.5, 39440.0], [64230.0, 160.0], [64220.0, 300000.0], [64200.0, 40.0]], "asks": [[64635.0, 6800.0], [64637.5, 8340.0], [64640.0, 12610.0], [64642.5, 6780.0], [64645.0, 5230.0], [64657.5, 450.0], [64660.0, 1500.0], [64697.5, 50000.0], [64700.0, 36930.0], [64720.0, 10350.0], [64750.0, 45320.0], [64822.5, 1190.0], [64825.0, 50000.0], [64845.0, 19980.0], [64912.5, 38810.0], [64917.5, 20570.0], [64935.0, 50000.0], [65030.0, 40610.0], [65097.5, 50000.0], [65132.5, 50.0]]}}}
{"jsonrpc": "2.0", "method": "subscription", "params": {"channel": "book.BTC-13FEB26.none.20.100ms", "data": {"timestamp": 1770345518286, "change_id": 138897808030, "instrument_name": "BTC-13FEB26", "bids": [[64612.5, 10.0], [64610.0, 5060.0], [64597.5, 5930.0], [64557.5, 9950.0], [64457.5, 2040.0], [64445.0, 8170.0], [64442.5, 44900.0], [64437.5, 50000.0], [64430.0, 4330.0], [64395.0, 40.0], [64287.5, 30790.0], [64285.0, 15070.0], [64275.0, 50000.0], [64240.0, 32680.0], [64237.5, 30170.0], [64220.0, 300000.0], [64192.5, 29690.0], [64190.0, 10.0], [64180.0, 160.0], [64152.5, 10.0]], "asks": [[64620.0, 9030.0], [64647.5, 450.0], [64650.0, 1500.0], [64680.0, 36930.0], [64717.5, 54470.0], [64720.0, 10310.0], [64765.0, 4960.0], [64767.5, 45320.0], [64810.0, 5010.0], [64812.5, 100.0], [64815.0, 50000.0], [64925.0, 14630.0], [64927.5, 29620.0], [64932.5, 50000.0], [64935.0, 29880.0], [64972.5, 10.0], [65025.0, 50000.0], [65052.5, 40.0], [65077.5, 30550.0], [65120.0, 2040.0]]}}}
{"jsonrpc": "2.0", "method": "subscription", "params": {"channel": "book.BTC-13FEB26.none.20.100ms", "data": {"timestamp": 1770345518604, "change_id": 138897809347, "instrument_name": "BTC-13FEB26", "bids": [[64612.5, 10.0], [64607.5, 5060.0], [64602.5, 5930.0], [64557.5, 9950.0], [64457.5, 2040.0], [64445.0, 8170.0], [64442.5, 44900.0], [64437.5, 50000.0], [64430.0, 4330.0], [64395.0, 40.0], [64287.5, 30790.0], [64285.0, 15070.0], [64275.0, 50000.0], [64240.0, 32680.0], [64237.5, 30170.0], [64220.0, 300000.0], [64192.5, 29690.0], [64190.0, 10.0], [64180.0, 160.0], [64152.5, 10.0]], "asks": [[64622.5, 1770.0], [64625.0, 5930.0], [64647.5, 450.0], [64650.0, 1500.0], [64657.5, 40.0], [64677.5, 790.0], [64680.0, 36930.0], [64717.5, 54470.0], [64720.0, 10310.0], [64765.0, 4960.0], [64767.5, 45320.0], [64810.0, 5010.0], [64812.5, 100.0], [64815.0, 50000.0], [64925.0, 14630.0], [64927.5, 29620.0], [64932.5, 50000.0], [64935.0, 29880.0], [64972.5, 10.0], [65025.0, 50000.0]]}}}
{"jsonrpc": "2.0", "method": "subscription", "params": {"channel": "book.BTC-6FEB26.none.20.100ms", "data": {"timestamp": 1770345518525, "change_id": 138897809096, "instrument_name": "BTC-6FEB26", "bids": [[64627.5, 10.0], [64617.5, 130.0], [64612.5, 5810.0], [64582.5, 10.0], [64572.5, 9930.0], [64460.0, 10.0], [64450.0, 2040.0], [64445.0, 50000.0], [64425.0, 19690.0], [64420.0, 8170.0], [64417.5, 44300.0], [64377.5, 10.0], [64335.0, 40460.0], [64332.5, 20560.0], [64292.5, 50000.0], [64265.0, 32680.0], [64262.5, 39440.0], [64230.0, 160.0], [64220.0, 300000.0], [64200.0, 40.0]], "asks": [[64632.5, 1560.0], [64635.0, 6800.0], [64637.5, 8340.0], [64640.0, 14110.0], [64642.5, 6780.0], [64645.0, 5230.0], [64697.5, 50000.0], [64700.0, 36930.0], [64720.0, 10350.0], [64750.0, 45320.0], [64822.5, 1190.0], [64825.0, 50000.0], [64845.0, 19980.0], [64912.5, 38810.0], [64917.5, 20570.0], [64935.0, 50000.0], [65030.0, 40610.0], [65097.5, 50000.0], [65132.5, 50.0], [65135.0, 59430.0]]}}}
{"jsonrpc": "2.0", "method": "subscription", "params": {"channel": "book.BTC-13FEB26.none.20.100ms", "data": {"timestamp": 1770345518929, "change_id": 138897809988, "instrument_name": "BTC-13FEB26", "bids": [[64612.5, 3110.0], [64607.5, 5060.0], [64602.5, 5930.0], [64557.5, 9950.0], [64457.5, 2040.0], [64445.0, 8170.0], [64442.5, 44900.0], [64437.5, 50000.0], [64430.0, 4330.0], [64397.5, 4880.0], [64395.0, 40.0], [64287.5, 30790.0], [64285.0, 15070.0], [64275.0, 50000.0], [64240.0, 32680.0], [64237.5, 30170.0], [64220.0, 300000.0], [64192.5, 29690.0], [64190.0, 10.0], [64180.0, 160.0]], "asks": [[64622.5, 1620.0], [64625.0, 5930.0], [64647.5, 450.0], [64650.0, 1500.0], [64657.5, 40.0], [64677.5, 940.0], [64680.0, 36930.0], [64717.5, 54470.0], [64720.0, 10310.0], [64765.0, 4960.0], [64767.5, 45320.0], [64810.0, 5010.0], [64812.5, 100.0], [64815.0, 50000.0], [64925.0, 14630.0], [64927.5, 29620.0], [64932.5, 50000.0], [64935.0, 29880.0], [64972.5, 10.0], [65025.0, 50000.0]]}}}
{"jsonrpc": "2.0", "method": "subscription", "params": {"channel": "book.BTC-6FEB26.none.20.100ms", "data": {"timestamp": 1770345518787, "change_id": 138897809672, "instrument_name": "BTC-6FEB26", "bids": [[64627.5, 10.0], [64617.5, 130.0], [64615.0, 1500.0], [64612.5, 5810.0], [64582.5, 10.0], [64572.5, 9930.0], [64460.0, 10.0], [64450.0, 2040.0], [64445.0, 50000.0], [64425.0, 19690.0], [64420.0, 8170.0], [64417.5, 44300.0], [64377.5, 10.0], [64335.0, 40460.0], [64332.5, 20560.0], [64292.5, 50000.0], [64265.0, 32680.0], [64262.5, 39440.0], [64230.0, 160.0], [64220.0, 300000.0]], "asks": [[64632.5, 1560.0], [64635.0, 8300.0], [64637.5, 8340.0], [64640.0, 12610.0], [64642.5, 6780.0], [64645.0, 5230.0], [64695.0, 2310.0], [64697.5, 50000.0], [64700.0, 36930.0], [64720.0, 10350.0], [64750.0, 45320.0], [64822.5, 1190.0], [64825.0, 50000.0], [64845.0, 19980.0], [64912.5, 38810.0], [64917.5, 20570.0], [64935.0, 50000.0], [65030.0, 40610.0], [65097.5, 50000.0], [65132.5, 50.0]]}}}
{"jsonrpc": "2.0", "method": "subscription", "params": {"channel": "book.BTC-13FEB26.none.20.100ms", "data": {"timestamp": 1770345519114, "change_id": 138897810392, "instrument_name": "BTC-13FEB26", "bids": [[64612.5, 3110.0], [64607.5, 5060.0], [64602.5, 7430.0], [64557.5, 9950.0], [64457.5, 2040.0], [64445.0, 8170.0], [64442.5, 44900.0], [64437.5, 50000.0], [64430.0, 4330.0], [64397.5, 4880.0], [64395.0, 40.0], [64287.5, 30790.0], [64285.0, 15070.0], [64275.0, 50000.0], [64240.0, 32680.0], [64237.5, 30170.0], [64220.0, 300000.0], [64192.5, 29690.0], [64190.0, 10.0], [64180.0, 160.0]], "asks": [[64622.5, 1620.0], [64625.0, 5930.0], [64657.5, 40.0], [64677.5, 1390.0], [64680.0, 36930.0], [64717.5, 54470.0], [64720.0, 10310.0], [64765.0, 4960.0], [64767.5, 45320.0], [64810.0, 5010.0], [64812.5, 100.0], [64815.0, 50000.0], [64925.0, 14630.0], [64927.5, 29620.0], [64932.5, 50000.0], [64935.0, 29880.0], [64972.5, 10.0], [65025.0, 50000.0], [65052.5, 40.0], [65077.5, 30550.0]]}}}
{"jsonrpc": "2.0", "method": "subscription", "params": {"channel": "book.BTC-6FEB26.none.20.100ms", "data": {"timestamp": 1770345519167, "change_id": 138897810521, "instrument_name": "BTC-6FEB26", "bids": [[64627.5, 10.0], [64620.0, 5810.0], [64617.5, 130.0], [64615.0, 1500.0], [64582.5, 10.0], [64572.5, 9930.0], [64460.0, 10.0], [64450.0, 2040.0], [64445.0, 50000.0], [64425.0, 19690.0], [64420.0, 8170.0], [64417.5, 44300.0], [64377.5, 10.0], [64335.0, 40460.0], [64332.5, 20560.0], [64292.5, 50000.0], [64265.0, 32680.0], [64262.5, 39440.0], [64230.0, 160.0], [64220.0, 300000.0]], "asks": [[64635.0, 6800.0], [64637.5, 8340.0], [64640.0, 12610.0], [64642.5, 6780.0], [64645.0, 5230.0], [64695.0, 2310.0], [64697.5, 50000.0], [64700.0, 36930.0], [64717.5, 1560.0], [64720.0, 10350.0], [64750.0, 45320.0], [64822.5, 1190.0], [64825.0, 50000.0], [64845.0, 19980.0], [64912.5, 38810.0], [64917.5, 20570.0], [64935.0, 50000.0], [65030.0, 40610.0], [65097.5, 50000.0], [65132.5, 50.0]]}}}
{"jsonrpc": "2.0", "method": "subscription", "params": {"channel": "book.BTC-13FEB26.none.20.100ms", "data": {"timestamp": 1770345519581, "change_id": 138897811627, "instrument_name": "BTC-13FEB26", "bids": [[64612.5, 3110.0], [64607.5, 5060.0], [64602.5, 5930.0], [64557.5, 9950.0], [64457.5, 2040.0], [64445.0, 8170.0], [64442.5, 44900.0], [64437.5, 50000.0], [64430.0, 4330.0], [64397.5, 4880.0], [64395.0, 40.0], [64287.5, 30790.0], [64285.0, 15070.0], [64275.0, 50000.0], [64240.0, 32680.0], [64237.5, 30170.0], [64220.0, 300000.0], [64192.5, 29690.0], [64190.0, 10.0], [64180.0, 160.0]], "asks": [[64620.0, 930.0], [64622.5, 4870.0], [64625.0, 5930.0], [64630.0, 310.0], [64632.5, 1500.0], [64657.5, 40.0], [64680.0, 36930.0], [64717.5, 54470.0], [64720.0, 10310.0], [64765.0, 4960.0], [64767.5, 45320.0], [64810.0, 5010.0], [64812.5, 100.0], [64815.0, 50000.0], [64925.0, 14630.0], [64927.5, 29620.0], [64932.5, 50000.0], [64935.0, 29880.0], [64972.5, 10.0], [65025.0, 50000.0]]}}}
{"jsonrpc": "2.0", "method": "subscription", "params": {"channel": "book.BTC-6FEB26.none.20.100ms", "data": {"timestamp": 1770345519548, "change_id": 138897811487, "instrument_name": "BTC-6FEB26", "bids": [[64627.5, 10.0], [64620.0, 5810.0], [64617.5, 130.0], [64615.0, 1500.0], [64582.5, 10.0], [64572.5, 9930.0], [64460.0, 10.0], [64450.0, 10210.0], [64445.0, 50000.0], [64425.0, 19690.0], [64417.5, 44300.0], [64377.5, 10.0], [64335.0, 40460.0], [64332.5, 20560.0], [64292.5, 50000.0], [64265.0, 32680.0], [64262.5, 39440.0], [64230.0, 160.0], [64220.0, 300000.0], [64200.0, 40.0]], "asks": [[64635.0, 5240.0], [64637.5, 8540.0], [64640.0, 12610.0], [64642.5, 8280.0], [64645.0, 5230.0], [64695.0, 2310.0], [64697.5, 50000.0], [64700.0, 36930.0], [64717.5, 1560.0], [64720.0, 10350.0], [64750.0, 45320.0], [64822.5, 1190.0], [64825.0, 50000.0], [64845.0, 19980.0], [64912.5, 38810.0], [64917.5, 20570.0], [64935.0, 50000.0], [65030.0, 40610.0], [65097.5, 50000.0], [65132.5, 50.0]]}}}
{"jsonrpc": "2.0", "method": "subscription", "params": {"channel": "book.BTC-13FEB26.none.20.100ms", "data": {"timestamp": 1770345519933, "change_id": 138897812973, "instrument_name": "BTC-13FEB26", "bids": [[64612.5, 3110.0], [64610.0, 1500.0], [64607.5, 5060.0], [64602.5, 5930.0], [64557.5, 9950.0], [64457.5, 2040.0], [64445.0, 8170.0], [64442.5, 44900.0], [64437.5, 50000.0], [64430.0, 4330.0], [64397.5, 4880.0], [64395.0, 40.0], [64287.5, 30790.0], [64285.0, 15070.0], [64275.0, 50000.0], [64240.0, 32680.0], [64237.5, 30170.0], [64220.0, 300000.0], [64192.5, 29690.0], [64190.0, 10.0]], "asks": [[64622.5, 1770.0], [64625.0, 5930.0], [64647.5, 1240.0], [64650.0, 36930.0], [64657.5, 40.0], [64717.5, 54470.0], [64720.0, 10310.0], [64765.0, 4960.0], [64767.5, 45320.0], [64810.0, 5010.0], [64812.5, 100.0], [64815.0, 50000.0], [64925.0, 14630.0], [64927.5, 29620.0], [64932.5, 50000.0], [64935.0, 29880.0], [64972.5, 10.0], [65025.0, 50000.0], [65052.5, 40.0], [65077.5, 30550.0]]}}}
{"jsonrpc": "2.0", "method": "subscription", "params": {"channel": "book.BTC-6FEB26.none.20.100ms", "data": {"timestamp": 1770345519936, "change_id": 138897812984, "instrument_name": "BTC-6FEB26", "bids": [[64627.5, 10.0], [64620.0, 5810.0], [64617.5, 130.0], [64615.0, 1500.0], [64582.5, 10.0], [64572.5, 9930.0], [64460.0, 10.0], [64450.0, 10210.0], [64445.0, 50000.0], [64425.0, 19690.0], [64417.5, 44300.0], [64377.5, 10.0], [64335.0, 40460.0], [64332.5, 20560.0], [64292.5, 50000.0], [64265.0, 32680.0], [64262.5, 39440.0], [64230.0, 160.0], [64220.0, 300000.0], [64200.0, 40.0]], "asks": [[64635.0, 5240.0], [64637.5, 6800.0], [64640.0, 6800.0], [64642.5, 6780.0], [64645.0, 5230.0], [64647.5, 5810.0], [64667.5, 3680.0], [64670.0, 36930.0], [64697.5, 50000.0], [64720.0, 10350.0], [64750.0, 45320.0], [64822.5, 1190.0], [64825.0, 50000.0], [64845.0, 19980.0], [64912.5, 38810.0], [64917.5, 20570.0], [64935.0, 50000.0], [65030.0, 40610.0], [65097.5, 50000.0], [65132.5, 50.0]]}}}
{"jsonrpc": "2.0", "method": "subscription", "params": {"channel": "book.BTC-13FEB26.none.20.100ms", "data": {"timestamp": 1770345520242, "change_id": 138897814199, "instrument_name": "BTC-13FEB26", "bids": [[64615.0, 4600.0], [64612.5, 3110.0], [64607.5, 10990.0], [64557.5, 9950.0], [64457.5, 2040.0], [64445.0, 8170.0], [64442.5, 44900.0], [64437.5, 50000.0], [64430.0, 4330.0], [64397.5, 4880.0], [64395.0, 40.0], [64287.5, 30790.0], [64285.0, 15070.0], [64275.0, 50000.0], [64240.0, 32680.0], [64237.5, 30170.0], [64220.0, 300000.0], [64192.5, 29690.0], [64190.0, 10.0], [64180.0, 160.0]], "asks": [[64625.0, 2730.0], [64627.5, 4640.0], [64630.0, 5930.0], [64632.5, 450.0], [64635.0, 1500.0], [64650.0, 36930.0], [64657.5, 40.0], [64717.5, 54470.0], [64720.0, 10310.0], [64765.0, 4960.0], [64767.5, 45320.0], [64810.0, 5010.0], [64812.5, 100.0], [64815.0, 50000.0], [64925.0, 14630.0], [64927.5, 29620.0], [64932.5, 50000.0], [64935.0, 29880.0], [64972.5, 10.0], [65025.0, 50000.0]]}}}
{"jsonrpc": "2.0", "method": "subscription", "params": {"channel": "book.BTC-6FEB26.none.20.100ms", "data": {"timestamp": 1770345520251, "change_id": 138897814211, "instrument_name": "BTC-6FEB26", "bids": [[64627.5, 10.0], [64622.5, 1500.0], [64620.0, 5810.0], [64617.5, 130.0], [64582.5, 10.0], [64572.5, 9930.0], [64460.0, 10.0], [64450.0, 10210.0], [64445.0, 50000.0], [64425.0, 19690.0], [64417.5, 44300.0], [64377.5, 10.0], [64335.0, 40460.0], [64332.5, 20560.0], [64292.5, 50000.0], [64265.0, 32680.0], [64262.5, 39440.0], [64230.0, 160.0], [64220.0, 300000.0], [64200.0, 40.0]], "asks": [[64635.0, 5240.0], [64637.5, 5240.0], [64640.0, 6800.0], [64642.5, 6780.0], [64645.0, 8460.0], [64647.5, 5810.0], [64667.5, 3680.0], [64670.0, 36930.0], [64697.5, 50000.0], [64720.0, 10350.0], [64750.0, 45320.0], [64822.5, 1190.0], [64825.0, 50000.0], [64845.0, 19980.0], [64912.5, 38810.0], [64917.5, 20570.0], [64935.0, 50000.0], [65030.0, 40610.0], [65097.5, 50000.0], [65132.5, 50.0]]}}}
{"jsonrpc": "2.0", "method": "subscription", "params": {"channel": "book.BTC-13FEB26.none.20.100ms", "data": {"timestamp": 1770345520602, "change_id": 138897815567, "instrument_name": "BTC-13FEB26", "bids": [[64615.0, 4600.0], [64612.5, 3110.0], [64607.5, 5060.0], [64605.0, 5930.0], [64557.5, 9950.0], [64457.5, 2040.0], [64445.0, 8170.0], [64442.5, 44900.0], [64437.5, 50000.0], [64430.0, 4330.0], [64402.5, 4880.0], [64395.0, 40.0], [64287.5, 30790.0], [64285.0, 15070.0], [64275.0, 50000.0], [64240.0, 32680.0], [64237.5, 30170.0], [64220.0, 300000.0], [64192.5, 29690.0], [64190.0, 10.0]], "asks": [[64632.5, 700.0], [64635.0, 3100.0], [64655.0, 2310.0], [64657.5, 36970.0], [64717.5, 54470.0], [64720.0, 10310.0], [64765.0, 4960.0], [64767.5, 45320.0], [64810.0, 5010.0], [64812.5, 100.0], [64815.0, 50000.0], [64925.0, 14630.0], [64927.5, 29620.0], [64932.5, 50000.0], [64935.0, 29880.0], [64972.5, 10.0], [65025.0, 50000.0], [65052.5, 40.0], [65077.5, 30550.0], [65120.0, 2040.0]]}}}
{"jsonrpc": "2.0", "method": "subscription", "params": {"channel": "book.BTC-6FEB26.none.20.100ms", "data": {"timestamp": 1770345520604, "change_id": 138897815571, "instrument_name": "BTC-6FEB26", "bids": [[64627.5, 2960.0], [64620.0, 5810.0], [64617.5, 130.0], [64582.5, 10.0], [64572.5, 9930.0], [64460.0, 10.0], [64450.0, 10210.0], [64445.0, 50000.0], [64425.0, 19690.0], [64417.5, 44300.0], [64377.5, 10.0], [64335.0, 40460.0], [64332.5, 20560.0], [64292.5, 50000.0], [64265.0, 32680.0], [64262.5, 39440.0], [64230.0, 160.0], [64220.0, 300000.0], [64200.0, 40.0], [64190.0, 40.0]], "asks": [[64637.5, 1560.0], [64640.0, 6800.0], [64642.5, 6780.0], [64645.0, 6950.0], [64647.5, 12590.0], [64650.0, 5220.0], [64652.5, 10.0], [64672.5, 50000.0], [64675.0, 36930.0], [64720.0, 10350.0], [64750.0, 45320.0], [64822.5, 1190.0], [64825.0, 50000.0], [64845.0, 19980.0], [64912.5, 38810.0], [64917.5, 20570.0], [64935.0, 50000.0], [65030.0, 40610.0], [65097.5, 50000.0], [65132.5, 50.0]]}}}
{"jsonrpc": "2.0", "method": "subscription", "params": {"channel": "book.BTC-13FEB26.none.20.100ms", "data": {"timestamp": 1770345520935, "change_id": 138897816336, "instrument_name": "BTC-13FEB26", "bids": [[64615.0, 3100.0], [64612.5, 10.0], [64610.0, 9030.0], [64607.5, 5060.0], [64557.5, 9950.0], [64457.5, 2040.0], [64445.0, 8170.0], [64442.5, 44900.0], [64437.5, 50000.0], [64430.0, 4330.0], [64395.0, 40.0], [64287.5, 30790.0], [64285.0, 15070.0], [64275.0, 50000.0], [64240.0, 32680.0], [64237.5, 30170.0], [64220.0, 300000.0], [64192.5, 29690.0], [64190.0, 10.0], [64180.0, 160.0]], "asks": [[64630.0, 1770.0], [64655.0, 1240.0], [64657.5, 36970.0], [64717.5, 54470.0], [64720.0, 10310.0], [64765.0, 4960.0], [64767.5, 45320.0], [64810.0, 5010.0], [64812.5, 100.0], [64815.0, 50000.0], [64925.0, 14630.0], [64927.5, 29620.0], [64932.5, 50000.0], [64935.0, 29880.0], [64972.5, 10.0], [65025.0, 50000.0], [65052.5, 40.0], [65077.5, 30550.0], [65120.0, 2040.0], [65155.0, 30400.0]]}}}
{"jsonrpc": "2.0", "method": "subscription", "params": {"channel": "book.BTC-6FEB26.none.20.100ms", "data": {"timestamp": 1770345520926, "change_id": 138897816318, "instrument_name": "BTC-6FEB26", "bids": [[64627.5, 7270.0], [64620.0, 1500.0], [64617.5, 130.0], [64582.5, 10.0], [64572.5, 9930.0], [64460.0, 10.0], [64450.0, 10210.0], [64445.0, 50000.0], [64425.0, 19690.0], [64417.5, 44300.0], [64377.5, 10.0], [64335.0, 40460.0], [64332.5, 20560.0], [64292.5, 50000.0], [64265.0, 32680.0], [64262.5, 39440.0], [64230.0, 160.0], [64220.0, 300000.0], [64200.0, 40.0], [64190.0, 40.0]], "asks": [[64640.0, 5240.0], [64642.5, 6780.0], [64645.0, 6960.0], [64647.5, 6780.0], [64650.0, 5220.0], [64652.5, 1730.0], [64655.0, 5810.0], [64672.5, 50000.0], [64675.0, 36930.0], [64717.5, 1550.0], [64720.0, 10350.0], [64750.0, 45320.0], [64822.5, 1190.0], [64825.0, 50000.0], [64845.0, 19980.0], [64912.5, 38810.0], [64917.5, 20570.0], [64935.0, 50000.0], [65030.0, 40610.0], [65097.5, 50000.0]]}}}
{"jsonrpc": "2.0", "method": "subscription", "params": {"channel": "book.BTC-13FEB26.none.20.100ms", "data": {"timestamp": 1770345521168, "change_id": 138897816823, "instrument_name": "BTC-13FEB26", "bids": [[64620.0, 4600.0], [64615.0, 3100.0], [64612.5, 10.0], [64610.0, 9030.0], [64607.5, 5060.0], [64557.5, 9950.0], [64457.5, 2040.0], [64445.0, 8170.0], [64442.5, 44900.0], [64437.5, 50000.0], [64430.0, 4330.0], [64395.0, 40.0], [64287.5, 30790.0], [64285.0, 15070.0], [64275.0, 50000.0], [64240.0, 32680.0], [64237.5, 30170.0], [64220.0, 300000.0], [64192.5, 29690.0], [64190.0, 10.0]], "asks": [[64630.0, 1770.0], [64632.5, 5930.0], [64637.5, 450.0], [64640.0, 1500.0], [64655.0, 780.0], [64657.5, 36970.0], [64717.5, 54470.0], [64720.0, 10310.0], [64765.0, 4960.0], [64767.5, 45320.0], [64810.0, 5010.0], [64812.5, 100.0], [64815.0, 50000.0], [64925.0, 14630.0], [64927.5, 29620.0], [64932.5, 50000.0], [64935.0, 29880.0], [64972.5, 10.0], [65025.0, 50000.0], [65052.5, 40.0]]}}}
{"jsonrpc": "2.0", "method": "subscription", "params": {"channel": "book.BTC-6FEB26.none.20.100ms", "data": {"timestamp": 1770345521213, "change_id": 138897816858, "instrument_name": "BTC-6FEB26", "bids": [[64630.0, 1870.0], [64627.5, 5820.0], [64617.5, 130.0], [64615.0, 47890.0], [64582.5, 10.0], [64572.5, 9930.0], [64460.0, 10.0], [64450.0, 10210.0], [64445.0, 50000.0], [64425.0, 19690.0], [64417.5, 44300.0], [64377.5, 10.0], [64335.0, 40460.0], [64332.5, 20560.0], [64292.5, 50000.0], [64265.0, 32680.0], [64262.5, 39440.0], [64230.0, 160.0], [64220.0, 300000.0], [64200.0, 40.0]], "asks": [[64640.0, 5240.0], [64642.5, 6780.0], [64645.0, 6950.0], [64647.5, 6790.0], [64650.0, 6720.0], [64652.5, 1730.0], [64655.0, 5810.0], [64672.5, 50000.0], [64675.0, 36930.0], [64717.5, 1550.0], [64720.0, 10350.0], [64750.0, 45320.0], [64822.5, 1190.0], [64825.0, 50000.0], [64845.0, 19980.0], [64912.5, 38810.0], [64917.5, 20570.0], [64935.0, 50000.0], [65030.0, 40610.0], [65097.5, 50000.0]]}}}
{"jsonrpc": "2.0", "method": "subscription", "params": {"channel": "book.BTC-13FEB26.none.20.100ms", "data": {"timestamp": 1770345521599, "change_id": 138897818219, "instrument_name": "BTC-13FEB26", "bids": [[64625.0, 4600.0], [64620.0, 3100.0], [64617.5, 5930.0], [64615.0, 3100.0], [64612.5, 10.0], [64610.0, 3100.0], [64607.5, 5060.0], [64557.5, 9950.0], [64457.5, 2040.0], [64445.0, 8170.0], [64442.5, 44900.0], [64437.5, 50000.0], [64430.0, 4330.0], [64397.5, 4880.0], [64395.0, 40.0], [64290.0, 32680.0], [64287.5, 30790.0], [64285.0, 15070.0], [64275.0, 50000.0], [64237.5, 30170.0]], "asks": [[64637.5, 2160.0], [64640.0, 5930.0], [64655.0, 400.0], [64657.5, 40.0], [64662.5, 36930.0], [64717.5, 54470.0], [64720.0, 10310.0], [64765.0, 4960.0], [64767.5, 45320.0], [64810.0, 5010.0], [64812.5, 100.0], [64815.0, 50000.0], [64925.0, 14630.0], [64927.5, 29620.0], [64932.5, 50000.0], [64935.0, 29880.0], [64972.5, 10.0], [65025.0, 50000.0], [65052.5, 40.0], [65077.5, 30550.0]]}}}
{"jsonrpc": "2.0", "method": "subscription", "params": {"channel": "book.BTC-6FEB26.none.20.100ms", "data": {"timestamp": 1770345521551, "change_id": 138897817992, "instrument_name": "BTC-6FEB26", "bids": [[64635.0, 7680.0], [64632.5, 9810.0], [64627.5, 10.0], [64617.5, 130.0], [64615.0, 16880.0], [64582.5, 10.0], [64572.5, 9930.0], [64460.0, 10.0], [64450.0, 10210.0], [64447.5, 19690.0], [64445.0, 50000.0], [64417.5, 44300.0], [64377.5, 10.0], [64335.0, 40460.0], [64332.5, 20560.0], [64292.5, 50000.0], [64265.0, 32680.0], [64262.5, 39440.0], [64230.0, 160.0], [64220.0, 300000.0]], "asks": [[64640.0, 5240.0], [64642.5, 5220.0], [64645.0, 5220.0], [64647.5, 5220.0], [64650.0, 5220.0], [64655.0, 10.0], [64660.0, 1730.0], [64662.5, 5810.0], [64680.0, 50000.0], [64682.5, 36930.0], [64717.5, 1550.0], [64720.0, 10350.0], [64750.0, 45320.0], [64822.5, 1190.0], [64825.0, 50000.0], [64845.0, 19980.0], [64912.5, 38810.0], [64917.5, 20570.0], [64935.0, 50000.0], [65030.0, 40610.0]]}}}
{"jsonrpc": "2.0", "method": "subscription", "params": {"channel": "book.BTC-13FEB26.none.20.100ms", "data": {"timestamp": 1770345521929, "change_id": 138897818950, "instrument_name": "BTC-13FEB26", "bids": [[64625.0, 3100.0], [64620.0, 3100.0], [64615.0, 3100.0], [64612.5, 10.0], [64610.0, 9030.0], [64607.5, 5060.0], [64557.5, 9950.0], [64457.5, 2040.0], [64445.0, 8170.0], [64442.5, 44900.0], [64437.5, 50000.0], [64430.0, 4330.0], [64397.5, 4880.0], [64395.0, 40.0], [64290.0, 32680.0], [64287.5, 30790.0], [64285.0, 15070.0], [64275.0, 50000.0], [64237.5, 30170.0], [64220.0, 300000.0]], "asks": [[64630.0, 4030.0], [64632.5, 4030.0], [64635.0, 3100.0], [64637.5, 930.0], [64645.0, 450.0], [64647.5, 1500.0], [64652.5, 930.0], [64655.0, 3100.0], [64657.5, 40.0], [64680.0, 36940.0], [64717.5, 54470.0], [64720.0, 10310.0], [64765.0, 4960.0], [64767.5, 45320.0], [64810.0, 5010.0], [64812.5, 100.0], [64815.0, 50000.0], [64925.0, 14630.0], [64927.5, 29620.0], [64932.5, 50000.0]]}}}
{"jsonrpc": "2.0", "method": "subscription", "params": {"channel": "book.BTC-6FEB26.none.20.100ms", "data": {"timestamp": 1770345521925, "change_id": 138897818935, "instrument_name": "BTC-6FEB26", "bids": [[64627.5, 5820.0], [64617.5, 130.0], [64582.5, 10.0], [64572.5, 9930.0], [64460.0, 10.0], [64450.0, 10210.0], [64447.5, 19690.0], [64445.0, 50000.0], [64417.5, 44300.0], [64377.5, 10.0], [64335.0, 40460.0], [64332.5, 20560.0], [64292.5, 50000.0], [64265.0, 32680.0], [64262.5, 39440.0], [64230.0, 160.0], [64220.0, 300000.0], [64200.0, 40.0], [64190.0, 40.0], [64162.5, 60470.0]], "asks": [[64640.0, 5240.0], [64642.5, 5220.0], [64645.0, 6780.0], [64647.5, 6780.0], [64650.0, 5220.0], [64652.5, 1750.0], [64655.0, 6260.0], [64657.5, 1500.0], [64697.5, 50000.0], [64700.0, 36940.0], [64720.0, 10350.0], [64750.0, 45320.0], [64822.5, 1190.0], [64825.0, 50000.0], [64845.0, 19980.0], [64912.5, 38810.0], [64917.5, 20570.0], [64935.0, 50000.0], [65030.0, 40610.0], [65097.5, 50000.0]]}}}
{"jsonrpc": "2.0", "method": "subscription", "params": {"channel": "book.BTC-13FEB26.none.20.100ms", "data": {"timestamp": 1770345522237, "change_id": 138897819931, "instrument_name": "BTC-13FEB26", "bids": [[64612.5, 10.0], [64610.0, 3100.0], [64607.5, 5060.0], [64597.5, 5930.0], [64557.5, 9950.0], [64457.5, 2040.0], [64445.0, 8170.0], [64442.5, 44900.0], [64437.5, 50000.0], [64430.0, 4330.0], [64402.5, 4880.0], [64395.0, 40.0], [64290.0, 32680.0], [64287.5, 30790.0], [64285.0, 15070.0], [64275.0, 50000.0], [64237.5, 30170.0], [64220.0, 300000.0], [64192.5, 29690.0], [64190.0, 10.0]], "asks": [[64620.0, 5930.0], [64630.0, 3100.0], [64632.5, 4030.0], [64635.0, 3100.0], [64645.0, 450.0], [64647.5, 1500.0], [64652.5, 930.0], [64655.0, 3100.0], [64657.5, 40.0], [64667.5, 700.0], [64670.0, 50000.0], [64672.5, 36940.0], [64717.5, 4470.0], [64720.0, 10310.0], [64765.0, 4960.0], [64767.5, 45320.0], [64810.0, 5010.0], [64812.5, 100.0], [64815.0, 50000.0], [64925.0, 14630.0]]}}}
{"jsonrpc": "2.0", "method": "subscription", "params": {"channel": "book.BTC-6FEB26.none.20.100ms", "data": {"timestamp": 1770345522234, "change_id": 138897819923, "instrument_name": "BTC-6FEB26", "bids": [[64635.0, 10.0], [64627.5, 1450.0], [64617.5, 130.0], [64612.5, 5810.0], [64582.5, 10.0], [64572.5, 9930.0], [64460.0, 10.0], [64450.0, 10210.0], [64445.0, 50000.0], [64420.0, 19690.0], [64417.5, 44300.0], [64377.5, 10.0], [64335.0, 40460.0], [64332.5, 20560.0], [64292.5, 50000.0], [64265.0, 32680.0], [64262.5, 39440.0], [64230.0, 160.0], [64220.0, 300000.0], [64200.0, 40.0]], "asks": [[64637.5, 1500.0], [64640.0, 12610.0], [64642.5, 6780.0], [64645.0, 6780.0], [64647.5, 6780.0], [64650.0, 5220.0], [64652.5, 10.0], [64690.0, 50000.0], [64692.5, 36940.0], [64717.5, 3090.0], [64720.0, 10350.0], [64750.0, 45320.0], [64822.5, 1190.0], [64825.0, 50000.0], [64845.0, 19980.0], [64912.5, 38810.0], [64917.5, 20570.0], [64935.0, 50000.0], [65030.0, 40610.0], [65097.5, 50000.0]]}}}
{"jsonrpc": "2.0", "method": "subscription", "params": {"channel": "book.BTC-13FEB26.none.20.100ms", "data": {"timestamp": 1770345522590, "change_id": 138897821738, "instrument_name": "BTC-13FEB26", "bids": [[64622.5, 9030.0], [64617.5, 3110.0], [64610.0, 3100.0], [64607.5, 5060.0], [64605.0, 1500.0], [64557.5, 9950.0], [64457.5, 2040.0], [64445.0, 8170.0], [64442.5, 44900.0], [64437.5, 50000.0], [64430.0, 4330.0], [64397.5, 4880.0], [64395.0, 40.0], [64290.0, 32680.0], [64287.5, 30790.0], [64285.0, 15070.0], [64275.0, 50000.0], [64237.5, 30170.0], [64220.0, 300000.0], [64192.5, 29690.0]], "asks": [[64640.0, 5930.0], [64652.5, 930.0], [64655.0, 3100.0], [64657.5, 40.0], [64677.5, 2070.0], [64680.0, 36940.0], [64717.5, 50000.0], [64720.0, 10310.0], [64765.0, 4960.0], [64767.5, 45320.0], [64807.5, 4490.0], [64810.0, 5010.0], [64812.5, 100.0], [64815.0, 50000.0], [64925.0, 14630.0], [64927.5, 29620.0], [64932.5, 50000.0], [64935.0, 29880.0], [64972.5, 10.0], [65025.0, 50000.0]]}}}
{"jsonrpc": "2.0", "method": "subscription", "params": {"channel": "book.BTC-6FEB26.none.20.100ms", "data": {"timestamp": 1770345522551, "change_id": 138897821508, "instrument_name": "BTC-6FEB26", "bids": [[64637.5, 12170.0], [64635.0, 10.0], [64617.5, 130.0], [64615.0, 1500.0], [64582.5, 10.0], [64572.5, 9930.0], [64460.0, 10.0], [64452.5, 19690.0], [64450.0, 10210.0], [64445.0, 50000.0], [64417.5, 44300.0], [64377.5, 10.0], [64335.0, 40460.0], [64332.5, 20560.0], [64292.5, 50000.0], [64265.0, 32680.0], [64262.5, 39440.0], [64230.0, 160.0], [64220.0, 300000.0], [64200.0, 40.0]], "asks": [[64640.0, 5240.0], [64642.5, 5220.0], [64645.0, 5220.0], [64647.5, 5220.0], [64650.0, 5220.0], [64652.5, 10.0], [64662.5, 1730.0], [64665.0, 5810.0], [64695.0, 9890.0], [64697.5, 50000.0], [64700.0, 36940.0], [64720.0, 10350.0], [64750.0, 45320.0], [64822.5, 1190.0], [64825.0, 50000.0], [64845.0, 19980.0], [64912.5, 38810.0], [64917.5, 20570.0], [64935.0, 50000.0], [65030.0, 40610.0]]}}}
{"jsonrpc": "2.0", "method": "subscription", "params": {"channel": "book.BTC-13FEB26.none.20.100ms", "data": {"timestamp": 1770345522841, "change_id": 138897822568, "instrument_name": "BTC-13FEB26", "bids": [[64617.5, 3110.0], [64610.0, 3100.0], [64607.5, 14090.0], [64605.0, 1500.0], [64557.5, 9950.0], [64457.5, 2040.0], [64445.0, 8170.0], [64442.5, 44900.0], [64437.5, 50000.0], [64430.0, 4330.0], [64400.0, 4880.0], [64395.0, 40.0], [64290.0, 32680.0], [64287.5, 30790.0], [64285.0, 15070.0], [64275.0, 50000.0], [64237.5, 30170.0], [64220.0, 300000.0], [64192.5, 29690.0], [64190.0, 10.0]], "asks": [[64625.0, 5930.0], [64632.5, 3100.0], [64652.5, 930.0], [64655.0, 3100.0], [64657.5, 40.0], [64662.5, 2070.0], [64665.0, 62060.0], [64677.5, 50000.0], [64680.0, 36940.0], [64720.0, 10310.0], [64765.0, 4960.0], [64767.5, 45320.0], [64807.5, 4490.0], [64810.0, 5010.0], [64812.5, 100.0], [64815.0, 50000.0], [64925.0, 14630.0], [64927.5, 29620.0], [64932.5, 50000.0], [64935.0, 29880.0]]}}}
{"jsonrpc": "2.0", "method": "subscription", "params": {"channel": "book.BTC-6FEB26.none.20.100ms", "data": {"timestamp": 1770345522821, "change_id": 138897822500, "instrument_name": "BTC-6FEB26", "bids": [[64635.0, 10.0], [64622.5, 5810.0], [64617.5, 130.0], [64615.0, 1500.0], [64582.5, 10.0], [64572.5, 9930.0], [64460.0, 10.0], [64452.5, 19690.0], [64450.0, 10210.0], [64445.0, 50000.0], [64417.5, 44300.0], [64377.5, 10.0], [64335.0, 40460.0], [64332.5, 20560.0], [64292.5, 50000.0], [64265.0, 32680.0], [64262.5, 39440.0], [64230.0, 160.0], [64220.0, 300000.0], [64200.0, 40.0]], "asks": [[64640.0, 6800.0], [64642.5, 6780.0], [64645.0, 6780.0], [64647.5, 8310.0], [64650.0, 11030.0], [64652.5, 10.0], [64695.0, 3850.0], [64697.5, 50000.0], [64700.0, 36940.0], [64720.0, 10350.0], [64750.0, 45320.0], [64822.5, 1190.0], [64825.0, 50000.0], [64845.0, 19980.0], [64912.5, 38810.0], [64917.5, 20570.0], [64935.0, 50000.0], [65030.0, 40610.0], [65097.5, 50000.0], [65132.5, 50.0]]}}}
{"jsonrpc": "2.0", "method": "subscription", "params": {"channel": "book.BTC-13FEB26.none.20.100ms", "data": {"timestamp": 1770345523246, "change_id": 138897823760, "instrument_name": "BTC-13FEB26", "bids": [[64617.5, 10.0], [64612.5, 1500.0], [64610.0, 3100.0], [64607.5, 8160.0], [64600.0, 5930.0], [64557.5, 9950.0], [64525.0, 91140.0], [64457.5, 2040.0], [64445.0, 8170.0], [64437.5, 50000.0], [64430.0, 4330.0], [64395.0, 40.0], [64290.0, 32680.0], [64287.5, 30790.0], [64285.0, 15070.0], [64275.0, 50000.0], [64237.5, 30170.0], [64220.0, 300000.0], [64192.5, 29690.0], [64190.0, 10.0]], "asks": [[64622.5, 1770.0], [64625.0, 5930.0], [64630.0, 930.0], [64632.5, 4600.0], [64652.5, 310.0], [64655.0, 3100.0], [64657.5, 40.0], [64665.0, 62060.0], [64677.5, 50000.0], [64680.0, 36940.0], [64720.0, 10310.0], [64765.0, 4960.0], [64767.5, 45320.0], [64807.5, 4490.0], [64810.0, 5010.0], [64812.5, 100.0], [64815.0, 50000.0], [64925.0, 14630.0], [64927.5, 29620.0], [64932.5, 50000.0]]}}}
{"jsonrpc": "2.0", "method": "subscription", "params": {"channel": "book.BTC-6FEB26.none.20.100ms", "data": {"timestamp": 1770345523249, "change_id": 138897823773, "instrument_name": "BTC-6FEB26", "bids": [[64635.0, 10.0], [64622.5, 5810.0], [64620.0, 1500.0], [64617.5, 130.0], [64582.5, 10.0], [64572.5, 9930.0], [64515.0, 91140.0], [64460.0, 10.0], [64450.0, 10210.0], [64447.5, 19690.0], [64445.0, 50000.0], [64377.5, 10.0], [64335.0, 40460.0], [64332.5, 20560.0], [64292.5, 50000.0], [64265.0, 32680.0], [64262.5, 39440.0], [64230.0, 160.0], [64220.0, 300000.0], [64200.0, 40.0]], "asks": [[64640.0, 8780.0], [64642.5, 14090.0], [64645.0, 6780.0], [64647.5, 6780.0], [64650.0, 5220.0], [64652.5, 10.0], [64695.0, 3400.0], [64697.5, 50000.0], [64700.0, 36940.0], [64720.0, 10350.0], [64750.0, 45320.0], [64822.5, 1190.0], [64825.0, 50000.0], [64845.0, 19980.0], [64912.5, 38810.0], [64917.5, 20570.0], [64935.0, 50000.0], [65030.0, 40610.0], [65097.5, 50000.0], [65132.5, 50.0]]}}}
{"jsonrpc": "2.0", "method": "subscription", "params": {"channel": "book.BTC-13FEB26.none.20.100ms", "data": {"timestamp": 1770345523582, "change_id": 138897825055, "instrument_name": "BTC-13FEB26", "bids": [[64617.5, 10.0], [64612.5, 1500.0], [64610.0, 3100.0], [64607.5, 8160.0], [64557.5, 9950.0], [64525.0, 45570.0], [64457.5, 2040.0], [64445.0, 8170.0], [64437.5, 50000.0], [64430.0, 4330.0], [64402.5, 4880.0], [64395.0, 40.0], [64290.0, 32680.0], [64287.5, 30790.0], [64285.0, 15070.0], [64275.0, 50000.0], [64237.5, 30170.0], [64220.0, 300000.0], [64192.5, 29690.0], [64190.0, 10.0]], "asks": [[64625.0, 610.0], [64627.5, 2920.0], [64630.0, 4780.0], [64632.5, 5930.0], [64655.0, 3100.0], [64657.5, 40.0], [64680.0, 36940.0], [64717.5, 50000.0], [64720.0, 10310.0], [64765.0, 4960.0], [64807.5, 4490.0], [64810.0, 5010.0], [64812.5, 100.0], [64815.0, 50000.0], [64880.0, 38760.0], [64925.0, 14630.0], [64927.5, 29620.0], [64932.5, 50000.0], [64935.0, 29880.0], [64972.5, 10.0]]}}}
{"jsonrpc": "2.0", "method": "subscription", "params": {"channel": "book.BTC-6FEB26.none.20.100ms", "data": {"timestamp": 1770345523583, "change_id": 138897825065, "instrument_name": "BTC-6FEB26", "bids": [[64635.0, 10.0], [64630.0, 5810.0], [64620.0, 1500.0], [64617.5, 130.0], [64582.5, 10.0], [64572.5, 9930.0], [64515.0, 45570.0], [64460.0, 10.0], [64450.0, 10210.0], [64447.5, 19690.0], [64445.0, 50000.0], [64377.5, 10.0], [64335.0, 40460.0], [64332.5, 20560.0], [64292.5, 50000.0], [64265.0, 32680.0], [64262.5, 39440.0], [64230.0, 160.0], [64220.0, 300000.0], [64200.0, 40.0]], "asks": [[64640.0, 6800.0], [64642.5, 6780.0], [64645.0, 6780.0], [64647.5, 6780.0], [64650.0, 5220.0], [64652.5, 10.0], [64655.0, 1730.0], [64695.0, 3360.0], [64697.5, 50000.0], [64700.0, 36940.0], [64720.0, 10350.0], [64822.5, 1190.0], [64825.0, 50000.0], [64845.0, 19980.0], [64862.5, 38780.0], [64912.5, 38810.0], [64917.5, 20570.0], [64935.0, 50000.0], [65030.0, 40610.0], [65097.5, 50000.0]]}}}
{"jsonrpc": "2.0", "method": "subscription", "params": {"channel": "book.BTC-13FEB26.none.20.100ms", "data": {"timestamp": 1770345523867, "change_id": 138897825629, "instrument_name": "BTC-13FEB26", "bids": [[64617.5, 10.0], [64612.5, 1500.0], [64610.0, 3100.0], [64607.5, 10990.0], [64557.5, 9950.0], [64525.0, 45570.0], [64457.5, 2040.0], [64445.0, 8170.0], [64437.5, 50000.0], [64430.0, 4330.0], [64402.5, 4880.0], [64395.0, 40.0], [64290.0, 32680.0], [64287.5, 30790.0], [64285.0, 15070.0], [64275.0, 50000.0], [64237.5, 30170.0], [64220.0, 300000.0], [64192.5, 29690.0], [64190.0, 10.0]], "asks": [[64625.0, 3710.0], [64627.5, 2920.0], [64630.0, 3550.0], [64632.5, 1500.0], [64652.5, 890.0], [64655.0, 3100.0], [64657.5, 40.0], [64667.5, 340.0], [64670.0, 50000.0], [64672.5, 36940.0], [64720.0, 10310.0], [64765.0, 4960.0], [64807.5, 4490.0], [64810.0, 5010.0], [64812.5, 100.0], [64815.0, 50000.0], [64880.0, 38760.0], [64925.0, 14630.0], [64927.5, 29620.0], [64932.5, 50000.0]]}}}
{"jsonrpc": "2.0", "method": "subscription", "params": {"channel": "book.BTC-6FEB26.none.20.100ms", "data": {"timestamp": 1770345523832, "change_id": 138897825499, "instrument_name": "BTC-6FEB26", "bids": [[64635.0, 10.0], [64622.5, 5810.0], [64620.0, 1500.0], [64617.5, 130.0], [64582.5, 10.0], [64572.5, 9930.0], [64515.0, 45570.0], [64460.0, 10.0], [64450.0, 10210.0], [64447.5, 19690.0], [64445.0, 50000.0], [64377.5, 10.0], [64335.0, 40460.0], [64332.5, 20560.0], [64292.5, 50000.0], [64265.0, 32680.0], [64262.5, 39440.0], [64230.0, 160.0], [64220.0, 300000.0], [64200.0, 40.0]], "asks": [[64640.0, 6800.0], [64642.5, 8280.0], [64645.0, 6780.0], [64647.5, 8310.0], [64650.0, 11030.0], [64652.5, 10.0], [64692.5, 36940.0], [64695.0, 3360.0], [64697.5, 50000.0], [64720.0, 10350.0], [64822.5, 1190.0], [64825.0, 50000.0], [64845.0, 19980.0], [64862.5, 38780.0], [64912.5, 38810.0], [64917.5, 20570.0], [64935.0, 50000.0], [65030.0, 40610.0], [65097.5, 50000.0], [65132.5, 50.0]]}}}
