{"jsonrpc": "2.0", "id": 1, "result": ["book.BTC-5SEP25.none.20.100ms", "book.BTC-12SEP25.none.20.100ms"], "usIn": 1756931164694900, "usOut": 1756931164695086, "usDiff": 186, "testnet": false}
{"jsonrpc": "2.0", "method": "subscription", "params": {"channel": "book.BTC-5SEP25.none.20.100ms", "data": {"timestamp": 1756931163893, "change_id": 116177145531, "instrument_name": "BTC-5SEP25", "bids": [[112165.0, 14190.0], [112162.5, 160.0], [112160.0, 2810.0], [112157.5, 4500.0], [112155.0, 11330.0], [112152.5, 9250.0], [112150.0, 4690.0], [112145.0, 2610.0], [112142.5, 4500.0], [112140.0, 4210.0], [112130.0, 2460.0], [112127.5, 4140.0], [112125.0, 4690.0], [112117.5, 1280.0], [112115.0, 4270.0], [112077.5, 770.0], [112075.0, 2570.0], [112072.5, 4750.0], [112070.0, 15820.0], [112067.5, 1270.0]], "asks": [[112167.5, 9190.0], [112170.0, 5000.0], [112177.5, 4500.0], [112180.0, 3620.0], [112182.5, 4500.0], [112185.0, 8650.0], [112187.5, 19080.0], [112190.0, 51550.0], [112192.5, 5160.0], [112197.5, 2650.0], [112200.0, 8830.0], [112207.5, 600.0], [112210.0, 3560.0], [112212.5, 4300.0], [112215.0, 900.0], [112222.5, 2480.0], [112225.0, 8840.0], [112230.0, 4820.0], [112232.5, 16080.0], [112262.5, 1300.0]]}}}
{"jsonrpc": "2.0", "method": "subscription", "params": {"channel": "book.BTC-12SEP25.none.20.100ms", "data": {"timestamp": 1756931163639, "change_id": 116177145206, "instrument_name": "BTC-12SEP25", "bids": [[112325.0, 19690.0], [112322.5, 1500.0], [112320.0, 5780.0], [112315.0, 2450.0], [112312.5, 3650.0], [112310.0, 5590.0], [112305.0, 3200.0], [112302.5, 4000.0], [112300.0, 430.0], [112297.5, 1260.0], [112295.0, 20.0], [112285.0, 1770.0], [112282.5, 6060.0], [112260.0, 390.0], [112257.5, 1290.0], [112250.0, 5510.0], [112245.0, 18540.0], [112230.0, 380.0], [112227.5, 1250.0], [112225.0, 17600.0]], "asks": [[112327.5, 8860.0], [112332.5, 4000.0], [112335.0, 9830.0], [112337.5, 4000.0], [112340.0, 1240.0], [112345.0, 4000.0], [112347.5, 160.0], [112350.0, 4000.0], [112352.5, 11240.0], [112355.0, 11690.0], [112365.0, 5210.0], [112367.5, 1280.0], [112370.0, 540.0], [112372.5, 1800.0], [112377.5, 380.0], [112380.0, 1270.0], [112385.0, 4780.0], [112387.5, 15940.0], [112390.0, 1830.0], [112392.5, 4830.0]]}}}
{"jsonrpc": "2.0", "method": "subscription", "params": {"channel": "book.BTC-12SEP25.none.20.100ms", "data": {"timestamp": 1756931165239, "change_id": 116177146974, "instrument_name": "BTC-12SEP25", "bids": [[112325.0, 19690.0], [112322.5, 1500.0], [112320.0, 5780.0], [112315.0, 2450.0], [112312.5, 3650.0], [112310.0, 5590.0], [112305.0, 3200.0], [112302.5, 4000.0], [112300.0, 430.0], [112297.5, 1260.0], [112295.0, 20.0], [112285.0, 1770.0], [112282.5, 6060.0], [112260.0, 390.0], [112257.5, 1290.0], [112250.0, 5510.0], [112245.0, 18540.0], [112230.0, 380.0], [112227.5, 1250.0], [112225.0, 17600.0]], "asks": [[112327.5, 4860.0], [112332.5, 4000.0], [112335.0, 9830.0], [112337.5, 4000.0], [112340.0, 1240.0], [112345.0, 4000.0], [112347.5, 160.0], [112350.0, 4000.0], [112352.5, 11240.0], [112355.0, 11690.0], [112365.0, 5210.0], [112367.5, 1280.0], [112370.0, 540.0], [112372.5, 1800.0], [112377.5, 380.0], [112380.0, 1270.0], [112385.0, 4780.0], [112387.5, 15940.0], [112390.0, 1830.0], [112392.5, 4830.0]]}}}
{"jsonrpc": "2.0", "method": "subscription", "params": {"channel": "book.BTC-12SEP25.none.20.100ms", "data": {"timestamp": 1756931166228, "change_id": 116177147852, "instrument_name": "BTC-12SEP25", "bids": [[112325.0, 19690.0], [112322.5, 1500.0], [112320.0, 5780.0], [112315.0, 2450.0], [112312.5, 3650.0], [112310.0, 5590.0], [112305.0, 3200.0], [112302.5, 4000.0], [112300.0, 430.0], [112297.5, 1260.0], [112295.0, 20.0], [112285.0, 1770.0], [112282.5, 6060.0], [112260.0, 390.0], [112257.5, 1290.0], [112250.0, 5510.0], [112245.0, 18540.0], [112230.0, 380.0], [112227.5, 1250.0], [112225.0, 17600.0]], "asks": [[112327.5, 8860.0], [112332.5, 4000.0], [112335.0, 9830.0], [112337.5, 4000.0], [112340.0, 1240.0], [112345.0, 4000.0], [112347.5, 160.0], [112350.0, 4000.0], [112352.5, 11240.0], [112355.0, 11690.0], [112365.0, 5210.0], [112367.5, 1280.0], [112370.0, 540.0], [112372.5, 1800.0], [112377.5, 380.0], [112380.0, 1270.0], [112385.0, 4780.0], [112387.5, 15940.0], [112390.0, 1830.0], [112392.5, 4830.0]]}}}
{"jsonrpc": "2.0", "method": "subscription", "params": {"channel": "book.BTC-5SEP25.none.20.100ms", "data": {"timestamp": 1756931167471, "change_id": 116177149087, "instrument_name": "BTC-5SEP25", "bids": [[112165.0, 14190.0], [112162.5, 160.0], [112160.0, 2810.0], [112157.5, 4500.0], [112155.0, 11330.0], [112152.5, 9250.0], [112150.0, 4690.0], [112145.0, 2610.0], [112142.5, 4500.0], [112140.0, 4210.0], [112130.0, 2460.0], [112127.5, 4140.0], [112125.0, 4690.0], [112117.5, 1280.0], [112115.0, 4270.0], [112077.5, 770.0], [112075.0, 2570.0], [112072.5, 4750.0], [112070.0, 15820.0], [112067.5, 1270.0]], "asks": [[112167.5, 4690.0], [112170.0, 5000.0], [112177.5, 4500.0], [112180.0, 3620.0], [112182.5, 4500.0], [112185.0, 8650.0], [112187.5, 19080.0], [112190.0, 51550.0], [112192.5, 5160.0], [112197.5, 2650.0], [112200.0, 8830.0], [112207.5, 600.0], [112210.0, 3560.0], [112212.5, 4300.0], [112215.0, 900.0], [112222.5, 2480.0], [112225.0, 8840.0], [112230.0, 4820.0], [112232.5, 16080.0], [112262.5, 1300.0]]}}}
{"jsonrpc": "2.0", "method": "subscription", "params": {"channel": "book.BTC-12SEP25.none.20.100ms", "data": {"timestamp": 1756931167877, "change_id": 116177149796, "instrument_name": "BTC-12SEP25", "bids": [[112325.0, 24690.0], [112315.0, 2450.0], [112312.5, 3650.0], [112310.0, 5590.0], [112305.0, 3200.0], [112302.5, 4000.0], [112300.0, 430.0], [112297.5, 1260.0], [112295.0, 20.0], [112285.0, 1770.0], [112282.5, 6060.0], [112260.0, 390.0], [112257.5, 1290.0], [112250.0, 5510.0], [112245.0, 18540.0], [112230.0, 380.0], [112227.5, 1250.0], [112225.0, 17600.0], [112222.5, 60710.0], [112207.5, 380.0]], "asks": [[112327.5, 3600.0], [112332.5, 4000.0], [112337.5, 8830.0], [112340.0, 1240.0], [112342.5, 5000.0], [112345.0, 4000.0], [112347.5, 160.0], [112350.0, 4000.0], [112352.5, 11240.0], [112355.0, 6690.0], [112365.0, 4830.0], [112367.5, 6280.0], [112372.5, 1800.0], [112377.5, 380.0], [112380.0, 1270.0], [112385.0, 4780.0], [112387.5, 15940.0], [112390.0, 1830.0], [112392.5, 4830.0], [112395.0, 1800.0]]}}}
{"jsonrpc": "2.0", "method": "subscription", "params": {"channel": "book.BTC-5SEP25.none.20.100ms", "data": {"timestamp": 1756931167687, "change_id": 116177149595, "instrument_name": "BTC-5SEP25", "bids": [[112165.0, 14190.0], [112162.5, 160.0], [112160.0, 4750.0], [112157.5, 9500.0], [112155.0, 10280.0], [112152.5, 4250.0], [112150.0, 4690.0], [112145.0, 2610.0], [112142.5, 4500.0], [112140.0, 4210.0], [112130.0, 2460.0], [112127.5, 4140.0], [112125.0, 4690.0], [112117.5, 1280.0], [112115.0, 4270.0], [112077.5, 770.0], [112075.0, 2570.0], [112072.5, 4750.0], [112070.0, 15820.0], [112067.5, 1270.0]], "asks": [[112167.5, 4690.0], [112170.0, 5000.0], [112177.5, 4500.0], [112182.5, 4500.0], [112185.0, 4500.0], [112187.5, 2900.0], [112192.5, 160.0], [112195.0, 17650.0], [112197.5, 50000.0], [112200.0, 8830.0], [112202.5, 1500.0], [112205.0, 5000.0], [112207.5, 600.0], [112210.0, 3560.0], [112212.5, 4300.0], [112215.0, 900.0], [112222.5, 2480.0], [112225.0, 8840.0], [112230.0, 4820.0], [112232.5, 16080.0]]}}}
{"jsonrpc": "2.0", "method": "subscription", "params": {"channel": "book.BTC-12SEP25.none.20.100ms", "data": {"timestamp": 1756931168208, "change_id": 116177150366, "instrument_name": "BTC-12SEP25", "bids": [[112325.0, 27490.0], [112320.0, 810.0], [112317.5, 2700.0], [112315.0, 2450.0], [112312.5, 3650.0], [112310.0, 5590.0], [112305.0, 3200.0], [112302.5, 4000.0], [112300.0, 430.0], [112297.5, 1260.0], [112295.0, 20.0], [112285.0, 1770.0], [112282.5, 6060.0], [112260.0, 390.0], [112257.5, 1290.0], [112250.0, 5510.0], [112245.0, 18540.0], [112230.0, 380.0], [112227.5, 1250.0], [112225.0, 17600.0]], "asks": [[112327.5, 7600.0], [112337.5, 8830.0], [112340.0, 1240.0], [112342.5, 5000.0], [112345.0, 4000.0], [112347.5, 160.0], [112350.0, 4000.0], [112352.5, 11240.0], [112355.0, 6690.0], [112365.0, 4830.0], [112367.5, 6280.0], [112372.5, 1800.0], [112377.5, 380.0], [112380.0, 1270.0], [112385.0, 4780.0], [112387.5, 15940.0], [112390.0, 1830.0], [112392.5, 4830.0], [112395.0, 1800.0], [112397.5, 1800.0]]}}}
{"jsonrpc": "2.0", "method": "subscription", "params": {"channel": "book.BTC-12SEP25.none.20.100ms", "data": {"timestamp": 1756931168342, "change_id": 116177150494, "instrument_name": "BTC-12SEP25", "bids": [[112325.0, 27490.0], [112320.0, 810.0], [112317.5, 2700.0], [112315.0, 2450.0], [112312.5, 3650.0], [112310.0, 5590.0], [112305.0, 3200.0], [112302.5, 4000.0], [112300.0, 430.0], [112297.5, 1260.0], [112295.0, 20.0], [112285.0, 1770.0], [112282.5, 6060.0], [112260.0, 390.0], [112257.5, 1290.0], [112250.0, 5510.0], [112245.0, 18540.0], [112230.0, 380.0], [112227.5, 1250.0], [112225.0, 17600.0]], "asks": [[112327.5, 7600.0], [112337.5, 8830.0], [112340.0, 1240.0], [112342.5, 5000.0], [112345.0, 4000.0], [112347.5, 160.0], [112350.0, 4000.0], [112352.5, 11240.0], [112355.0, 6690.0], [112365.0, 4830.0], [112367.5, 6280.0], [112372.5, 1800.0], [112377.5, 380.0], [112380.0, 1270.0], [112385.0, 4780.0], [112387.5, 15940.0], [112390.0, 1830.0], [112392.5, 4830.0], [112395.0, 1800.0], [112397.5, 1800.0]]}}}
{"jsonrpc": "2.0", "method": "subscription", "params": {"channel": "book.BTC-5SEP25.none.20.100ms", "data": {"timestamp": 1756931168387, "change_id": 116177150556, "instrument_name": "BTC-5SEP25", "bids": [[112165.0, 14190.0], [112162.5, 4660.0], [112160.0, 4750.0], [112157.5, 9500.0], [112155.0, 10280.0], [112152.5, 4250.0], [112150.0, 4690.0], [112145.0, 2610.0], [112142.5, 4500.0], [112140.0, 4210.0], [112130.0, 2460.0], [112127.5, 4140.0], [112125.0, 4690.0], [112117.5, 1280.0], [112115.0, 4270.0], [112077.5, 770.0], [112075.0, 2570.0], [112072.5, 4750.0], [112070.0, 15820.0], [112067.5, 1270.0]], "asks": [[112167.5, 4690.0], [112170.0, 5000.0], [112187.5, 1350.0], [112190.0, 4500.0], [112192.5, 160.0], [112195.0, 2650.0], [112200.0, 8830.0], [112202.5, 1500.0], [112205.0, 20600.0], [112207.5, 50000.0], [112210.0, 3560.0], [112212.5, 4300.0], [112215.0, 900.0], [112222.5, 2480.0], [112225.0, 8840.0], [112230.0, 4820.0], [112232.5, 16080.0], [112262.5, 1300.0], [112265.0, 4320.0], [112272.5, 10.0]]}}}
{"jsonrpc": "2.0", "method": "subscription", "params": {"channel": "book.BTC-5SEP25.none.20.100ms", "data": {"timestamp": 1756931168834, "change_id": 116177151014, "instrument_name": "BTC-5SEP25", "bids": [[112165.0, 14190.0], [112162.5, 5800.0], [112160.0, 8550.0], [112157.5, 9500.0], [112155.0, 10280.0], [112152.5, 4250.0], [112150.0, 4690.0], [112145.0, 2610.0], [112142.5, 4500.0], [112140.0, 4210.0], [112130.0, 2460.0], [112127.5, 4140.0], [112125.0, 4690.0], [112117.5, 1280.0], [112115.0, 4270.0], [112077.5, 770.0], [112075.0, 2570.0], [112072.5, 4750.0], [112070.0, 15820.0], [112067.5, 1270.0]], "asks": [[112167.5, 4690.0], [112170.0, 5000.0], [112185.0, 4500.0], [112187.5, 1350.0], [112190.0, 4500.0], [112192.5, 160.0], [112195.0, 2650.0], [112200.0, 25330.0], [112202.5, 50000.0], [112205.0, 5000.0], [112207.5, 600.0], [112210.0, 3560.0], [112212.5, 4300.0], [112215.0, 900.0], [112222.5, 2480.0], [112225.0, 8840.0], [112230.0, 4820.0], [112232.5, 16080.0], [112262.5, 1300.0], [112265.0, 4320.0]]}}}
{"jsonrpc": "2.0", "method": "subscription", "params": {"channel": "book.BTC-12SEP25.none.20.100ms", "data": {"timestamp": 1756931169195, "change_id": 116177151650, "instrument_name": "BTC-12SEP25", "bids": [[112325.0, 27490.0], [112320.0, 810.0], [112317.5, 2700.0], [112315.0, 2450.0], [112312.5, 3650.0], [112310.0, 5590.0], [112305.0, 3200.0], [112302.5, 4000.0], [112300.0, 430.0], [112297.5, 1260.0], [112295.0, 20.0], [112285.0, 1770.0], [112282.5, 6060.0], [112260.0, 390.0], [112257.5, 1290.0], [112250.0, 5510.0], [112245.0, 18540.0], [112230.0, 380.0], [112227.5, 1250.0], [112225.0, 17600.0]], "asks": [[112327.5, 3600.0], [112337.5, 8830.0], [112340.0, 5240.0], [112342.5, 5000.0], [112345.0, 4000.0], [112347.5, 160.0], [112352.5, 4000.0], [112355.0, 6690.0], [112365.0, 4830.0], [112367.5, 6280.0], [112372.5, 1800.0], [112377.5, 380.0], [112380.0, 1270.0], [112385.0, 4780.0], [112387.5, 15940.0], [112390.0, 1830.0], [112392.5, 4830.0], [112395.0, 1800.0], [112397.5, 1800.0], [112405.0, 380.0]]}}}
{"jsonrpc": "2.0", "method": "subscription", "params": {"channel": "book.BTC-5SEP25.none.20.100ms", "data": {"timestamp": 1756931169195, "change_id": 116177151651, "instrument_name": "BTC-5SEP25", "bids": [[112165.0, 14190.0], [112162.5, 5800.0], [112160.0, 8550.0], [112157.5, 9500.0], [112155.0, 10280.0], [112152.5, 4250.0], [112150.0, 4690.0], [112145.0, 2610.0], [112142.5, 4500.0], [112140.0, 4210.0], [112130.0, 2460.0], [112127.5, 4140.0], [112125.0, 4690.0], [112117.5, 1280.0], [112115.0, 4270.0], [112077.5, 770.0], [112075.0, 2570.0], [112072.5, 4750.0], [112070.0, 15820.0], [112067.5, 1270.0]], "asks": [[112167.5, 4690.0], [112170.0, 5000.0], [112185.0, 4500.0], [112190.0, 4500.0], [112192.5, 160.0], [112195.0, 2650.0], [112200.0, 25330.0], [112202.5, 50000.0], [112205.0, 5000.0], [112207.5, 600.0], [112210.0, 3560.0], [112212.5, 4300.0], [112215.0, 900.0], [112222.5, 2480.0], [112225.0, 8840.0], [112230.0, 4820.0], [112232.5, 16080.0], [112262.5, 1300.0], [112265.0, 4320.0], [112272.5, 10.0]]}}}
{"jsonrpc": "2.0", "method": "subscription", "params": {"channel": "book.BTC-12SEP25.none.20.100ms", "data": {"timestamp": 1756931169535, "change_id": 116177152955, "instrument_name": "BTC-12SEP25", "bids": [[112325.0, 27490.0], [112320.0, 810.0], [112317.5, 2700.0], [112315.0, 2450.0], [112312.5, 3650.0], [112310.0, 5590.0], [112305.0, 2000.0], [112302.5, 4000.0], [112300.0, 430.0], [112297.5, 1260.0], [112295.0, 20.0], [112285.0, 1770.0], [112282.5, 6060.0], [112260.0, 390.0], [112257.5, 1290.0], [112250.0, 5510.0], [112245.0, 18540.0], [112230.0, 380.0], [112227.5, 1250.0], [112225.0, 12700.0]], "asks": [[112327.5, 3600.0], [112345.0, 4000.0], [112352.5, 4000.0], [112355.0, 6690.0], [112365.0, 4830.0], [112367.5, 1280.0], [112370.0, 160.0], [112372.5, 1800.0], [112380.0, 1270.0], [112390.0, 1830.0], [112392.5, 4830.0], [112395.0, 1800.0], [112397.5, 1800.0], [112405.0, 380.0], [112407.5, 1270.0], [112412.5, 30.0], [112417.5, 390.0], [112420.0, 1310.0], [112430.0, 390.0], [112432.5, 1290.0]]}}}
{"jsonrpc": "2.0", "method": "subscription", "params": {"channel": "book.BTC-5SEP25.none.20.100ms", "data": {"timestamp": 1756931169520, "change_id": 116177152978, "instrument_name": "BTC-5SEP25", "bids": [[112185.0, 2070.0], [112182.5, 4200.0], [112180.0, 4500.0], [112172.5, 3940.0], [112170.0, 18870.0], [112167.5, 4500.0], [112165.0, 18390.0], [112162.5, 160.0], [112155.0, 2780.0], [112152.5, 4250.0], [112150.0, 4690.0], [112145.0, 1260.0], [112140.0, 4210.0], [112130.0, 930.0], [112127.5, 4140.0], [112125.0, 4690.0], [112115.0, 4270.0], [112075.0, 2570.0], [112072.5, 4750.0], [112070.0, 15820.0]], "asks": [[112190.0, 4500.0], [112200.0, 8830.0], [112207.5, 600.0], [112210.0, 3610.0], [112212.5, 4300.0], [112215.0, 1060.0], [112220.0, 17650.0], [112222.5, 50000.0], [112225.0, 8840.0], [112262.5, 1300.0], [112265.0, 4320.0], [112272.5, 10.0], [112280.0, 10.0], [112282.5, 1280.0], [112285.0, 4250.0], [112290.0, 10.0], [112295.0, 40.0], [112297.5, 1290.0], [112300.0, 4310.0], [112310.0, 10.0]]}}}
{"jsonrpc": "2.0", "method": "subscription", "params": {"channel": "book.BTC-12SEP25.none.20.100ms", "data": {"timestamp": 1756931169870, "change_id": 116177154484, "instrument_name": "BTC-12SEP25", "bids": [[112342.5, 13750.0], [112340.0, 9130.0], [112337.5, 4830.0], [112332.5, 390.0], [112330.0, 4200.0], [112327.5, 6000.0], [112325.0, 3700.0], [112322.5, 160.0], [112320.0, 810.0], [112317.5, 2700.0], [112315.0, 2270.0], [112312.5, 3650.0], [112310.0, 4830.0], [112297.5, 1260.0], [112295.0, 20.0], [112285.0, 370.0], [112282.5, 1230.0], [112257.5, 1290.0], [112250.0, 5510.0], [112245.0, 18540.0]], "asks": [[112345.0, 4000.0], [112352.5, 8830.0], [112355.0, 6690.0], [112357.5, 5000.0], [112367.5, 8520.0], [112370.0, 160.0], [112372.5, 1800.0], [112380.0, 17460.0], [112390.0, 6830.0], [112392.5, 4830.0], [112395.0, 1800.0], [112397.5, 1800.0], [112405.0, 380.0], [112407.5, 1270.0], [112412.5, 30.0], [112417.5, 1400.0], [112420.0, 6140.0], [112432.5, 1290.0], [112445.0, 18540.0], [112455.0, 40.0]]}}}
{"jsonrpc": "2.0", "method": "subscription", "params": {"channel": "book.BTC-5SEP25.none.20.100ms", "data": {"timestamp": 1756931169779, "change_id": 116177154477, "instrument_name": "BTC-5SEP25", "bids": [[112185.0, 9200.0], [112182.5, 4690.0], [112170.0, 12000.0], [112167.5, 4500.0], [112165.0, 8700.0], [112162.5, 160.0], [112152.5, 4250.0], [112150.0, 4690.0], [112140.0, 4210.0], [112127.5, 4140.0], [112125.0, 4690.0], [112115.0, 4270.0], [112075.0, 2570.0], [112070.0, 15820.0], [112065.0, 4220.0], [112057.5, 10290.0], [112052.5, 4280.0], [112040.0, 41180.0], [112035.0, 4210.0], [112032.5, 10.0]], "asks": [[112187.5, 9190.0], [112200.0, 8830.0], [112210.0, 2000.0], [112212.5, 4300.0], [112215.0, 1060.0], [112225.0, 25250.0], [112227.5, 5000.0], [112262.5, 50000.0], [112265.0, 4320.0], [112272.5, 10.0], [112280.0, 10.0], [112285.0, 4250.0], [112290.0, 10.0], [112295.0, 40.0], [112300.0, 4310.0], [112310.0, 10.0], [112317.5, 40150.0], [112325.0, 4220.0], [112330.0, 20.0], [112340.0, 4160.0]]}}}
{"jsonrpc": "2.0", "method": "subscription", "params": {"channel": "book.BTC-12SEP25.none.20.100ms", "data": {"timestamp": 1756931170184, "change_id": 116177155010, "instrument_name": "BTC-12SEP25", "bids": [[112342.5, 13750.0], [112340.0, 9130.0], [112337.5, 4830.0], [112332.5, 390.0], [112330.0, 4200.0], [112327.5, 6000.0], [112325.0, 3700.0], [112322.5, 160.0], [112320.0, 810.0], [112317.5, 2700.0], [112315.0, 2270.0], [112312.5, 1250.0], [112310.0, 4830.0], [112297.5, 1260.0], [112295.0, 20.0], [112257.5, 1290.0], [112250.0, 5510.0], [112245.0, 18540.0], [112227.5, 1250.0], [112225.0, 12700.0]], "asks": [[112345.0, 4000.0], [112352.5, 8830.0], [112355.0, 6690.0], [112357.5, 5000.0], [112365.0, 4000.0], [112367.5, 12520.0], [112370.0, 160.0], [112372.5, 1800.0], [112380.0, 17460.0], [112382.5, 5000.0], [112390.0, 1830.0], [112392.5, 4830.0], [112395.0, 1800.0], [112397.5, 1800.0], [112405.0, 380.0], [112407.5, 1270.0], [112412.5, 30.0], [112417.5, 1400.0], [112420.0, 6140.0], [112427.5, 2000.0]]}}}
{"jsonrpc": "2.0", "method": "subscription", "params": {"channel": "book.BTC-5SEP25.none.20.100ms", "data": {"timestamp": 1756931169946, "change_id": 116177155022, "instrument_name": "BTC-5SEP25", "bids": [[112185.0, 9200.0], [112182.5, 4690.0], [112177.5, 2120.0], [112175.0, 7660.0], [112172.5, 1350.0], [112170.0, 8460.0], [112167.5, 4500.0], [112165.0, 8700.0], [112152.5, 4250.0], [112150.0, 4690.0], [112127.5, 4140.0], [112125.0, 4690.0], [112115.0, 4270.0], [112075.0, 2570.0], [112070.0, 15820.0], [112065.0, 4220.0], [112057.5, 10290.0], [112052.5, 4280.0], [112040.0, 41180.0], [112035.0, 4210.0]], "asks": [[112187.5, 14010.0], [112200.0, 8830.0], [112207.5, 600.0], [112210.0, 3610.0], [112212.5, 4300.0], [112215.0, 1060.0], [112217.5, 1500.0], [112220.0, 25270.0], [112222.5, 50000.0], [112225.0, 25250.0], [112265.0, 4320.0], [112272.5, 10.0], [112280.0, 10.0], [112285.0, 4250.0], [112290.0, 10.0], [112295.0, 40.0], [112300.0, 4310.0], [112310.0, 10.0], [112317.5, 40150.0], [112325.0, 4220.0]]}}}
{"jsonrpc": "2.0", "method": "subscription", "params": {"channel": "book.BTC-5SEP25.none.20.100ms", "data": {"timestamp": 1756931170320, "change_id": 116177155168, "instrument_name": "BTC-5SEP25", "bids": [[112185.0, 13700.0], [112182.5, 4690.0], [112177.5, 2120.0], [112175.0, 7660.0], [112172.5, 1350.0], [112170.0, 7110.0], [112167.5, 4500.0], [112165.0, 4200.0], [112152.5, 4250.0], [112150.0, 4690.0], [112127.5, 4140.0], [112125.0, 4690.0], [112115.0, 4270.0], [112075.0, 2570.0], [112070.0, 15820.0], [112065.0, 4220.0], [112057.5, 10290.0], [112052.5, 4280.0], [112040.0, 41180.0], [112035.0, 4210.0]], "asks": [[112187.5, 14010.0], [112197.5, 4500.0], [112200.0, 8830.0], [112205.0, 1950.0], [112207.5, 4500.0], [112210.0, 3610.0], [112212.5, 4300.0], [112215.0, 17560.0], [112217.5, 50000.0], [112220.0, 5000.0], [112222.5, 7580.0], [112225.0, 25250.0], [112265.0, 4320.0], [112272.5, 10.0], [112280.0, 10.0], [112285.0, 4250.0], [112290.0, 10.0], [112295.0, 40.0], [112300.0, 4310.0], [112310.0, 10.0]]}}}
{"jsonrpc": "2.0", "method": "subscription", "params": {"channel": "book.BTC-5SEP25.none.20.100ms", "data": {"timestamp": 1756931170863, "change_id": 116177155830, "instrument_name": "BTC-5SEP25", "bids": [[112185.0, 13700.0], [112182.5, 4690.0], [112177.5, 2120.0], [112175.0, 10510.0], [112172.5, 5000.0], [112170.0, 7110.0], [112167.5, 4500.0], [112165.0, 4200.0], [112155.0, 2680.0], [112152.5, 4250.0], [112150.0, 4690.0], [112127.5, 4140.0], [112125.0, 4690.0], [112117.5, 1280.0], [112115.0, 4270.0], [112075.0, 2570.0], [112072.5, 4750.0], [112070.0, 15820.0], [112065.0, 4220.0], [112057.5, 10290.0]], "asks": [[112187.5, 14010.0], [112190.0, 5000.0], [112197.5, 4500.0], [112200.0, 8830.0], [112205.0, 1950.0], [112207.5, 4500.0], [112210.0, 18410.0], [112212.5, 54300.0], [112215.0, 1060.0], [112220.0, 5000.0], [112222.5, 7580.0], [112225.0, 25250.0], [112262.5, 1300.0], [112265.0, 4320.0], [112272.5, 10.0], [112280.0, 10.0], [112285.0, 4250.0], [112290.0, 10.0], [112295.0, 40.0], [112297.5, 1290.0]]}}}
{"jsonrpc": "2.0", "method": "subscription", "params": {"channel": "book.BTC-12SEP25.none.20.100ms", "data": {"timestamp": 1756931171172, "change_id": 116177156264, "instrument_name": "BTC-12SEP25", "bids": [[112342.5, 13750.0], [112340.0, 14130.0], [112337.5, 4830.0], [112332.5, 390.0], [112330.0, 4200.0], [112327.5, 6000.0], [112325.0, 3700.0], [112322.5, 160.0], [112320.0, 810.0], [112317.5, 2700.0], [112315.0, 2270.0], [112312.5, 1250.0], [112310.0, 4830.0], [112300.0, 380.0], [112297.5, 1260.0], [112295.0, 20.0], [112260.0, 390.0], [112257.5, 1290.0], [112250.0, 5510.0], [112245.0, 18540.0]], "asks": [[112345.0, 4000.0], [112352.5, 8830.0], [112355.0, 10690.0], [112357.5, 5000.0], [112365.0, 4000.0], [112367.5, 12520.0], [112370.0, 160.0], [112372.5, 1800.0], [112380.0, 17460.0], [112382.5, 5000.0], [112390.0, 1830.0], [112392.5, 4830.0], [112395.0, 1800.0], [112397.5, 1800.0], [112405.0, 380.0], [112407.5, 1270.0], [112412.5, 30.0], [112417.5, 1400.0], [112420.0, 6140.0], [112427.5, 2000.0]]}}}
{"jsonrpc": "2.0", "method": "subscription", "params": {"channel": "book.BTC-5SEP25.none.20.100ms", "data": {"timestamp": 1756931170958, "change_id": 116177155874, "instrument_name": "BTC-5SEP25", "bids": [[112185.0, 13700.0], [112182.5, 4690.0], [112177.5, 2120.0], [112175.0, 10510.0], [112172.5, 5000.0], [112170.0, 7110.0], [112167.5, 4500.0], [112165.0, 4200.0], [112155.0, 2680.0], [112152.5, 4250.0], [112150.0, 4690.0], [112127.5, 4140.0], [112125.0, 4690.0], [112117.5, 1280.0], [112115.0, 4270.0], [112075.0, 2570.0], [112072.5, 4750.0], [112070.0, 15820.0], [112065.0, 4220.0], [112057.5, 10290.0]], "asks": [[112187.5, 14010.0], [112190.0, 5000.0], [112197.5, 4500.0], [112200.0, 8830.0], [112205.0, 1950.0], [112207.5, 4500.0], [112210.0, 18410.0], [112212.5, 54300.0], [112215.0, 1060.0], [112217.5, 1500.0], [112220.0, 5000.0], [112222.5, 7580.0], [112225.0, 25250.0], [112262.5, 1300.0], [112265.0, 4320.0], [112272.5, 10.0], [112280.0, 10.0], [112285.0, 4250.0], [112290.0, 10.0], [112295.0, 40.0]]}}}
{"jsonrpc": "2.0", "method": "subscription", "params": {"channel": "book.BTC-12SEP25.none.20.100ms", "data": {"timestamp": 1756931171386, "change_id": 116177156433, "instrument_name": "BTC-12SEP25", "bids": [[112342.5, 13750.0], [112340.0, 14130.0], [112337.5, 4830.0], [112332.5, 390.0], [112330.0, 4200.0], [112327.5, 6000.0], [112325.0, 3700.0], [112322.5, 160.0], [112320.0, 810.0], [112317.5, 2700.0], [112315.0, 2270.0], [112312.5, 1250.0], [112310.0, 4830.0], [112300.0, 380.0], [112297.5, 1260.0], [112295.0, 20.0], [112260.0, 390.0], [112257.5, 1290.0], [112250.0, 5510.0], [112245.0, 18540.0]], "asks": [[112345.0, 4000.0], [112352.5, 13830.0], [112355.0, 10690.0], [112365.0, 4000.0], [112367.5, 12520.0], [112370.0, 160.0], [112372.5, 1800.0], [112380.0, 17460.0], [112382.5, 5000.0], [112390.0, 1830.0], [112392.5, 4830.0], [112395.0, 1800.0], [112397.5, 1800.0], [112405.0, 380.0], [112407.5, 1270.0], [112412.5, 30.0], [112417.5, 1400.0], [112420.0, 6140.0], [112427.5, 2000.0], [112432.5, 1290.0]]}}}
{"jsonrpc": "2.0", "method": "subscription", "params": {"channel": "book.BTC-5SEP25.none.20.100ms", "data": {"timestamp": 1756931171511, "change_id": 116177156723, "instrument_name": "BTC-5SEP25", "bids": [[112185.0, 9500.0], [112182.5, 6040.0], [112180.0, 8150.0], [112177.5, 4500.0], [112175.0, 9160.0], [112172.5, 5000.0], [112170.0, 2610.0], [112167.5, 4500.0], [112165.0, 4200.0], [112155.0, 2680.0], [112152.5, 4250.0], [112150.0, 4690.0], [112127.5, 4140.0], [112125.0, 4690.0], [112117.5, 1280.0], [112115.0, 4270.0], [112075.0, 2570.0], [112072.5, 4750.0], [112070.0, 15820.0], [112065.0, 4220.0]], "asks": [[112187.5, 9510.0], [112190.0, 5000.0], [112197.5, 4500.0], [112200.0, 4690.0], [112202.5, 4500.0], [112205.0, 3060.0], [112207.5, 4500.0], [112210.0, 22910.0], [112212.5, 54300.0], [112215.0, 1060.0], [112217.5, 1500.0], [112220.0, 5000.0], [112222.5, 7580.0], [112225.0, 25250.0], [112262.5, 1300.0], [112265.0, 4320.0], [112272.5, 10.0], [112280.0, 10.0], [112285.0, 4250.0], [112290.0, 10.0]]}}}
{"jsonrpc": "2.0", "method": "subscription", "params": {"channel": "book.BTC-12SEP25.none.20.100ms", "data": {"timestamp": 1756931171828, "change_id": 116177158566, "instrument_name": "BTC-12SEP25", "bids": [[112352.5, 9720.0], [112350.0, 19300.0], [112340.0, 1890.0], [112337.5, 4830.0], [112335.0, 160.0], [112332.5, 390.0], [112330.0, 4200.0], [112327.5, 6000.0], [112325.0, 3700.0], [112315.0, 1130.0], [112312.5, 1250.0], [112310.0, 4830.0], [112300.0, 380.0], [112297.5, 1260.0], [112295.0, 20.0], [112277.5, 15790.0], [112260.0, 390.0], [112257.5, 1290.0], [112245.0, 18540.0], [112230.0, 380.0]], "asks": [[112355.0, 5400.0], [112365.0, 4000.0], [112367.5, 5280.0], [112370.0, 160.0], [112372.5, 1800.0], [112380.0, 1270.0], [112395.0, 1260.0], [112397.5, 1800.0], [112400.0, 5000.0], [112405.0, 5230.0], [112407.5, 1270.0], [112410.0, 16330.0], [112412.5, 30.0], [112417.5, 1840.0], [112420.0, 6140.0], [112432.5, 1290.0], [112442.5, 5560.0], [112445.0, 18540.0], [112455.0, 40.0], [112457.5, 1270.0]]}}}
{"jsonrpc": "2.0", "method": "subscription", "params": {"channel": "book.BTC-5SEP25.none.20.100ms", "data": {"timestamp": 1756931171790, "change_id": 116177158499, "instrument_name": "BTC-5SEP25", "bids": [[112205.0, 5000.0], [112195.0, 8890.0], [112185.0, 4500.0], [112180.0, 4200.0], [112177.5, 7500.0], [112175.0, 4850.0], [112167.5, 4500.0], [112165.0, 4200.0], [112152.5, 4250.0], [112150.0, 4690.0], [112140.0, 4200.0], [112127.5, 4140.0], [112125.0, 16410.0], [112115.0, 4270.0], [112075.0, 2570.0], [112065.0, 4220.0], [112057.5, 10290.0], [112052.5, 4280.0], [112040.0, 41180.0], [112035.0, 4210.0]], "asks": [[112207.5, 4500.0], [112212.5, 4300.0], [112215.0, 900.0], [112225.0, 4150.0], [112230.0, 160.0], [112235.0, 7000.0], [112237.5, 4200.0], [112250.0, 4690.0], [112255.0, 15890.0], [112257.5, 50000.0], [112265.0, 4320.0], [112272.5, 10.0], [112280.0, 10.0], [112285.0, 4250.0], [112290.0, 10.0], [112295.0, 40.0], [112300.0, 4310.0], [112310.0, 10.0], [112317.5, 40150.0], [112325.0, 4220.0]]}}}
{"jsonrpc": "2.0", "method": "subscription", "params": {"channel": "book.BTC-12SEP25.none.20.100ms", "data": {"timestamp": 1756931172177, "change_id": 116177159282, "instrument_name": "BTC-12SEP25", "bids": [[112352.5, 5290.0], [112350.0, 19300.0], [112340.0, 1890.0], [112337.5, 4830.0], [112335.0, 160.0], [112332.5, 390.0], [112330.0, 3360.0], [112327.5, 6000.0], [112325.0, 900.0], [112315.0, 1680.0], [112312.5, 1250.0], [112310.0, 4830.0], [112300.0, 380.0], [112297.5, 1260.0], [112295.0, 20.0], [112280.0, 4740.0], [112277.5, 15790.0], [112260.0, 390.0], [112257.5, 1290.0], [112247.5, 5560.0]], "asks": [[112355.0, 9400.0], [112362.5, 4830.0], [112365.0, 4000.0], [112367.5, 5280.0], [112370.0, 4160.0], [112372.5, 1800.0], [112377.5, 4000.0], [112380.0, 8510.0], [112392.5, 9830.0], [112395.0, 1260.0], [112397.5, 1800.0], [112405.0, 5230.0], [112407.5, 1270.0], [112410.0, 16330.0], [112412.5, 30.0], [112417.5, 1840.0], [112420.0, 6140.0], [112430.0, 390.0], [112432.5, 1290.0], [112437.5, 2000.0]]}}}
{"jsonrpc": "2.0", "method": "subscription", "params": {"channel": "book.BTC-5SEP25.none.20.100ms", "data": {"timestamp": 1756931172016, "change_id": 116177159211, "instrument_name": "BTC-5SEP25", "bids": [[112205.0, 5000.0], [112195.0, 8890.0], [112185.0, 4500.0], [112180.0, 9200.0], [112177.5, 7500.0], [112175.0, 4850.0], [112167.5, 4500.0], [112165.0, 4200.0], [112152.5, 4250.0], [112150.0, 4690.0], [112140.0, 4200.0], [112127.5, 4140.0], [112125.0, 16410.0], [112115.0, 4270.0], [112075.0, 2570.0], [112065.0, 4220.0], [112057.5, 10290.0], [112052.5, 4280.0], [112040.0, 41180.0], [112035.0, 4210.0]], "asks": [[112207.5, 19010.0], [112212.5, 4300.0], [112215.0, 900.0], [112217.5, 160.0], [112225.0, 8840.0], [112227.5, 5000.0], [112235.0, 2000.0], [112237.5, 4200.0], [112250.0, 4690.0], [112252.5, 50000.0], [112255.0, 15890.0], [112265.0, 4320.0], [112272.5, 10.0], [112280.0, 10.0], [112285.0, 4250.0], [112290.0, 10.0], [112295.0, 40.0], [112300.0, 4310.0], [112310.0, 10.0], [112317.5, 40150.0]]}}}
{"jsonrpc": "2.0", "method": "subscription", "params": {"channel": "book.BTC-5SEP25.none.20.100ms", "data": {"timestamp": 1756931172507, "change_id": 116177159766, "instrument_name": "BTC-5SEP25", "bids": [[112205.0, 5000.0], [112197.5, 1260.0], [112195.0, 4200.0], [112192.5, 1410.0], [112190.0, 4690.0], [112187.5, 3340.0], [112185.0, 12000.0], [112182.5, 2760.0], [112180.0, 9200.0], [112177.5, 1460.0], [112175.0, 4850.0], [112170.0, 1260.0], [112165.0, 4200.0], [112155.0, 2680.0], [112152.5, 4250.0], [112150.0, 4690.0], [112142.5, 1260.0], [112140.0, 4200.0], [112130.0, 6170.0], [112127.5, 4140.0]], "asks": [[112207.5, 19010.0], [112210.0, 1560.0], [112212.5, 4300.0], [112215.0, 900.0], [112217.5, 1510.0], [112220.0, 23000.0], [112222.5, 54500.0], [112225.0, 10340.0], [112227.5, 5000.0], [112232.5, 600.0], [112235.0, 3260.0], [112237.5, 4200.0], [112247.5, 1410.0], [112250.0, 4690.0], [112252.5, 4770.0], [112255.0, 15890.0], [112262.5, 1300.0], [112265.0, 4320.0], [112272.5, 10.0], [112280.0, 10.0]]}}}
{"jsonrpc": "2.0", "method": "subscription", "params": {"channel": "book.BTC-12SEP25.none.20.100ms", "data": {"timestamp": 1756931173152, "change_id": 116177160689, "instrument_name": "BTC-12SEP25", "bids": [[112352.5, 12470.0], [112350.0, 19300.0], [112340.0, 1890.0], [112337.5, 4830.0], [112335.0, 1750.0], [112332.5, 4000.0], [112330.0, 3360.0], [112327.5, 6000.0], [112325.0, 900.0], [112315.0, 1680.0], [112312.5, 1250.0], [112310.0, 4830.0], [112300.0, 380.0], [112297.5, 1260.0], [112295.0, 20.0], [112280.0, 4740.0], [112277.5, 15790.0], [112260.0, 390.0], [112257.5, 1290.0], [112247.5, 5560.0]], "asks": [[112355.0, 9400.0], [112365.0, 9000.0], [112367.5, 5280.0], [112370.0, 4160.0], [112372.5, 1800.0], [112377.5, 4000.0], [112380.0, 8510.0], [112392.5, 9830.0], [112395.0, 1260.0], [112397.5, 1800.0], [112405.0, 5230.0], [112407.5, 1270.0], [112410.0, 16330.0], [112412.5, 30.0], [112417.5, 1840.0], [112420.0, 6140.0], [112430.0, 390.0], [112432.5, 1290.0], [112435.0, 600.0], [112437.5, 2000.0]]}}}
{"jsonrpc": "2.0", "method": "subscription", "params": {"channel": "book.BTC-5SEP25.none.20.100ms", "data": {"timestamp": 1756931172967, "change_id": 116177160678, "instrument_name": "BTC-5SEP25", "bids": [[112205.0, 5000.0], [112197.5, 1260.0], [112195.0, 4200.0], [112192.5, 1410.0], [112190.0, 4690.0], [112187.5, 3340.0], [112185.0, 12000.0], [112182.5, 2760.0], [112180.0, 9200.0], [112177.5, 1460.0], [112175.0, 4850.0], [112170.0, 1260.0], [112165.0, 4200.0], [112155.0, 2680.0], [112152.5, 4250.0], [112150.0, 4690.0], [112142.5, 1260.0], [112140.0, 4200.0], [112130.0, 6170.0], [112127.5, 4140.0]], "asks": [[112207.5, 14320.0], [112212.5, 4300.0], [112215.0, 900.0], [112217.5, 1510.0], [112220.0, 23000.0], [112222.5, 54500.0], [112225.0, 10340.0], [112227.5, 5000.0], [112232.5, 600.0], [112235.0, 3260.0], [112237.5, 4200.0], [112247.5, 1410.0], [112250.0, 4690.0], [112252.5, 4770.0], [112255.0, 15890.0], [112262.5, 1300.0], [112265.0, 4320.0], [112272.5, 10.0], [112280.0, 10.0], [112282.5, 1280.0]]}}}
{"jsonrpc": "2.0", "method": "subscription", "params": {"channel": "book.BTC-12SEP25.none.20.100ms", "data": {"timestamp": 1756931173369, "change_id": 116177160914, "instrument_name": "BTC-12SEP25", "bids": [[112352.5, 7180.0], [112350.0, 19300.0], [112340.0, 1890.0], [112337.5, 4830.0], [112335.0, 1750.0], [112332.5, 4000.0], [112330.0, 3360.0], [112327.5, 6000.0], [112325.0, 900.0], [112315.0, 1680.0], [112312.5, 1250.0], [112310.0, 4830.0], [112300.0, 380.0], [112297.5, 1260.0], [112295.0, 20.0], [112280.0, 4740.0], [112277.5, 15790.0], [112260.0, 390.0], [112257.5, 1290.0], [112247.5, 5560.0]], "asks": [[112355.0, 9400.0], [112362.5, 4830.0], [112365.0, 9000.0], [112367.5, 5280.0], [112370.0, 4160.0], [112372.5, 1800.0], [112377.5, 4000.0], [112380.0, 8510.0], [112392.5, 9830.0], [112395.0, 1260.0], [112397.5, 1800.0], [112405.0, 5230.0], [112407.5, 1270.0], [112410.0, 16330.0], [112412.5, 30.0], [112417.5, 1840.0], [112420.0, 6140.0], [112430.0, 390.0], [112432.5, 1290.0], [112435.0, 600.0]]}}}
{"jsonrpc": "2.0", "method": "subscription", "params": {"channel": "book.BTC-5SEP25.none.20.100ms", "data": {"timestamp": 1756931173282, "change_id": 116177160915, "instrument_name": "BTC-5SEP25", "bids": [[112205.0, 5000.0], [112195.0, 3790.0], [112192.5, 4500.0], [112190.0, 12790.0], [112187.5, 7500.0], [112185.0, 4500.0], [112182.5, 2760.0], [112180.0, 9200.0], [112177.5, 1460.0], [112175.0, 4850.0], [112170.0, 1260.0], [112165.0, 4200.0], [112155.0, 2680.0], [112152.5, 4250.0], [112150.0, 4690.0], [112142.5, 1260.0], [112140.0, 4200.0], [112130.0, 6170.0], [112127.5, 4140.0], [112125.0, 16410.0]], "asks": [[112207.5, 14510.0], [112210.0, 6060.0], [112212.5, 4300.0], [112215.0, 3650.0], [112217.5, 4660.0], [112220.0, 23000.0], [112222.5, 54500.0], [112225.0, 10340.0], [112227.5, 5000.0], [112232.5, 600.0], [112235.0, 3260.0], [112237.5, 4200.0], [112247.5, 1410.0], [112250.0, 4690.0], [112252.5, 4770.0], [112255.0, 15890.0], [112262.5, 1300.0], [112265.0, 4320.0], [112272.5, 10.0], [112280.0, 10.0]]}}}
{"jsonrpc": "2.0", "method": "subscription", "params": {"channel": "book.BTC-12SEP25.none.20.100ms", "data": {"timestamp": 1756931173585, "change_id": 116177161257, "instrument_name": "BTC-12SEP25", "bids": [[112352.5, 8470.0], [112350.0, 19300.0], [112340.0, 1890.0], [112337.5, 4830.0], [112335.0, 1750.0], [112332.5, 4000.0], [112330.0, 3360.0], [112327.5, 6000.0], [112325.0, 900.0], [112315.0, 1680.0], [112312.5, 1250.0], [112310.0, 4830.0], [112300.0, 380.0], [112297.5, 1260.0], [112295.0, 20.0], [112280.0, 4740.0], [112277.5, 15790.0], [112260.0, 390.0], [112257.5, 1290.0], [112247.5, 5560.0]], "asks": [[112355.0, 9400.0], [112362.5, 4830.0], [112365.0, 9000.0], [112367.5, 5280.0], [112370.0, 4160.0], [112372.5, 1800.0], [112377.5, 4000.0], [112380.0, 8510.0], [112392.5, 9830.0], [112395.0, 1800.0], [112397.5, 1800.0], [112405.0, 5230.0], [112407.5, 1270.0], [112410.0, 16330.0], [112412.5, 30.0], [112417.5, 1840.0], [112420.0, 6140.0], [112430.0, 390.0], [112432.5, 1290.0], [112435.0, 600.0]]}}}
{"jsonrpc": "2.0", "method": "subscription", "params": {"channel": "book.BTC-12SEP25.none.20.100ms", "data": {"timestamp": 1756931174139, "change_id": 116177161961, "instrument_name": "BTC-12SEP25", "bids": [[112352.5, 7180.0], [112350.0, 19300.0], [112340.0, 1890.0], [112337.5, 4830.0], [112335.0, 1750.0], [112332.5, 4000.0], [112330.0, 3360.0], [112327.5, 6000.0], [112325.0, 900.0], [112315.0, 1680.0], [112312.5, 1250.0], [112310.0, 4830.0], [112300.0, 380.0], [112297.5, 1260.0], [112295.0, 20.0], [112280.0, 4740.0], [112277.5, 15790.0], [112260.0, 390.0], [112257.5, 1290.0], [112247.5, 5560.0]], "asks": [[112355.0, 9400.0], [112360.0, 4000.0], [112362.5, 4830.0], [112365.0, 9000.0], [112367.5, 5280.0], [112370.0, 4160.0], [112372.5, 1800.0], [112377.5, 4000.0], [112380.0, 8510.0], [112385.0, 5000.0], [112392.5, 4830.0], [112395.0, 1800.0], [112397.5, 1800.0], [112405.0, 5230.0], [112407.5, 1270.0], [112410.0, 16330.0], [112412.5, 30.0], [112417.5, 1840.0], [112420.0, 6140.0], [112430.0, 390.0]]}}}
{"jsonrpc": "2.0", "method": "subscription", "params": {"channel": "book.BTC-5SEP25.none.20.100ms", "data": {"timestamp": 1756931174160, "change_id": 116177162005, "instrument_name": "BTC-5SEP25", "bids": [[112205.0, 5000.0], [112195.0, 5880.0], [112192.5, 4500.0], [112190.0, 16690.0], [112187.5, 1350.0], [112185.0, 4500.0], [112182.5, 2760.0], [112180.0, 9200.0], [112177.5, 1460.0], [112175.0, 4850.0], [112170.0, 1260.0], [112165.0, 4200.0], [112155.0, 2680.0], [112152.5, 4250.0], [112150.0, 4690.0], [112142.5, 1260.0], [112140.0, 4200.0], [112130.0, 6170.0], [112127.5, 4140.0], [112125.0, 16410.0]], "asks": [[112207.5, 14510.0], [112210.0, 6060.0], [112212.5, 4300.0], [112215.0, 3650.0], [112217.5, 4660.0], [112220.0, 23000.0], [112222.5, 54500.0], [112225.0, 10340.0], [112227.5, 5000.0], [112232.5, 600.0], [112235.0, 3260.0], [112237.5, 4200.0], [112247.5, 1410.0], [112250.0, 4690.0], [112252.5, 4770.0], [112255.0, 15890.0], [112262.5, 1300.0], [112265.0, 4320.0], [112272.5, 10.0], [112280.0, 10.0]]}}}
{"jsonrpc": "2.0", "method": "subscription", "params": {"channel": "book.BTC-12SEP25.none.20.100ms", "data": {"timestamp": 1756931174389, "change_id": 116177162135, "instrument_name": "BTC-12SEP25", "bids": [[112352.5, 7180.0], [112350.0, 19300.0], [112340.0, 1890.0], [112337.5, 4830.0], [112335.0, 1750.0], [112332.5, 4000.0], [112330.0, 3360.0], [112327.5, 6000.0], [112325.0, 900.0], [112315.0, 1680.0], [112312.5, 1250.0], [112310.0, 4830.0], [112300.0, 380.0], [112297.5, 1260.0], [112295.0, 20.0], [112280.0, 4740.0], [112277.5, 15790.0], [112260.0, 390.0], [112257.5, 1290.0], [112247.5, 5560.0]], "asks": [[112355.0, 9400.0], [112360.0, 4000.0], [112362.5, 4830.0], [112365.0, 9000.0], [112367.5, 5280.0], [112370.0, 4160.0], [112372.5, 1800.0], [112377.5, 4000.0], [112380.0, 8510.0], [112385.0, 5000.0], [112392.5, 4830.0], [112395.0, 1800.0], [112397.5, 1800.0], [112405.0, 5230.0], [112407.5, 1270.0], [112410.0, 16330.0], [112412.5, 30.0], [112417.5, 1840.0], [112420.0, 6140.0], [112430.0, 390.0]]}}}
{"jsonrpc": "2.0", "method": "subscription", "params": {"channel": "book.BTC-5SEP25.none.20.100ms", "data": {"timestamp": 1756931174271, "change_id": 116177162116, "instrument_name": "BTC-5SEP25", "bids": [[112205.0, 5000.0], [112195.0, 5880.0], [112192.5, 4500.0], [112190.0, 16690.0], [112187.5, 1350.0], [112185.0, 4500.0], [112182.5, 2760.0], [112180.0, 9200.0], [112177.5, 1460.0], [112175.0, 4850.0], [112170.0, 1260.0], [112165.0, 4200.0], [112155.0, 2680.0], [112152.5, 4250.0], [112150.0, 4690.0], [112142.5, 1260.0], [112140.0, 4200.0], [112130.0, 6170.0], [112127.5, 4140.0], [112125.0, 16410.0]], "asks": [[112207.5, 19010.0], [112210.0, 6060.0], [112212.5, 4300.0], [112215.0, 3650.0], [112217.5, 4660.0], [112220.0, 23000.0], [112222.5, 54500.0], [112225.0, 10340.0], [112227.5, 5000.0], [112232.5, 600.0], [112235.0, 3260.0], [112237.5, 4200.0], [112247.5, 1410.0], [112250.0, 4690.0], [112252.5, 4770.0], [112255.0, 15890.0], [112262.5, 1300.0], [112265.0, 4320.0], [112272.5, 10.0], [112280.0, 10.0]]}}}
{"jsonrpc": "2.0", "method": "subscription", "params": {"channel": "book.BTC-12SEP25.none.20.100ms", "data": {"timestamp": 1756931175131, "change_id": 116177163179, "instrument_name": "BTC-12SEP25", "bids": [[112352.5, 7390.0], [112350.0, 19300.0], [112340.0, 1890.0], [112337.5, 4830.0], [112335.0, 1750.0], [112332.5, 4000.0], [112330.0, 3360.0], [112327.5, 6000.0], [112325.0, 900.0], [112315.0, 1680.0], [112312.5, 1250.0], [112310.0, 4830.0], [112300.0, 380.0], [112297.5, 1260.0], [112295.0, 20.0], [112280.0, 4740.0], [112277.5, 15790.0], [112260.0, 390.0], [112257.5, 1290.0], [112247.5, 5560.0]], "asks": [[112355.0, 5400.0], [112360.0, 4000.0], [112362.5, 4830.0], [112365.0, 9000.0], [112367.5, 5280.0], [112370.0, 4160.0], [112372.5, 1800.0], [112377.5, 4000.0], [112380.0, 8510.0], [112385.0, 5000.0], [112392.5, 4830.0], [112395.0, 1800.0], [112397.5, 1800.0], [112405.0, 5230.0], [112407.5, 1270.0], [112410.0, 16330.0], [112412.5, 30.0], [112417.5, 1840.0], [112420.0, 6140.0], [112430.0, 390.0]]}}}
{"jsonrpc": "2.0", "method": "subscription", "params": {"channel": "book.BTC-5SEP25.none.20.100ms", "data": {"timestamp": 1756931174994, "change_id": 116177162917, "instrument_name": "BTC-5SEP25", "bids": [[112205.0, 5000.0], [112195.0, 5880.0], [112192.5, 8660.0], [112190.0, 16690.0], [112187.5, 1350.0], [112185.0, 4500.0], [112182.5, 2760.0], [112180.0, 9200.0], [112177.5, 1460.0], [112175.0, 4850.0], [112170.0, 1260.0], [112165.0, 4200.0], [112155.0, 2680.0], [112152.5, 4250.0], [112150.0, 4690.0], [112142.5, 1260.0], [112140.0, 4200.0], [112130.0, 6170.0], [112127.5, 4140.0], [112125.0, 16410.0]], "asks": [[112207.5, 19010.0], [112210.0, 6060.0], [112212.5, 4300.0], [112215.0, 3650.0], [112217.5, 4660.0], [112220.0, 23000.0], [112222.5, 50000.0], [112225.0, 10340.0], [112227.5, 5000.0], [112232.5, 600.0], [112235.0, 3260.0], [112237.5, 4200.0], [112247.5, 1410.0], [112250.0, 4690.0], [112252.5, 4770.0], [112255.0, 15890.0], [112262.5, 1300.0], [112265.0, 4320.0], [112272.5, 10.0], [112280.0, 10.0]]}}}
{"jsonrpc": "2.0", "method": "subscription", "params": {"channel": "book.BTC-5SEP25.none.20.100ms", "data": {"timestamp": 1756931175265, "change_id": 116177163330, "instrument_name": "BTC-5SEP25", "bids": [[112205.0, 5000.0], [112200.0, 1350.0], [112197.5, 4500.0], [112195.0, 5880.0], [112192.5, 8660.0], [112190.0, 16690.0], [112182.5, 2760.0], [112180.0, 9200.0], [112177.5, 1460.0], [112175.0, 4850.0], [112170.0, 1260.0], [112165.0, 4200.0], [112155.0, 2680.0], [112152.5, 4250.0], [112150.0, 4690.0], [112142.5, 1260.0], [112140.0, 4200.0], [112130.0, 6170.0], [112127.5, 4140.0], [112125.0, 16410.0]], "asks": [[112207.5, 19010.0], [112210.0, 6060.0], [112212.5, 4300.0], [112215.0, 3650.0], [112217.5, 4660.0], [112220.0, 23000.0], [112222.5, 50000.0], [112225.0, 10340.0], [112227.5, 5000.0], [112232.5, 600.0], [112235.0, 3260.0], [112237.5, 4200.0], [112247.5, 1410.0], [112250.0, 4690.0], [112252.5, 4770.0], [112255.0, 15890.0], [112262.5, 1300.0], [112265.0, 4320.0], [112272.5, 10.0], [112280.0, 10.0]]}}}
{"jsonrpc": "2.0", "method": "subscription", "params": {"channel": "book.BTC-12SEP25.none.20.100ms", "data": {"timestamp": 1756931175602, "change_id": 116177163701, "instrument_name": "BTC-12SEP25", "bids": [[112352.5, 7390.0], [112350.0, 19300.0], [112340.0, 1890.0], [112337.5, 4830.0], [112335.0, 1750.0], [112332.5, 4000.0], [112330.0, 3360.0], [112327.5, 6000.0], [112325.0, 900.0], [112315.0, 1680.0], [112312.5, 1250.0], [112310.0, 4830.0], [112300.0, 380.0], [112297.5, 1260.0], [112295.0, 20.0], [112280.0, 4740.0], [112277.5, 15790.0], [112260.0, 390.0], [112257.5, 1290.0], [112247.5, 5560.0]], "asks": [[112355.0, 5400.0], [112360.0, 4000.0], [112362.5, 4830.0], [112365.0, 9000.0], [112367.5, 5280.0], [112370.0, 4160.0], [112372.5, 1800.0], [112377.5, 4000.0], [112380.0, 8510.0], [112385.0, 5000.0], [112392.5, 4830.0], [112395.0, 1800.0], [112397.5, 1800.0], [112405.0, 5230.0], [112407.5, 1270.0], [112410.0, 16330.0], [112412.5, 30.0], [112417.5, 1840.0], [112420.0, 6140.0], [112430.0, 390.0]]}}}
{"jsonrpc": "2.0", "method": "subscription", "params": {"channel": "book.BTC-5SEP25.none.20.100ms", "data": {"timestamp": 1756931175600, "change_id": 116177163700, "instrument_name": "BTC-5SEP25", "bids": [[112205.0, 5000.0], [112200.0, 1350.0], [112197.5, 4500.0], [112195.0, 5880.0], [112192.5, 8660.0], [112190.0, 16690.0], [112182.5, 2760.0], [112180.0, 9200.0], [112177.5, 1460.0], [112175.0, 4850.0], [112170.0, 1260.0], [112165.0, 4200.0], [112155.0, 2680.0], [112152.5, 4250.0], [112150.0, 4690.0], [112142.5, 1260.0], [112140.0, 4200.0], [112130.0, 6170.0], [112127.5, 4140.0], [112125.0, 16410.0]], "asks": [[112207.5, 19010.0], [112210.0, 6060.0], [112212.5, 4300.0], [112215.0, 3650.0], [112217.5, 4660.0], [112220.0, 23000.0], [112222.5, 50000.0], [112225.0, 10340.0], [112227.5, 5000.0], [112232.5, 600.0], [112235.0, 3260.0], [112237.5, 4200.0], [112247.5, 1410.0], [112250.0, 4690.0], [112252.5, 4770.0], [112255.0, 15890.0], [112262.5, 1300.0], [112265.0, 4320.0], [112272.5, 10.0], [112280.0, 10.0]]}}}
{"jsonrpc": "2.0", "method": "subscription", "params": {"channel": "book.BTC-12SEP25.none.20.100ms", "data": {"timestamp": 1756931176117, "change_id": 116177164268, "instrument_name": "BTC-12SEP25", "bids": [[112352.5, 7390.0], [112350.0, 19300.0], [112340.0, 1890.0], [112337.5, 4830.0], [112335.0, 1750.0], [112332.5, 4000.0], [112330.0, 3360.0], [112327.5, 6000.0], [112325.0, 900.0], [112315.0, 1680.0], [112312.5, 1250.0], [112310.0, 4830.0], [112300.0, 380.0], [112297.5, 1260.0], [112295.0, 20.0], [112280.0, 4740.0], [112277.5, 15790.0], [112260.0, 390.0], [112257.5, 1290.0], [112247.5, 5560.0]], "asks": [[112355.0, 9400.0], [112360.0, 4000.0], [112362.5, 4830.0], [112365.0, 9000.0], [112367.5, 5280.0], [112370.0, 4160.0], [112372.5, 1800.0], [112377.5, 4000.0], [112380.0, 8510.0], [112385.0, 5000.0], [112392.5, 4830.0], [112395.0, 1800.0], [112397.5, 1800.0], [112405.0, 5230.0], [112407.5, 1270.0], [112410.0, 16330.0], [112412.5, 30.0], [112417.5, 1840.0], [112420.0, 6140.0], [112430.0, 390.0]]}}}
{"jsonrpc": "2.0", "method": "subscription", "params": {"channel": "book.BTC-5SEP25.none.20.100ms", "data": {"timestamp": 1756931176249, "change_id": 116177164432, "instrument_name": "BTC-5SEP25", "bids": [[112205.0, 5000.0], [112200.0, 1350.0], [112197.5, 4500.0], [112195.0, 5880.0], [112192.5, 8660.0], [112190.0, 12190.0], [112182.5, 2760.0], [112180.0, 9200.0], [112177.5, 1460.0], [112175.0, 4850.0], [112170.0, 1260.0], [112165.0, 4200.0], [112155.0, 2680.0], [112152.5, 4250.0], [112150.0, 4690.0], [112142.5, 1260.0], [112140.0, 4200.0], [112130.0, 6170.0], [112127.5, 4140.0], [112125.0, 16410.0]], "asks": [[112207.5, 19010.0], [112210.0, 6060.0], [112212.5, 4300.0], [112215.0, 3650.0], [112217.5, 4660.0], [112220.0, 23000.0], [112222.5, 50000.0], [112225.0, 10340.0], [112227.5, 5000.0], [112232.5, 600.0], [112235.0, 3260.0], [112237.5, 4200.0], [112247.5, 1410.0], [112250.0, 4690.0], [112252.5, 4770.0], [112255.0, 15890.0], [112262.5, 1300.0], [112265.0, 4320.0], [112272.5, 10.0], [112280.0, 10.0]]}}}
{"jsonrpc": "2.0", "method": "subscription", "params": {"channel": "book.BTC-12SEP25.none.20.100ms", "data": {"timestamp": 1756931176683, "change_id": 116177165019, "instrument_name": "BTC-12SEP25", "bids": [[112352.5, 5000.0], [112350.0, 19300.0], [112345.0, 5000.0], [112340.0, 1890.0], [112337.5, 4830.0], [112335.0, 1750.0], [112332.5, 4000.0], [112330.0, 3360.0], [112327.5, 6000.0], [112325.0, 900.0], [112315.0, 1680.0], [112312.5, 1250.0], [112310.0, 4830.0], [112300.0, 380.0], [112297.5, 1260.0], [112295.0, 20.0], [112280.0, 4740.0], [112277.5, 15790.0], [112260.0, 390.0], [112257.5, 1290.0]], "asks": [[112355.0, 9400.0], [112360.0, 9000.0], [112362.5, 4830.0], [112365.0, 4000.0], [112367.5, 5280.0], [112370.0, 4160.0], [112372.5, 1800.0], [112377.5, 4000.0], [112380.0, 8510.0], [112385.0, 5000.0], [112392.5, 4830.0], [112395.0, 1800.0], [112397.5, 1800.0], [112405.0, 5230.0], [112407.5, 1270.0], [112410.0, 16330.0], [112412.5, 30.0], [112417.5, 1840.0], [112420.0, 6140.0], [112430.0, 390.0]]}}}
{"jsonrpc": "2.0", "method": "subscription", "params": {"channel": "book.BTC-12SEP25.none.20.100ms", "data": {"timestamp": 1756931177109, "change_id": 116177165854, "instrument_name": "BTC-12SEP25", "bids": [[112352.5, 14000.0], [112350.0, 19300.0], [112345.0, 870.0], [112342.5, 2900.0], [112340.0, 1890.0], [112337.5, 4830.0], [112335.0, 1750.0], [112332.5, 4000.0], [112330.0, 3360.0], [112327.5, 6000.0], [112325.0, 900.0], [112315.0, 1680.0], [112312.5, 1250.0], [112310.0, 4830.0], [112300.0, 380.0], [112297.5, 1260.0], [112295.0, 20.0], [112280.0, 4740.0], [112277.5, 15790.0], [112260.0, 390.0]], "asks": [[112355.0, 5400.0], [112365.0, 4000.0], [112367.5, 6280.0], [112370.0, 4000.0], [112372.5, 5800.0], [112375.0, 7240.0], [112377.5, 4000.0], [112380.0, 1270.0], [112385.0, 160.0], [112392.5, 4830.0], [112395.0, 1260.0], [112397.5, 1800.0], [112400.0, 5000.0], [112405.0, 5230.0], [112407.5, 1270.0], [112410.0, 16330.0], [112412.5, 30.0], [112417.5, 1840.0], [112420.0, 6140.0], [112430.0, 390.0]]}}}
{"jsonrpc": "2.0", "method": "subscription", "params": {"channel": "book.BTC-5SEP25.none.20.100ms", "data": {"timestamp": 1756931177102, "change_id": 116177165881, "instrument_name": "BTC-5SEP25", "bids": [[112205.0, 5000.0], [112200.0, 2590.0], [112197.5, 9190.0], [112195.0, 5880.0], [112192.5, 8660.0], [112190.0, 7500.0], [112187.5, 1660.0], [112185.0, 5000.0], [112182.5, 1260.0], [112180.0, 4200.0], [112177.5, 1460.0], [112175.0, 4690.0], [112170.0, 1260.0], [112165.0, 4200.0], [112155.0, 2680.0], [112152.5, 4250.0], [112150.0, 4690.0], [112142.5, 1260.0], [112140.0, 4200.0], [112130.0, 6170.0]], "asks": [[112207.5, 9820.0], [112210.0, 4500.0], [112215.0, 900.0], [112217.5, 4500.0], [112220.0, 23000.0], [112222.5, 50000.0], [112225.0, 8840.0], [112232.5, 760.0], [112235.0, 4600.0], [112237.5, 9200.0], [112247.5, 2480.0], [112250.0, 8850.0], [112252.5, 4770.0], [112255.0, 15890.0], [112262.5, 1300.0], [112265.0, 4320.0], [112272.5, 10.0], [112280.0, 10.0], [112282.5, 1280.0], [112285.0, 4250.0]]}}}
{"jsonrpc": "2.0", "method": "subscription", "params": {"channel": "book.BTC-12SEP25.none.20.100ms", "data": {"timestamp": 1756931177475, "change_id": 116177166278, "instrument_name": "BTC-12SEP25", "bids": [[112352.5, 14000.0], [112350.0, 19300.0], [112345.0, 870.0], [112342.5, 2900.0], [112340.0, 1890.0], [112337.5, 4830.0], [112335.0, 1750.0], [112332.5, 4000.0], [112330.0, 2160.0], [112327.5, 2000.0], [112325.0, 900.0], [112315.0, 1680.0], [112312.5, 1250.0], [112310.0, 4830.0], [112300.0, 380.0], [112297.5, 1260.0], [112295.0, 20.0], [112280.0, 4740.0], [112277.5, 15790.0], [112260.0, 390.0]], "asks": [[112355.0, 5400.0], [112362.5, 4830.0], [112365.0, 4000.0], [112367.5, 6280.0], [112370.0, 4000.0], [112372.5, 5800.0], [112375.0, 7240.0], [112377.5, 4000.0], [112380.0, 1270.0], [112385.0, 160.0], [112392.5, 4830.0], [112395.0, 1260.0], [112397.5, 1800.0], [112400.0, 5000.0], [112405.0, 5230.0], [112407.5, 1270.0], [112410.0, 16330.0], [112412.5, 30.0], [112417.5, 1840.0], [112420.0, 6140.0]]}}}
{"jsonrpc": "2.0", "method": "subscription", "params": {"channel": "book.BTC-5SEP25.none.20.100ms", "data": {"timestamp": 1756931177431, "change_id": 116177166188, "instrument_name": "BTC-5SEP25", "bids": [[112205.0, 9500.0], [112200.0, 1350.0], [112197.5, 4500.0], [112195.0, 5880.0], [112192.5, 13350.0], [112190.0, 7500.0], [112187.5, 1660.0], [112185.0, 5000.0], [112182.5, 1260.0], [112180.0, 4200.0], [112177.5, 1460.0], [112175.0, 4690.0], [112170.0, 1260.0], [112165.0, 4200.0], [112155.0, 2680.0], [112152.5, 4250.0], [112150.0, 4690.0], [112142.5, 1260.0], [112140.0, 4200.0], [112130.0, 6170.0]], "asks": [[112207.5, 19010.0], [112215.0, 900.0], [112217.5, 4500.0], [112220.0, 20550.0], [112222.5, 50000.0], [112225.0, 8840.0], [112232.5, 760.0], [112235.0, 4600.0], [112237.5, 9200.0], [112247.5, 2480.0], [112250.0, 8850.0], [112252.5, 4770.0], [112255.0, 15890.0], [112262.5, 1300.0], [112265.0, 4320.0], [112272.5, 10.0], [112280.0, 10.0], [112282.5, 1280.0], [112285.0, 4250.0], [112290.0, 10.0]]}}}
{"jsonrpc": "2.0", "method": "subscription", "params": {"channel": "book.BTC-12SEP25.none.20.100ms", "data": {"timestamp": 1756931177669, "change_id": 116177166490, "instrument_name": "BTC-12SEP25", "bids": [[112352.5, 14000.0], [112350.0, 19300.0], [112345.0, 870.0], [112342.5, 2900.0], [112340.0, 1890.0], [112337.5, 4830.0], [112335.0, 1750.0], [112332.5, 4000.0], [112330.0, 2160.0], [112327.5, 2000.0], [112325.0, 900.0], [112315.0, 1680.0], [112312.5, 1250.0], [112310.0, 4830.0], [112300.0, 380.0], [112297.5, 1260.0], [112295.0, 20.0], [112280.0, 4740.0], [112277.5, 15790.0], [112260.0, 390.0]], "asks": [[112355.0, 5400.0], [112362.5, 4830.0], [112365.0, 4000.0], [112367.5, 6280.0], [112370.0, 4000.0], [112372.5, 5800.0], [112375.0, 7240.0], [112377.5, 4000.0], [112380.0, 1270.0], [112385.0, 160.0], [112392.5, 9830.0], [112395.0, 1260.0], [112397.5, 1800.0], [112405.0, 5230.0], [112407.5, 1270.0], [112410.0, 16330.0], [112412.5, 30.0], [112417.5, 1840.0], [112420.0, 6140.0], [112430.0, 390.0]]}}}
{"jsonrpc": "2.0", "method": "subscription", "params": {"channel": "book.BTC-5SEP25.none.20.100ms", "data": {"timestamp": 1756931177668, "change_id": 116177166488, "instrument_name": "BTC-5SEP25", "bids": [[112205.0, 9500.0], [112200.0, 1350.0], [112197.5, 4500.0], [112195.0, 5880.0], [112192.5, 13350.0], [112190.0, 7500.0], [112187.5, 1660.0], [112185.0, 5000.0], [112182.5, 1260.0], [112180.0, 4200.0], [112177.5, 1460.0], [112175.0, 4690.0], [112170.0, 1260.0], [112165.0, 4200.0], [112155.0, 2680.0], [112152.5, 4250.0], [112150.0, 4690.0], [112142.5, 1260.0], [112140.0, 4200.0], [112130.0, 6170.0]], "asks": [[112207.5, 19010.0], [112215.0, 900.0], [112217.5, 4500.0], [112220.0, 20550.0], [112222.5, 50000.0], [112225.0, 8840.0], [112227.5, 1500.0], [112230.0, 5000.0], [112232.5, 760.0], [112235.0, 3260.0], [112237.5, 4200.0], [112247.5, 2480.0], [112250.0, 8850.0], [112252.5, 4770.0], [112255.0, 15890.0], [112262.5, 1300.0], [112265.0, 4320.0], [112272.5, 10.0], [112280.0, 10.0], [112282.5, 1280.0]]}}}
{"jsonrpc": "2.0", "method": "subscription", "params": {"channel": "book.BTC-12SEP25.none.20.100ms", "data": {"timestamp": 1756931178095, "change_id": 116177166987, "instrument_name": "BTC-12SEP25", "bids": [[112352.5, 14000.0], [112350.0, 19300.0], [112345.0, 870.0], [112342.5, 2900.0], [112340.0, 1890.0], [112337.5, 4830.0], [112335.0, 1750.0], [112332.5, 4000.0], [112330.0, 2160.0], [112327.5, 2000.0], [112325.0, 900.0], [112315.0, 1680.0], [112312.5, 1250.0], [112310.0, 4830.0], [112300.0, 380.0], [112297.5, 1260.0], [112295.0, 20.0], [112280.0, 4740.0], [112277.5, 15790.0], [112272.5, 1280.0]], "asks": [[112355.0, 9400.0], [112362.5, 4830.0], [112365.0, 4000.0], [112367.5, 6280.0], [112370.0, 4000.0], [112372.5, 5800.0], [112375.0, 7240.0], [112377.5, 4000.0], [112380.0, 1270.0], [112385.0, 160.0], [112392.5, 9830.0], [112395.0, 1260.0], [112397.5, 1800.0], [112405.0, 5230.0], [112407.5, 1270.0], [112410.0, 16330.0], [112412.5, 30.0], [112417.5, 1840.0], [112420.0, 6140.0], [112430.0, 390.0]]}}}
{"jsonrpc": "2.0", "method": "subscription", "params": {"channel": "book.BTC-5SEP25.none.20.100ms", "data": {"timestamp": 1756931178759, "change_id": 116177167757, "instrument_name": "BTC-5SEP25", "bids": [[112205.0, 5000.0], [112200.0, 2590.0], [112197.5, 9190.0], [112195.0, 5880.0], [112192.5, 8660.0], [112190.0, 7500.0], [112187.5, 1660.0], [112185.0, 5000.0], [112182.5, 1260.0], [112180.0, 4200.0], [112177.5, 1460.0], [112175.0, 4690.0], [112170.0, 1260.0], [112165.0, 4200.0], [112155.0, 2680.0], [112152.5, 4250.0], [112150.0, 4690.0], [112142.5, 1260.0], [112140.0, 4200.0], [112130.0, 6170.0]], "asks": [[112207.5, 19010.0], [112215.0, 900.0], [112217.5, 4500.0], [112220.0, 20550.0], [112222.5, 50000.0], [112225.0, 8840.0], [112227.5, 1500.0], [112230.0, 5000.0], [112232.5, 760.0], [112235.0, 3260.0], [112237.5, 4200.0], [112247.5, 2480.0], [112250.0, 8850.0], [112252.5, 4770.0], [112255.0, 15890.0], [112262.5, 1300.0], [112265.0, 4320.0], [112272.5, 10.0], [112280.0, 10.0], [112282.5, 1280.0]]}}}
{"jsonrpc": "2.0", "method": "subscription", "params": {"channel": "book.BTC-12SEP25.none.20.100ms", "data": {"timestamp": 1756931179083, "change_id": 116177168208, "instrument_name": "BTC-12SEP25", "bids": [[112352.5, 10960.0], [112350.0, 9830.0], [112347.5, 1500.0], [112345.0, 5870.0], [112342.5, 2900.0], [112340.0, 1890.0], [112337.5, 4830.0], [112335.0, 1750.0], [112332.5, 4000.0], [112330.0, 2160.0], [112327.5, 2000.0], [112325.0, 900.0], [112315.0, 1680.0], [112312.5, 1250.0], [112310.0, 4830.0], [112300.0, 380.0], [112297.5, 1260.0], [112295.0, 20.0], [112280.0, 4740.0], [112277.5, 15790.0]], "asks": [[112355.0, 9400.0], [112360.0, 4000.0], [112362.5, 9830.0], [112365.0, 4000.0], [112367.5, 1280.0], [112370.0, 4000.0], [112372.5, 5960.0], [112375.0, 7240.0], [112377.5, 4000.0], [112380.0, 1270.0], [112392.5, 9830.0], [112395.0, 1260.0], [112397.5, 1800.0], [112405.0, 5230.0], [112407.5, 1270.0], [112410.0, 16330.0], [112412.5, 30.0], [112417.5, 1840.0], [112420.0, 6140.0], [112430.0, 390.0]]}}}
{"jsonrpc": "2.0", "method": "subscription", "params": {"channel": "book.BTC-5SEP25.none.20.100ms", "data": {"timestamp": 1756931179035, "change_id": 116177168128, "instrument_name": "BTC-5SEP25", "bids": [[112205.0, 5000.0], [112200.0, 2590.0], [112197.5, 4500.0], [112195.0, 10570.0], [112192.5, 8660.0], [112190.0, 7500.0], [112187.5, 160.0], [112182.5, 1260.0], [112180.0, 7110.0], [112177.5, 5000.0], [112175.0, 4690.0], [112170.0, 1260.0], [112165.0, 4200.0], [112155.0, 2680.0], [112152.5, 4250.0], [112150.0, 4690.0], [112142.5, 1260.0], [112140.0, 4200.0], [112130.0, 6170.0], [112127.5, 4140.0]], "asks": [[112207.5, 19010.0], [112215.0, 3600.0], [112217.5, 4500.0], [112220.0, 20710.0], [112222.5, 50000.0], [112225.0, 8840.0], [112227.5, 1500.0], [112230.0, 5000.0], [112232.5, 600.0], [112235.0, 3260.0], [112237.5, 4200.0], [112247.5, 2480.0], [112250.0, 8850.0], [112252.5, 4770.0], [112255.0, 15890.0], [112262.5, 1300.0], [112265.0, 4320.0], [112272.5, 10.0], [112280.0, 10.0], [112282.5, 1280.0]]}}}
{"jsonrpc": "2.0", "method": "subscription", "params": {"channel": "book.BTC-12SEP25.none.20.100ms", "data": {"timestamp": 1756931179439, "change_id": 116177168618, "instrument_name": "BTC-12SEP25", "bids": [[112352.5, 11020.0], [112350.0, 9830.0], [112347.5, 1500.0], [112345.0, 5870.0], [112342.5, 2900.0], [112340.0, 1890.0], [112337.5, 4830.0], [112335.0, 1750.0], [112332.5, 4000.0], [112330.0, 2160.0], [112327.5, 2000.0], [112325.0, 900.0], [112315.0, 1680.0], [112312.5, 1250.0], [112310.0, 4830.0], [112300.0, 380.0], [112297.5, 1260.0], [112295.0, 20.0], [112280.0, 4740.0], [112277.5, 15790.0]], "asks": [[112355.0, 5400.0], [112360.0, 4000.0], [112362.5, 9830.0], [112365.0, 4000.0], [112367.5, 1280.0], [112370.0, 4000.0], [112372.5, 5960.0], [112375.0, 7240.0], [112377.5, 4000.0], [112380.0, 1270.0], [112392.5, 9830.0], [112395.0, 1800.0], [112397.5, 1800.0], [112405.0, 5230.0], [112407.5, 1270.0], [112410.0, 16330.0], [112412.5, 30.0], [112417.5, 1840.0], [112420.0, 6140.0], [112430.0, 390.0]]}}}
{"jsonrpc": "2.0", "method": "subscription", "params": {"channel": "book.BTC-5SEP25.none.20.100ms", "data": {"timestamp": 1756931179450, "change_id": 116177168632, "instrument_name": "BTC-5SEP25", "bids": [[112205.0, 5000.0], [112200.0, 2590.0], [112197.5, 4500.0], [112195.0, 10570.0], [112192.5, 8660.0], [112190.0, 7500.0], [112187.5, 160.0], [112185.0, 2610.0], [112182.5, 4500.0], [112180.0, 7110.0], [112177.5, 5000.0], [112175.0, 4690.0], [112170.0, 1260.0], [112165.0, 4200.0], [112155.0, 2680.0], [112152.5, 4250.0], [112150.0, 4690.0], [112142.5, 1260.0], [112140.0, 4200.0], [112130.0, 6170.0]], "asks": [[112207.5, 14510.0], [112215.0, 3600.0], [112217.5, 4500.0], [112220.0, 20710.0], [112222.5, 50000.0], [112225.0, 8840.0], [112227.5, 1500.0], [112230.0, 5000.0], [112232.5, 600.0], [112235.0, 3260.0], [112237.5, 4200.0], [112247.5, 2480.0], [112250.0, 8850.0], [112252.5, 4770.0], [112255.0, 15890.0], [112262.5, 1300.0], [112265.0, 4320.0], [112272.5, 10.0], [112280.0, 10.0], [112282.5, 1280.0]]}}}
{"jsonrpc": "2.0", "method": "subscription", "params": {"channel": "book.BTC-12SEP25.none.20.100ms", "data": {"timestamp": 1756931180074, "change_id": 116177169360, "instrument_name": "BTC-12SEP25", "bids": [[112352.5, 11020.0], [112350.0, 9830.0], [112347.5, 1500.0], [112345.0, 5870.0], [112342.5, 2900.0], [112340.0, 1890.0], [112337.5, 4830.0], [112335.0, 1750.0], [112332.5, 4000.0], [112330.0, 2160.0], [112327.5, 2000.0], [112325.0, 900.0], [112315.0, 1680.0], [112312.5, 1250.0], [112310.0, 4830.0], [112300.0, 380.0], [112297.5, 1260.0], [112295.0, 20.0], [112280.0, 4740.0], [112277.5, 15790.0]], "asks": [[112355.0, 9400.0], [112360.0, 4000.0], [112362.5, 9830.0], [112365.0, 4000.0], [112367.5, 1280.0], [112370.0, 4000.0], [112372.5, 5960.0], [112375.0, 7240.0], [112377.5, 4000.0], [112380.0, 1270.0], [112392.5, 9830.0], [112395.0, 1800.0], [112397.5, 1800.0], [112405.0, 5230.0], [112407.5, 1270.0], [112410.0, 16330.0], [112412.5, 30.0], [112417.5, 1840.0], [112420.0, 6140.0], [112430.0, 390.0]]}}}
{"jsonrpc": "2.0", "method": "subscription", "params": {"channel": "book.BTC-12SEP25.none.20.100ms", "data": {"timestamp": 1756931180427, "change_id": 116177169667, "instrument_name": "BTC-12SEP25", "bids": [[112352.5, 4000.0], [112350.0, 9830.0], [112347.5, 1500.0], [112345.0, 5870.0], [112342.5, 2900.0], [112340.0, 1890.0], [112337.5, 4830.0], [112335.0, 1750.0], [112332.5, 4000.0], [112330.0, 2160.0], [112327.5, 2000.0], [112325.0, 900.0], [112315.0, 1680.0], [112312.5, 1250.0], [112310.0, 4830.0], [112300.0, 380.0], [112297.5, 1260.0], [112295.0, 20.0], [112280.0, 4740.0], [112277.5, 15790.0]], "asks": [[112355.0, 9400.0], [112360.0, 4000.0], [112362.5, 9830.0], [112365.0, 4000.0], [112367.5, 1280.0], [112370.0, 4000.0], [112372.5, 5960.0], [112375.0, 7240.0], [112377.5, 4000.0], [112380.0, 1270.0], [112392.5, 9830.0], [112395.0, 1260.0], [112397.5, 1800.0], [112405.0, 5230.0], [112407.5, 1270.0], [112410.0, 16330.0], [112412.5, 30.0], [112417.5, 1840.0], [112420.0, 6140.0], [112430.0, 390.0]]}}}
{"jsonrpc": "2.0", "method": "subscription", "params": {"channel": "book.BTC-5SEP25.none.20.100ms", "data": {"timestamp": 1756931180447, "change_id": 116177169709, "instrument_name": "BTC-5SEP25", "bids": [[112205.0, 5000.0], [112200.0, 2590.0], [112197.5, 4500.0], [112195.0, 10570.0], [112192.5, 8660.0], [112190.0, 7500.0], [112187.5, 160.0], [112185.0, 1260.0], [112180.0, 7110.0], [112177.5, 5000.0], [112175.0, 4690.0], [112170.0, 1260.0], [112165.0, 4200.0], [112155.0, 2680.0], [112152.5, 4250.0], [112150.0, 4690.0], [112142.5, 1260.0], [112140.0, 4200.0], [112130.0, 6170.0], [112127.5, 4140.0]], "asks": [[112207.5, 19010.0], [112210.0, 1620.0], [112212.5, 4500.0], [112215.0, 3600.0], [112217.5, 4500.0], [112220.0, 20710.0], [112222.5, 50000.0], [112225.0, 8840.0], [112227.5, 1500.0], [112230.0, 5000.0], [112232.5, 600.0], [112235.0, 3260.0], [112237.5, 4200.0], [112247.5, 2480.0], [112250.0, 8850.0], [112252.5, 4770.0], [112255.0, 15890.0], [112262.5, 1300.0], [112265.0, 4320.0], [112272.5, 10.0]]}}}
{"jsonrpc": "2.0", "method": "subscription", "params": {"channel": "book.BTC-12SEP25.none.20.100ms", "data": {"timestamp": 1756931180524, "change_id": 116177169850, "instrument_name": "BTC-12SEP25", "bids": [[112352.5, 11240.0], [112350.0, 9830.0], [112347.5, 1500.0], [112345.0, 5870.0], [112342.5, 2900.0], [112340.0, 1890.0], [112337.5, 4830.0], [112335.0, 1750.0], [112332.5, 4000.0], [112330.0, 2160.0], [112327.5, 2000.0], [112325.0, 900.0], [112315.0, 1680.0], [112312.5, 1250.0], [112310.0, 4830.0], [112300.0, 380.0], [112297.5, 1260.0], [112295.0, 20.0], [112280.0, 4740.0], [112277.5, 15790.0]], "asks": [[112355.0, 9400.0], [112360.0, 4000.0], [112362.5, 9830.0], [112365.0, 4000.0], [112367.5, 1280.0], [112370.0, 4000.0], [112372.5, 5960.0], [112375.0, 7240.0], [112377.5, 4000.0], [112380.0, 1270.0], [112392.5, 9830.0], [112395.0, 1800.0], [112397.5, 1800.0], [112405.0, 5230.0], [112407.5, 1270.0], [112410.0, 16330.0], [112412.5, 30.0], [112417.5, 1840.0], [112420.0, 6140.0], [112430.0, 390.0]]}}}
{"jsonrpc": "2.0", "method": "subscription", "params": {"channel": "book.BTC-5SEP25.none.20.100ms", "data": {"timestamp": 1756931180484, "change_id": 116177169829, "instrument_name": "BTC-5SEP25", "bids": [[112205.0, 5000.0], [112200.0, 2590.0], [112197.5, 4500.0], [112195.0, 10570.0], [112192.5, 16160.0], [112187.5, 160.0], [112185.0, 1260.0], [112180.0, 7110.0], [112177.5, 5000.0], [112175.0, 4690.0], [112170.0, 1260.0], [112165.0, 4200.0], [112155.0, 2680.0], [112152.5, 4250.0], [112150.0, 4690.0], [112142.5, 1260.0], [112140.0, 4200.0], [112130.0, 6170.0], [112127.5, 4140.0], [112125.0, 16410.0]], "asks": [[112207.5, 19010.0], [112210.0, 1620.0], [112212.5, 4500.0], [112215.0, 3600.0], [112217.5, 4500.0], [112220.0, 20710.0], [112222.5, 50000.0], [112225.0, 8840.0], [112227.5, 1500.0], [112230.0, 5000.0], [112232.5, 600.0], [112235.0, 3260.0], [112237.5, 4200.0], [112247.5, 2480.0], [112250.0, 8850.0], [112252.5, 4770.0], [112255.0, 15890.0], [112262.5, 1300.0], [112265.0, 4320.0], [112272.5, 10.0]]}}}
{"jsonrpc": "2.0", "method": "subscription", "params": {"channel": "book.BTC-12SEP25.none.20.100ms", "data": {"timestamp": 1756931180890, "change_id": 116177170285, "instrument_name": "BTC-12SEP25", "bids": [[112352.5, 11240.0], [112350.0, 9830.0], [112347.5, 1500.0], [112345.0, 5870.0], [112342.5, 2900.0], [112340.0, 1890.0], [112337.5, 4830.0], [112335.0, 1750.0], [112332.5, 4000.0], [112330.0, 2160.0], [112327.5, 2000.0], [112325.0, 900.0], [112315.0, 1680.0], [112312.5, 1250.0], [112310.0, 4830.0], [112300.0, 380.0], [112297.5, 1260.0], [112295.0, 20.0], [112280.0, 4740.0], [112277.5, 15790.0]], "asks": [[112355.0, 9400.0], [112360.0, 4000.0], [112362.5, 9830.0], [112365.0, 4000.0], [112367.5, 1280.0], [112370.0, 4000.0], [112372.5, 5960.0], [112375.0, 7240.0], [112377.5, 4000.0], [112380.0, 1270.0], [112385.0, 5000.0], [112392.5, 4830.0], [112395.0, 1800.0], [112397.5, 1800.0], [112405.0, 5230.0], [112407.5, 1270.0], [112410.0, 16330.0], [112412.5, 30.0], [112417.5, 1840.0], [112420.0, 6140.0]]}}}
{"jsonrpc": "2.0", "method": "subscription", "params": {"channel": "book.BTC-5SEP25.none.20.100ms", "data": {"timestamp": 1756931181093, "change_id": 116177170551, "instrument_name": "BTC-5SEP25", "bids": [[112205.0, 5000.0], [112200.0, 2590.0], [112197.5, 4500.0], [112195.0, 10570.0], [112192.5, 16160.0], [112187.5, 160.0], [112185.0, 2450.0], [112182.5, 4500.0], [112180.0, 7110.0], [112177.5, 5000.0], [112175.0, 4690.0], [112170.0, 1260.0], [112165.0, 4200.0], [112155.0, 2680.0], [112152.5, 4250.0], [112150.0, 4690.0], [112142.5, 1260.0], [112140.0, 4200.0], [112130.0, 6170.0], [112127.5, 4140.0]], "asks": [[112207.5, 19010.0], [112210.0, 1620.0], [112212.5, 4500.0], [112215.0, 3600.0], [112217.5, 4500.0], [112220.0, 20710.0], [112222.5, 55000.0], [112225.0, 8840.0], [112232.5, 600.0], [112235.0, 3260.0], [112237.5, 4200.0], [112247.5, 2480.0], [112250.0, 8850.0], [112252.5, 4770.0], [112255.0, 15890.0], [112262.5, 1300.0], [112265.0, 4320.0], [112272.5, 10.0], [112280.0, 10.0], [112282.5, 1280.0]]}}}
{"jsonrpc": "2.0", "method": "subscription", "params": {"channel": "book.BTC-5SEP25.none.20.100ms", "data": {"timestamp": 1756931181194, "change_id": 116177170684, "instrument_name": "BTC-5SEP25", "bids": [[112205.0, 5000.0], [112200.0, 2590.0], [112197.5, 4500.0], [112195.0, 8480.0], [112192.5, 11660.0], [112187.5, 160.0], [112185.0, 2450.0], [112182.5, 4500.0], [112180.0, 7110.0], [112177.5, 5000.0], [112175.0, 4690.0], [112170.0, 1260.0], [112165.0, 4200.0], [112155.0, 2680.0], [112152.5, 4250.0], [112150.0, 4690.0], [112142.5, 1260.0], [112140.0, 4200.0], [112130.0, 6170.0], [112127.5, 4140.0]], "asks": [[112207.5, 19010.0], [112210.0, 1620.0], [112212.5, 4500.0], [112215.0, 3600.0], [112217.5, 4500.0], [112220.0, 20710.0], [112222.5, 55000.0], [112225.0, 8840.0], [112232.5, 600.0], [112235.0, 3260.0], [112237.5, 4200.0], [112247.5, 2480.0], [112250.0, 8850.0], [112252.5, 4770.0], [112255.0, 15890.0], [112262.5, 1300.0], [112265.0, 4320.0], [112272.5, 10.0], [112280.0, 10.0], [112282.5, 1280.0]]}}}
{"jsonrpc": "2.0", "method": "subscription", "params": {"channel": "book.BTC-12SEP25.none.20.100ms", "data": {"timestamp": 1756931182049, "change_id": 116177171516, "instrument_name": "BTC-12SEP25", "bids": [[112352.5, 9740.0], [112350.0, 9830.0], [112347.5, 1500.0], [112345.0, 5870.0], [112342.5, 2900.0], [112340.0, 1890.0], [112337.5, 4830.0], [112335.0, 1750.0], [112332.5, 4000.0], [112330.0, 2160.0], [112327.5, 2000.0], [112325.0, 900.0], [112315.0, 1680.0], [112312.5, 1250.0], [112310.0, 4830.0], [112300.0, 380.0], [112297.5, 1260.0], [112295.0, 20.0], [112280.0, 4740.0], [112277.5, 15790.0]], "asks": [[112355.0, 5400.0], [112360.0, 4000.0], [112362.5, 9830.0], [112365.0, 4000.0], [112367.5, 1280.0], [112370.0, 4000.0], [112372.5, 5960.0], [112375.0, 7240.0], [112377.5, 4000.0], [112380.0, 1270.0], [112385.0, 5000.0], [112392.5, 4830.0], [112395.0, 1800.0], [112397.5, 1800.0], [112405.0, 5230.0], [112407.5, 1270.0], [112410.0, 16330.0], [112412.5, 30.0], [112417.5, 1840.0], [112420.0, 6140.0]]}}}
{"jsonrpc": "2.0", "method": "subscription", "params": {"channel": "book.BTC-12SEP25.none.20.100ms", "data": {"timestamp": 1756931182404, "change_id": 116177171844, "instrument_name": "BTC-12SEP25", "bids": [[112352.5, 9740.0], [112350.0, 9830.0], [112347.5, 1500.0], [112345.0, 5870.0], [112342.5, 2900.0], [112340.0, 1890.0], [112337.5, 4830.0], [112335.0, 1750.0], [112332.5, 4000.0], [112330.0, 2160.0], [112327.5, 2000.0], [112325.0, 900.0], [112315.0, 1680.0], [112312.5, 1250.0], [112310.0, 4830.0], [112300.0, 380.0], [112297.5, 1260.0], [112295.0, 20.0], [112280.0, 4740.0], [112277.5, 15790.0]], "asks": [[112355.0, 5400.0], [112357.5, 5000.0], [112360.0, 4000.0], [112362.5, 4830.0], [112365.0, 4000.0], [112367.5, 1280.0], [112370.0, 4000.0], [112372.5, 5960.0], [112375.0, 7240.0], [112377.5, 4000.0], [112380.0, 1270.0], [112385.0, 5000.0], [112392.5, 4830.0], [112395.0, 1800.0], [112397.5, 1800.0], [112405.0, 5230.0], [112407.5, 1270.0], [112410.0, 16330.0], [112412.5, 30.0], [112417.5, 1840.0]]}}}
{"jsonrpc": "2.0", "method": "subscription", "params": {"channel": "book.BTC-12SEP25.none.20.100ms", "data": {"timestamp": 1756931182741, "change_id": 116177172323, "instrument_name": "BTC-12SEP25", "bids": [[112352.5, 11020.0], [112350.0, 9830.0], [112347.5, 1500.0], [112345.0, 5870.0], [112342.5, 2900.0], [112340.0, 1890.0], [112337.5, 4830.0], [112335.0, 1750.0], [112332.5, 4000.0], [112330.0, 2160.0], [112327.5, 2000.0], [112325.0, 900.0], [112315.0, 1680.0], [112312.5, 1250.0], [112310.0, 4830.0], [112300.0, 380.0], [112297.5, 1260.0], [112295.0, 20.0], [112280.0, 4740.0], [112277.5, 15790.0]], "asks": [[112355.0, 5400.0], [112357.5, 5000.0], [112360.0, 4000.0], [112362.5, 4830.0], [112365.0, 4000.0], [112367.5, 1280.0], [112370.0, 4000.0], [112372.5, 5960.0], [112375.0, 7240.0], [112377.5, 4000.0], [112380.0, 1270.0], [112385.0, 5000.0], [112392.5, 4830.0], [112395.0, 1800.0], [112397.5, 1800.0], [112405.0, 5230.0], [112407.5, 1270.0], [112410.0, 16330.0], [112412.5, 30.0], [112417.5, 1840.0]]}}}
{"jsonrpc": "2.0", "method": "subscription", "params": {"channel": "book.BTC-12SEP25.none.20.100ms", "data": {"timestamp": 1756931183075, "change_id": 116177172617, "instrument_name": "BTC-12SEP25", "bids": [[112352.5, 14220.0], [112350.0, 9830.0], [112347.5, 1500.0], [112345.0, 5870.0], [112342.5, 2900.0], [112340.0, 1890.0], [112337.5, 4830.0], [112335.0, 1750.0], [112332.5, 4000.0], [112330.0, 2160.0], [112327.5, 2000.0], [112325.0, 900.0], [112315.0, 1680.0], [112312.5, 1250.0], [112310.0, 4830.0], [112300.0, 380.0], [112297.5, 1260.0], [112295.0, 20.0], [112280.0, 4740.0], [112277.5, 15790.0]], "asks": [[112355.0, 9400.0], [112357.5, 5000.0], [112360.0, 4000.0], [112362.5, 4830.0], [112365.0, 4000.0], [112367.5, 1280.0], [112370.0, 4000.0], [112372.5, 5960.0], [112375.0, 7240.0], [112377.5, 4000.0], [112380.0, 1270.0], [112385.0, 5000.0], [112392.5, 4830.0], [112395.0, 1260.0], [112397.5, 1800.0], [112405.0, 5230.0], [112407.5, 1270.0], [112410.0, 16330.0], [112412.5, 30.0], [112417.5, 1840.0]]}}}
{"jsonrpc": "2.0", "method": "subscription", "params": {"channel": "book.BTC-12SEP25.none.20.100ms", "data": {"timestamp": 1756931183405, "change_id": 116177173909, "instrument_name": "BTC-12SEP25", "bids": [[112352.5, 14220.0], [112350.0, 14830.0], [112345.0, 870.0], [112342.5, 2900.0], [112340.0, 1890.0], [112337.5, 4830.0], [112335.0, 1750.0], [112332.5, 4000.0], [112330.0, 2160.0], [112327.5, 2000.0], [112325.0, 900.0], [112315.0, 1130.0], [112312.5, 1250.0], [112310.0, 4830.0], [112300.0, 380.0], [112297.5, 1260.0], [112295.0, 20.0], [112277.5, 15790.0], [112272.5, 1280.0], [112270.0, 17280.0]], "asks": [[112355.0, 5400.0], [112365.0, 4000.0], [112367.5, 1280.0], [112370.0, 4000.0], [112372.5, 5800.0], [112377.5, 4000.0], [112380.0, 8510.0], [112387.5, 160.0], [112392.5, 4830.0], [112395.0, 1260.0], [112397.5, 1800.0], [112400.0, 5000.0], [112407.5, 6170.0], [112410.0, 16330.0], [112412.5, 30.0], [112417.5, 1840.0], [112420.0, 6140.0], [112430.0, 390.0], [112432.5, 1290.0], [112435.0, 600.0]]}}}
{"jsonrpc": "2.0", "method": "subscription", "params": {"channel": "book.BTC-5SEP25.none.20.100ms", "data": {"timestamp": 1756931183413, "change_id": 116177173938, "instrument_name": "BTC-5SEP25", "bids": [[112205.0, 14190.0], [112197.5, 4500.0], [112195.0, 4500.0], [112192.5, 11660.0], [112187.5, 4660.0], [112182.5, 4500.0], [112180.0, 4200.0], [112175.0, 4690.0], [112165.0, 4200.0], [112152.5, 4250.0], [112150.0, 4690.0], [112140.0, 4200.0], [112127.5, 4140.0], [112125.0, 16410.0], [112115.0, 4270.0], [112075.0, 2570.0], [112065.0, 4220.0], [112057.5, 10290.0], [112035.0, 4210.0], [112032.5, 10.0]], "asks": [[112207.5, 14510.0], [112212.5, 4500.0], [112215.0, 900.0], [112217.5, 4500.0], [112222.5, 4500.0], [112225.0, 8840.0], [112235.0, 2160.0], [112237.5, 4200.0], [112247.5, 50000.0], [112250.0, 8850.0], [112255.0, 15890.0], [112265.0, 4320.0], [112272.5, 10.0], [112280.0, 10.0], [112285.0, 4250.0], [112290.0, 10.0], [112295.0, 40.0], [112300.0, 4310.0], [112310.0, 10.0], [112317.5, 40150.0]]}}}
{"jsonrpc": "2.0", "method": "subscription", "params": {"channel": "book.BTC-12SEP25.none.20.100ms", "data": {"timestamp": 1756931183554, "change_id": 116177174295, "instrument_name": "BTC-12SEP25", "bids": [[112352.5, 14220.0], [112350.0, 14830.0], [112345.0, 870.0], [112342.5, 2900.0], [112340.0, 1890.0], [112337.5, 4830.0], [112335.0, 1750.0], [112332.5, 4000.0], [112330.0, 2160.0], [112327.5, 2000.0], [112325.0, 900.0], [112315.0, 1130.0], [112312.5, 1250.0], [112310.0, 4830.0], [112300.0, 380.0], [112297.5, 1260.0], [112295.0, 20.0], [112277.5, 15790.0], [112272.5, 1280.0], [112270.0, 17280.0]], "asks": [[112355.0, 5400.0], [112365.0, 4000.0], [112367.5, 1280.0], [112370.0, 8830.0], [112372.5, 5800.0], [112377.5, 4000.0], [112380.0, 8510.0], [112387.5, 160.0], [112392.5, 4830.0], [112395.0, 1260.0], [112397.5, 1800.0], [112400.0, 5000.0], [112407.5, 6170.0], [112410.0, 16330.0], [112412.5, 30.0], [112417.5, 1840.0], [112420.0, 6140.0], [112430.0, 390.0], [112432.5, 1290.0], [112435.0, 600.0]]}}}
{"jsonrpc": "2.0", "method": "subscription", "params": {"channel": "book.BTC-5SEP25.none.20.100ms", "data": {"timestamp": 1756931183640, "change_id": 116177174596, "instrument_name": "BTC-5SEP25", "bids": [[112205.0, 9500.0], [112202.5, 1410.0], [112200.0, 7390.0], [112197.5, 4500.0], [112195.0, 8000.0], [112192.5, 11660.0], [112190.0, 1400.0], [112187.5, 4660.0], [112185.0, 2610.0], [112182.5, 4500.0], [112180.0, 4200.0], [112175.0, 4690.0], [112165.0, 4200.0], [112152.5, 4250.0], [112150.0, 4690.0], [112140.0, 4200.0], [112127.5, 4140.0], [112125.0, 16410.0], [112115.0, 4270.0], [112075.0, 2570.0]], "asks": [[112207.5, 14510.0], [112212.5, 4500.0], [112215.0, 900.0], [112217.5, 4500.0], [112220.0, 4000.0], [112222.5, 4500.0], [112225.0, 8840.0], [112232.5, 650.0], [112235.0, 4920.0], [112237.5, 9200.0], [112247.5, 50000.0], [112250.0, 8850.0], [112255.0, 15890.0], [112265.0, 4320.0], [112272.5, 10.0], [112280.0, 10.0], [112285.0, 4250.0], [112290.0, 10.0], [112295.0, 40.0], [112300.0, 4310.0]]}}}
{"jsonrpc": "2.0", "method": "subscription", "params": {"channel": "book.BTC-12SEP25.none.20.100ms", "data": {"timestamp": 1756931184048, "change_id": 116177174932, "instrument_name": "BTC-12SEP25", "bids": [[112352.5, 14220.0], [112350.0, 14830.0], [112347.5, 160.0], [112345.0, 870.0], [112342.5, 2900.0], [112340.0, 1890.0], [112337.5, 4830.0], [112335.0, 1590.0], [112332.5, 4000.0], [112330.0, 2160.0], [112327.5, 2000.0], [112325.0, 900.0], [112315.0, 1130.0], [112312.5, 1250.0], [112310.0, 4830.0], [112300.0, 380.0], [112297.5, 1260.0], [112295.0, 20.0], [112277.5, 15790.0], [112272.5, 1280.0]], "asks": [[112355.0, 8500.0], [112365.0, 4000.0], [112367.5, 1280.0], [112370.0, 8830.0], [112372.5, 1800.0], [112377.5, 4000.0], [112380.0, 8510.0], [112387.5, 160.0], [112392.5, 4830.0], [112395.0, 1260.0], [112397.5, 1800.0], [112400.0, 5000.0], [112407.5, 6170.0], [112410.0, 16330.0], [112412.5, 30.0], [112417.5, 1840.0], [112420.0, 6140.0], [112430.0, 390.0], [112432.5, 1290.0], [112435.0, 600.0]]}}}
{"jsonrpc": "2.0", "method": "subscription", "params": {"channel": "book.BTC-5SEP25.none.20.100ms", "data": {"timestamp": 1756931184071, "change_id": 116177174957, "instrument_name": "BTC-5SEP25", "bids": [[112205.0, 9500.0], [112202.5, 1410.0], [112200.0, 7390.0], [112197.5, 4500.0], [112195.0, 8000.0], [112192.5, 11660.0], [112190.0, 1400.0], [112187.5, 4660.0], [112185.0, 2610.0], [112182.5, 4500.0], [112180.0, 4200.0], [112175.0, 4690.0], [112165.0, 4200.0], [112152.5, 4250.0], [112150.0, 4690.0], [112140.0, 4200.0], [112127.5, 4140.0], [112125.0, 16410.0], [112115.0, 4270.0], [112075.0, 2570.0]], "asks": [[112207.5, 14510.0], [112212.5, 4500.0], [112215.0, 900.0], [112217.5, 4500.0], [112220.0, 4000.0], [112222.5, 4500.0], [112225.0, 8840.0], [112227.5, 16180.0], [112230.0, 54500.0], [112232.5, 650.0], [112235.0, 4920.0], [112237.5, 9200.0], [112250.0, 8850.0], [112255.0, 15890.0], [112265.0, 4320.0], [112272.5, 10.0], [112280.0, 10.0], [112285.0, 4250.0], [112290.0, 10.0], [112295.0, 40.0]]}}}
{"jsonrpc": "2.0", "method": "subscription", "params": {"channel": "book.BTC-5SEP25.none.20.100ms", "data": {"timestamp": 1756931184162, "change_id": 116177175137, "instrument_name": "BTC-5SEP25", "bids": [[112205.0, 9500.0], [112202.5, 5010.0], [112200.0, 8550.0], [112197.5, 4500.0], [112195.0, 13250.0], [112192.5, 4160.0], [112187.5, 160.0], [112185.0, 2610.0], [112182.5, 4500.0], [112180.0, 4200.0], [112175.0, 4690.0], [112165.0, 4200.0], [112152.5, 4250.0], [112150.0, 4690.0], [112140.0, 4200.0], [112127.5, 4140.0], [112125.0, 16410.0], [112115.0, 4270.0], [112075.0, 2570.0], [112065.0, 4220.0]], "asks": [[112207.5, 14510.0], [112212.5, 4500.0], [112215.0, 900.0], [112217.5, 4500.0], [112220.0, 4000.0], [112222.5, 4500.0], [112225.0, 13340.0], [112227.5, 16180.0], [112230.0, 54500.0], [112232.5, 650.0], [112235.0, 4920.0], [112237.5, 9200.0], [112250.0, 8850.0], [112255.0, 15890.0], [112265.0, 4320.0], [112272.5, 10.0], [112280.0, 10.0], [112285.0, 4250.0], [112290.0, 10.0], [112295.0, 40.0]]}}}
{"jsonrpc": "2.0", "method": "subscription", "params": {"channel": "book.BTC-12SEP25.none.20.100ms", "data": {"timestamp": 1756931184687, "change_id": 116177175821, "instrument_name": "BTC-12SEP25", "bids": [[112352.5, 14220.0], [112350.0, 14830.0], [112347.5, 160.0], [112345.0, 870.0], [112342.5, 2900.0], [112340.0, 1890.0], [112337.5, 4830.0], [112335.0, 1590.0], [112332.5, 4000.0], [112330.0, 2160.0], [112327.5, 2000.0], [112325.0, 900.0], [112315.0, 1130.0], [112312.5, 1250.0], [112310.0, 4830.0], [112300.0, 380.0], [112297.5, 1260.0], [112295.0, 20.0], [112277.5, 15790.0], [112272.5, 1280.0]], "asks": [[112355.0, 8500.0], [112365.0, 4000.0], [112367.5, 1280.0], [112370.0, 8830.0], [112372.5, 1800.0], [112377.5, 4000.0], [112380.0, 8510.0], [112387.5, 160.0], [112392.5, 9830.0], [112395.0, 1260.0], [112397.5, 1800.0], [112407.5, 6170.0], [112410.0, 16330.0], [112412.5, 30.0], [112417.5, 1840.0], [112420.0, 6140.0], [112430.0, 390.0], [112432.5, 1290.0], [112442.5, 5560.0], [112445.0, 18540.0]]}}}
{"jsonrpc": "2.0", "method": "subscription", "params": {"channel": "book.BTC-5SEP25.none.20.100ms", "data": {"timestamp": 1756931184657, "change_id": 116177175697, "instrument_name": "BTC-5SEP25", "bids": [[112205.0, 9500.0], [112202.5, 5010.0], [112200.0, 8550.0], [112197.5, 4500.0], [112195.0, 8750.0], [112192.5, 4160.0], [112187.5, 160.0], [112185.0, 2610.0], [112182.5, 4500.0], [112180.0, 4200.0], [112177.5, 5000.0], [112175.0, 4690.0], [112165.0, 4200.0], [112152.5, 4250.0], [112150.0, 4690.0], [112140.0, 4200.0], [112127.5, 4140.0], [112125.0, 16410.0], [112115.0, 4270.0], [112075.0, 2570.0]], "asks": [[112207.5, 14510.0], [112212.5, 4500.0], [112215.0, 900.0], [112217.5, 4500.0], [112220.0, 4000.0], [112222.5, 4500.0], [112225.0, 13340.0], [112227.5, 16180.0], [112230.0, 54500.0], [112232.5, 650.0], [112235.0, 4920.0], [112237.5, 9200.0], [112250.0, 8850.0], [112255.0, 15890.0], [112265.0, 4320.0], [112272.5, 10.0], [112280.0, 10.0], [112285.0, 4250.0], [112290.0, 10.0], [112295.0, 40.0]]}}}
{"jsonrpc": "2.0", "method": "subscription", "params": {"channel": "book.BTC-12SEP25.none.20.100ms", "data": {"timestamp": 1756931184996, "change_id": 116177176037, "instrument_name": "BTC-12SEP25", "bids": [[112352.5, 14480.0], [112350.0, 14830.0], [112347.5, 160.0], [112345.0, 870.0], [112342.5, 2900.0], [112340.0, 1890.0], [112337.5, 4830.0], [112335.0, 1590.0], [112332.5, 4000.0], [112330.0, 2160.0], [112327.5, 2000.0], [112325.0, 900.0], [112315.0, 1130.0], [112312.5, 1250.0], [112310.0, 4830.0], [112300.0, 380.0], [112297.5, 1260.0], [112295.0, 20.0], [112277.5, 15790.0], [112272.5, 1280.0]], "asks": [[112355.0, 10300.0], [112365.0, 4000.0], [112367.5, 1280.0], [112370.0, 8830.0], [112372.5, 1800.0], [112377.5, 4000.0], [112380.0, 8510.0], [112387.5, 160.0], [112392.5, 9830.0], [112395.0, 1260.0], [112397.5, 1800.0], [112407.5, 6170.0], [112410.0, 16330.0], [112412.5, 30.0], [112417.5, 1840.0], [112420.0, 6140.0], [112430.0, 390.0], [112432.5, 1290.0], [112442.5, 5560.0], [112445.0, 18540.0]]}}}
{"jsonrpc": "2.0", "method": "subscription", "params": {"channel": "book.BTC-5SEP25.none.20.100ms", "data": {"timestamp": 1756931185082, "change_id": 116177176201, "instrument_name": "BTC-5SEP25", "bids": [[112205.0, 9500.0], [112202.5, 5010.0], [112200.0, 8550.0], [112197.5, 4500.0], [112195.0, 8750.0], [112192.5, 4160.0], [112187.5, 160.0], [112185.0, 2610.0], [112182.5, 4500.0], [112180.0, 7110.0], [112177.5, 5000.0], [112175.0, 4690.0], [112165.0, 4200.0], [112152.5, 4250.0], [112150.0, 4690.0], [112142.5, 1260.0], [112140.0, 4200.0], [112127.5, 4140.0], [112125.0, 16410.0], [112115.0, 4270.0]], "asks": [[112207.5, 14510.0], [112212.5, 4500.0], [112215.0, 900.0], [112217.5, 4500.0], [112220.0, 4000.0], [112222.5, 4500.0], [112225.0, 13340.0], [112227.5, 16180.0], [112230.0, 59500.0], [112232.5, 650.0], [112235.0, 3420.0], [112237.5, 4200.0], [112250.0, 8850.0], [112252.5, 4770.0], [112255.0, 15890.0], [112265.0, 4320.0], [112272.5, 10.0], [112280.0, 10.0], [112282.5, 1280.0], [112285.0, 4250.0]]}}}
{"jsonrpc": "2.0", "method": "subscription", "params": {"channel": "book.BTC-12SEP25.none.20.100ms", "data": {"timestamp": 1756931185196, "change_id": 116177176356, "instrument_name": "BTC-12SEP25", "bids": [[112352.5, 15380.0], [112350.0, 14830.0], [112347.5, 160.0], [112345.0, 870.0], [112342.5, 2900.0], [112340.0, 1890.0], [112337.5, 4830.0], [112335.0, 1590.0], [112332.5, 4000.0], [112330.0, 2160.0], [112327.5, 2000.0], [112325.0, 900.0], [112315.0, 1680.0], [112312.5, 1250.0], [112310.0, 4830.0], [112300.0, 380.0], [112297.5, 1260.0], [112295.0, 20.0], [112280.0, 4740.0], [112277.5, 15790.0]], "asks": [[112355.0, 10300.0], [112365.0, 4000.0], [112367.5, 6280.0], [112370.0, 8830.0], [112372.5, 1800.0], [112377.5, 4000.0], [112380.0, 8510.0], [112387.5, 160.0], [112392.5, 9830.0], [112395.0, 1260.0], [112397.5, 1800.0], [112407.5, 6170.0], [112410.0, 16330.0], [112412.5, 30.0], [112417.5, 1840.0], [112420.0, 6140.0], [112430.0, 390.0], [112432.5, 1290.0], [112442.5, 5560.0], [112445.0, 18540.0]]}}}
{"jsonrpc": "2.0", "method": "subscription", "params": {"channel": "book.BTC-12SEP25.none.20.100ms", "data": {"timestamp": 1756931185426, "change_id": 116177176544, "instrument_name": "BTC-12SEP25", "bids": [[112352.5, 15380.0], [112350.0, 14830.0], [112347.5, 160.0], [112345.0, 870.0], [112342.5, 2900.0], [112340.0, 1890.0], [112337.5, 4830.0], [112335.0, 1590.0], [112332.5, 4000.0], [112330.0, 2160.0], [112327.5, 2000.0], [112325.0, 900.0], [112315.0, 1680.0], [112312.5, 1250.0], [112310.0, 4830.0], [112300.0, 380.0], [112297.5, 1260.0], [112295.0, 20.0], [112280.0, 4740.0], [112277.5, 15790.0]], "asks": [[112355.0, 10300.0], [112365.0, 8830.0], [112367.5, 6280.0], [112370.0, 4000.0], [112372.5, 1800.0], [112377.5, 4000.0], [112380.0, 8510.0], [112387.5, 160.0], [112392.5, 9830.0], [112395.0, 1260.0], [112397.5, 1800.0], [112407.5, 6170.0], [112410.0, 16330.0], [112412.5, 30.0], [112417.5, 1840.0], [112420.0, 6140.0], [112430.0, 390.0], [112432.5, 1290.0], [112442.5, 5560.0], [112445.0, 18540.0]]}}}
{"jsonrpc": "2.0", "method": "subscription", "params": {"channel": "book.BTC-5SEP25.none.20.100ms", "data": {"timestamp": 1756931185534, "change_id": 116177176671, "instrument_name": "BTC-5SEP25", "bids": [[112205.0, 9500.0], [112202.5, 5010.0], [112200.0, 8550.0], [112197.5, 4500.0], [112195.0, 8750.0], [112192.5, 4160.0], [112187.5, 160.0], [112185.0, 2610.0], [112182.5, 4500.0], [112180.0, 7110.0], [112177.5, 5000.0], [112175.0, 4690.0], [112165.0, 4200.0], [112152.5, 4250.0], [112150.0, 4690.0], [112142.5, 1260.0], [112140.0, 4200.0], [112127.5, 4140.0], [112125.0, 16410.0], [112115.0, 4270.0]], "asks": [[112207.5, 14510.0], [112212.5, 4500.0], [112215.0, 900.0], [112217.5, 4500.0], [112220.0, 4000.0], [112222.5, 4660.0], [112225.0, 13340.0], [112227.5, 16180.0], [112230.0, 59500.0], [112232.5, 650.0], [112235.0, 3260.0], [112237.5, 4200.0], [112250.0, 8850.0], [112252.5, 4770.0], [112255.0, 15890.0], [112265.0, 4320.0], [112272.5, 10.0], [112280.0, 10.0], [112282.5, 1280.0], [112285.0, 4250.0]]}}}
{"jsonrpc": "2.0", "method": "subscription", "params": {"channel": "book.BTC-12SEP25.none.20.100ms", "data": {"timestamp": 1756931186005, "change_id": 116177177263, "instrument_name": "BTC-12SEP25", "bids": [[112352.5, 16440.0], [112350.0, 14830.0], [112347.5, 160.0], [112345.0, 870.0], [112342.5, 2900.0], [112340.0, 1890.0], [112337.5, 4830.0], [112335.0, 1590.0], [112332.5, 4000.0], [112330.0, 2160.0], [112327.5, 2000.0], [112325.0, 900.0], [112315.0, 1680.0], [112312.5, 1250.0], [112310.0, 4830.0], [112300.0, 380.0], [112297.5, 1260.0], [112295.0, 20.0], [112280.0, 4740.0], [112277.5, 15790.0]], "asks": [[112355.0, 10300.0], [112362.5, 5000.0], [112365.0, 8830.0], [112367.5, 1280.0], [112370.0, 4000.0], [112372.5, 5800.0], [112375.0, 160.0], [112377.5, 4000.0], [112380.0, 8510.0], [112392.5, 9830.0], [112395.0, 1260.0], [112397.5, 1800.0], [112407.5, 6170.0], [112410.0, 16330.0], [112412.5, 30.0], [112417.5, 1840.0], [112420.0, 6140.0], [112430.0, 390.0], [112432.5, 1290.0], [112442.5, 5560.0]]}}}
{"jsonrpc": "2.0", "method": "subscription", "params": {"channel": "book.BTC-5SEP25.none.20.100ms", "data": {"timestamp": 1756931185825, "change_id": 116177177168, "instrument_name": "BTC-5SEP25", "bids": [[112205.0, 5000.0], [112200.0, 2700.0], [112197.5, 4690.0], [112195.0, 8750.0], [112192.5, 4160.0], [112187.5, 160.0], [112185.0, 2610.0], [112182.5, 4500.0], [112180.0, 7110.0], [112177.5, 5000.0], [112175.0, 4690.0], [112165.0, 4200.0], [112152.5, 4250.0], [112150.0, 4690.0], [112142.5, 1260.0], [112140.0, 4200.0], [112127.5, 4140.0], [112125.0, 16410.0], [112115.0, 4270.0], [112075.0, 2570.0]], "asks": [[112207.5, 14510.0], [112212.5, 4500.0], [112215.0, 2250.0], [112217.5, 4500.0], [112220.0, 4000.0], [112222.5, 4660.0], [112225.0, 13340.0], [112227.5, 16180.0], [112230.0, 59500.0], [112232.5, 650.0], [112235.0, 3260.0], [112237.5, 4200.0], [112250.0, 8850.0], [112252.5, 4770.0], [112255.0, 15890.0], [112265.0, 4320.0], [112272.5, 10.0], [112280.0, 10.0], [112282.5, 1280.0], [112285.0, 4250.0]]}}}
{"jsonrpc": "2.0", "method": "subscription", "params": {"channel": "book.BTC-5SEP25.none.20.100ms", "data": {"timestamp": 1756931186177, "change_id": 116177177584, "instrument_name": "BTC-5SEP25", "bids": [[112205.0, 9500.0], [112202.5, 3700.0], [112200.0, 2700.0], [112197.5, 4690.0], [112195.0, 8750.0], [112192.5, 4160.0], [112187.5, 160.0], [112185.0, 2610.0], [112182.5, 4500.0], [112180.0, 7110.0], [112177.5, 5000.0], [112175.0, 4690.0], [112152.5, 4250.0], [112150.0, 4690.0], [112142.5, 1260.0], [112140.0, 4200.0], [112130.0, 6170.0], [112127.5, 4140.0], [112125.0, 16410.0], [112115.0, 4270.0]], "asks": [[112207.5, 19010.0], [112212.5, 4500.0], [112215.0, 3220.0], [112217.5, 4500.0], [112220.0, 7800.0], [112222.5, 4660.0], [112225.0, 8840.0], [112227.5, 16180.0], [112230.0, 55000.0], [112232.5, 650.0], [112235.0, 3260.0], [112237.5, 4200.0], [112247.5, 2660.0], [112250.0, 8850.0], [112252.5, 4770.0], [112255.0, 15890.0], [112265.0, 4320.0], [112272.5, 10.0], [112280.0, 10.0], [112282.5, 1280.0]]}}}
{"jsonrpc": "2.0", "method": "subscription", "params": {"channel": "book.BTC-12SEP25.none.20.100ms", "data": {"timestamp": 1756931186609, "change_id": 116177178185, "instrument_name": "BTC-12SEP25", "bids": [[112352.5, 13240.0], [112350.0, 9830.0], [112347.5, 160.0], [112345.0, 2260.0], [112342.5, 7900.0], [112340.0, 1890.0], [112337.5, 4830.0], [112335.0, 1590.0], [112332.5, 4000.0], [112330.0, 2160.0], [112327.5, 2000.0], [112325.0, 900.0], [112315.0, 1680.0], [112312.5, 1250.0], [112310.0, 4830.0], [112300.0, 380.0], [112297.5, 1260.0], [112295.0, 20.0], [112280.0, 4740.0], [112277.5, 15790.0]], "asks": [[112355.0, 10300.0], [112357.5, 5000.0], [112365.0, 8830.0], [112367.5, 1280.0], [112370.0, 4000.0], [112372.5, 5800.0], [112375.0, 160.0], [112377.5, 4000.0], [112380.0, 8510.0], [112392.5, 9830.0], [112395.0, 1800.0], [112397.5, 1800.0], [112407.5, 6170.0], [112410.0, 16330.0], [112412.5, 30.0], [112417.5, 1840.0], [112420.0, 6140.0], [112430.0, 390.0], [112432.5, 1290.0], [112442.5, 5560.0]]}}}
{"jsonrpc": "2.0", "method": "subscription", "params": {"channel": "book.BTC-5SEP25.none.20.100ms", "data": {"timestamp": 1756931186510, "change_id": 116177178203, "instrument_name": "BTC-5SEP25", "bids": [[112205.0, 5000.0], [112200.0, 2700.0], [112195.0, 13440.0], [112192.5, 4160.0], [112187.5, 160.0], [112185.0, 2610.0], [112182.5, 4500.0], [112180.0, 4200.0], [112175.0, 4690.0], [112170.0, 5000.0], [112152.5, 4250.0], [112150.0, 4690.0], [112142.5, 1260.0], [112140.0, 4200.0], [112130.0, 6170.0], [112127.5, 4140.0], [112125.0, 16410.0], [112115.0, 4270.0], [112075.0, 2570.0], [112067.5, 1270.0]], "asks": [[112207.5, 19010.0], [112210.0, 1620.0], [112212.5, 4500.0], [112215.0, 3220.0], [112217.5, 4500.0], [112220.0, 22350.0], [112222.5, 54660.0], [112225.0, 8840.0], [112227.5, 1350.0], [112230.0, 5000.0], [112232.5, 650.0], [112235.0, 3260.0], [112237.5, 4200.0], [112247.5, 2660.0], [112250.0, 8850.0], [112252.5, 4770.0], [112255.0, 15890.0], [112265.0, 4320.0], [112272.5, 10.0], [112280.0, 10.0]]}}}
{"jsonrpc": "2.0", "method": "subscription", "params": {"channel": "book.BTC-5SEP25.none.20.100ms", "data": {"timestamp": 1756931186972, "change_id": 116177178486, "instrument_name": "BTC-5SEP25", "bids": [[112205.0, 5000.0], [112200.0, 2700.0], [112195.0, 13440.0], [112192.5, 4160.0], [112187.5, 160.0], [112185.0, 2610.0], [112182.5, 4500.0], [112180.0, 4200.0], [112175.0, 9690.0], [112152.5, 4250.0], [112150.0, 4690.0], [112142.5, 1260.0], [112140.0, 4200.0], [112130.0, 6170.0], [112127.5, 4140.0], [112125.0, 16410.0], [112115.0, 4270.0], [112075.0, 2570.0], [112067.5, 1270.0], [112065.0, 4220.0]], "asks": [[112207.5, 19010.0], [112210.0, 1620.0], [112212.5, 4500.0], [112215.0, 3220.0], [112217.5, 4500.0], [112220.0, 22350.0], [112222.5, 54660.0], [112225.0, 8840.0], [112227.5, 1350.0], [112230.0, 5000.0], [112232.5, 650.0], [112235.0, 3260.0], [112237.5, 4200.0], [112247.5, 2660.0], [112250.0, 8850.0], [112252.5, 4770.0], [112255.0, 15890.0], [112265.0, 4320.0], [112272.5, 10.0], [112280.0, 10.0]]}}}
{"jsonrpc": "2.0", "method": "subscription", "params": {"channel": "book.BTC-5SEP25.none.20.100ms", "data": {"timestamp": 1756931187128, "change_id": 116177178817, "instrument_name": "BTC-5SEP25", "bids": [[112205.0, 5000.0], [112200.0, 2700.0], [112197.5, 4500.0], [112195.0, 13440.0], [112192.5, 4160.0], [112190.0, 1400.0], [112187.5, 4660.0], [112185.0, 2610.0], [112182.5, 4500.0], [112180.0, 4200.0], [112175.0, 9690.0], [112152.5, 4250.0], [112150.0, 4690.0], [112142.5, 1260.0], [112140.0, 4200.0], [112130.0, 6170.0], [112127.5, 4140.0], [112125.0, 16410.0], [112115.0, 4270.0], [112075.0, 2570.0]], "asks": [[112207.5, 19010.0], [112210.0, 1620.0], [112212.5, 4500.0], [112215.0, 3220.0], [112217.5, 4500.0], [112220.0, 22350.0], [112222.5, 54660.0], [112225.0, 8840.0], [112227.5, 1350.0], [112230.0, 5000.0], [112232.5, 650.0], [112235.0, 3260.0], [112237.5, 4200.0], [112247.5, 2660.0], [112250.0, 8850.0], [112252.5, 4770.0], [112255.0, 15890.0], [112265.0, 4320.0], [112272.5, 10.0], [112280.0, 10.0]]}}}
{"jsonrpc": "2.0", "method": "subscription", "params": {"channel": "book.BTC-12SEP25.none.20.100ms", "data": {"timestamp": 1756931187710, "change_id": 116177179576, "instrument_name": "BTC-12SEP25", "bids": [[112352.5, 18070.0], [112350.0, 5000.0], [112347.5, 160.0], [112345.0, 2260.0], [112342.5, 7900.0], [112340.0, 1890.0], [112337.5, 4830.0], [112335.0, 1590.0], [112332.5, 4000.0], [112330.0, 2160.0], [112327.5, 2000.0], [112325.0, 900.0], [112315.0, 1680.0], [112312.5, 1250.0], [112310.0, 4830.0], [112300.0, 380.0], [112297.5, 1260.0], [112295.0, 20.0], [112280.0, 4740.0], [112277.5, 15790.0]], "asks": [[112355.0, 10300.0], [112357.5, 5000.0], [112360.0, 4830.0], [112365.0, 4000.0], [112367.5, 1280.0], [112370.0, 4000.0], [112372.5, 5800.0], [112375.0, 160.0], [112377.5, 4000.0], [112380.0, 8510.0], [112392.5, 9830.0], [112395.0, 1260.0], [112397.5, 1800.0], [112407.5, 6170.0], [112410.0, 16330.0], [112412.5, 30.0], [112417.5, 1840.0], [112420.0, 6140.0], [112430.0, 390.0], [112432.5, 1290.0]]}}}
{"jsonrpc": "2.0", "method": "subscription", "params": {"channel": "book.BTC-5SEP25.none.20.100ms", "data": {"timestamp": 1756931187714, "change_id": 116177179580, "instrument_name": "BTC-5SEP25", "bids": [[112205.0, 5000.0], [112200.0, 2700.0], [112197.5, 4500.0], [112195.0, 13440.0], [112192.5, 4160.0], [112190.0, 1400.0], [112187.5, 4660.0], [112185.0, 2610.0], [112182.5, 4500.0], [112180.0, 4200.0], [112177.5, 2910.0], [112175.0, 9690.0], [112152.5, 4250.0], [112150.0, 4690.0], [112142.5, 1260.0], [112140.0, 4200.0], [112130.0, 6170.0], [112127.5, 4140.0], [112125.0, 16410.0], [112117.5, 1280.0]], "asks": [[112207.5, 19010.0], [112210.0, 1620.0], [112212.5, 4500.0], [112215.0, 3220.0], [112217.5, 4500.0], [112220.0, 22350.0], [112222.5, 50160.0], [112225.0, 8840.0], [112227.5, 1350.0], [112230.0, 5000.0], [112232.5, 650.0], [112235.0, 3260.0], [112237.5, 4200.0], [112247.5, 2660.0], [112250.0, 8850.0], [112252.5, 4770.0], [112255.0, 15890.0], [112262.5, 1300.0], [112265.0, 4320.0], [112272.5, 10.0]]}}}
{"jsonrpc": "2.0", "method": "subscription", "params": {"channel": "book.BTC-12SEP25.none.20.100ms", "data": {"timestamp": 1756931187798, "change_id": 116177179629, "instrument_name": "BTC-12SEP25", "bids": [[112352.5, 18070.0], [112350.0, 5000.0], [112347.5, 160.0], [112345.0, 2260.0], [112342.5, 7900.0], [112340.0, 1890.0], [112337.5, 4830.0], [112335.0, 1590.0], [112332.5, 4000.0], [112330.0, 2160.0], [112327.5, 2000.0], [112325.0, 900.0], [112315.0, 1680.0], [112312.5, 1250.0], [112310.0, 4830.0], [112300.0, 380.0], [112297.5, 1260.0], [112295.0, 20.0], [112280.0, 4740.0], [112277.5, 15790.0]], "asks": [[112355.0, 10300.0], [112357.5, 5000.0], [112360.0, 4830.0], [112365.0, 4000.0], [112367.5, 1280.0], [112370.0, 4000.0], [112372.5, 5800.0], [112375.0, 160.0], [112377.5, 4000.0], [112380.0, 8510.0], [112392.5, 9830.0], [112395.0, 1260.0], [112397.5, 1800.0], [112407.5, 6170.0], [112410.0, 16330.0], [112412.5, 30.0], [112417.5, 1840.0], [112420.0, 6140.0], [112430.0, 390.0], [112432.5, 1290.0]]}}}
{"jsonrpc": "2.0", "method": "subscription", "params": {"channel": "book.BTC-5SEP25.none.20.100ms", "data": {"timestamp": 1756931187875, "change_id": 116177179674, "instrument_name": "BTC-5SEP25", "bids": [[112205.0, 5000.0], [112200.0, 2700.0], [112197.5, 4500.0], [112195.0, 14630.0], [112192.5, 4160.0], [112190.0, 5900.0], [112187.5, 4660.0], [112185.0, 2610.0], [112182.5, 4500.0], [112180.0, 4200.0], [112177.5, 2910.0], [112175.0, 9690.0], [112152.5, 4250.0], [112150.0, 4690.0], [112142.5, 1260.0], [112140.0, 4200.0], [112130.0, 6170.0], [112127.5, 4140.0], [112125.0, 16410.0], [112117.5, 1280.0]], "asks": [[112207.5, 19010.0], [112210.0, 1620.0], [112212.5, 4500.0], [112215.0, 3220.0], [112217.5, 4500.0], [112220.0, 22350.0], [112222.5, 50160.0], [112225.0, 8840.0], [112227.5, 1350.0], [112230.0, 5000.0], [112232.5, 650.0], [112235.0, 3260.0], [112237.5, 4200.0], [112247.5, 2660.0], [112250.0, 8850.0], [112252.5, 4770.0], [112255.0, 15890.0], [112262.5, 1300.0], [112265.0, 4320.0], [112272.5, 10.0]]}}}
{"jsonrpc": "2.0", "method": "subscription", "params": {"channel": "book.BTC-5SEP25.none.20.100ms", "data": {"timestamp": 1756931188134, "change_id": 116177179992, "instrument_name": "BTC-5SEP25", "bids": [[112205.0, 5000.0], [112200.0, 2700.0], [112197.5, 4500.0], [112195.0, 14630.0], [112192.5, 4160.0], [112190.0, 5900.0], [112187.5, 4660.0], [112185.0, 2610.0], [112182.5, 4500.0], [112180.0, 4200.0], [112177.5, 2910.0], [112175.0, 9690.0], [112152.5, 4250.0], [112150.0, 4690.0], [112142.5, 1260.0], [112140.0, 4200.0], [112130.0, 6170.0], [112127.5, 4140.0], [112125.0, 16410.0], [112117.5, 1280.0]], "asks": [[112207.5, 19010.0], [112212.5, 4500.0], [112215.0, 3220.0], [112217.5, 4500.0], [112220.0, 22350.0], [112222.5, 50160.0], [112225.0, 8840.0], [112227.5, 1350.0], [112230.0, 5000.0], [112232.5, 650.0], [112235.0, 3260.0], [112237.5, 4200.0], [112247.5, 2660.0], [112250.0, 8850.0], [112252.5, 4770.0], [112255.0, 15890.0], [112262.5, 1300.0], [112265.0, 4320.0], [112272.5, 10.0], [112280.0, 10.0]]}}}
{"jsonrpc": "2.0", "method": "subscription", "params": {"channel": "book.BTC-5SEP25.none.20.100ms", "data": {"timestamp": 1756931189320, "change_id": 116177181227, "instrument_name": "BTC-5SEP25", "bids": [[112205.0, 5000.0], [112202.5, 4300.0], [112200.0, 4670.0], [112197.5, 4500.0], [112195.0, 14630.0], [112192.5, 4160.0], [112190.0, 5900.0], [112187.5, 4660.0], [112185.0, 1260.0], [112180.0, 4200.0], [112177.5, 2910.0], [112175.0, 9690.0], [112167.5, 4260.0], [112155.0, 2680.0], [112152.5, 4250.0], [112150.0, 4690.0], [112142.5, 1260.0], [112140.0, 4200.0], [112130.0, 6170.0], [112127.5, 4140.0]], "asks": [[112207.5, 14510.0], [112212.5, 4500.0], [112215.0, 3220.0], [112217.5, 4500.0], [112220.0, 22350.0], [112222.5, 50160.0], [112225.0, 8840.0], [112227.5, 1350.0], [112230.0, 5000.0], [112232.5, 650.0], [112235.0, 3260.0], [112237.5, 4200.0], [112247.5, 2660.0], [112250.0, 8850.0], [112252.5, 4770.0], [112255.0, 15890.0], [112262.5, 1300.0], [112265.0, 4320.0], [112272.5, 10.0], [112280.0, 10.0]]}}}
