{"jsonrpc": "2.0", "id": 1, "result": ["book.BTC-6FEB26.none.20.100ms", "book.BTC-13FEB26.none.20.100ms"], "usIn": 1770288585309482, "usOut": 1770288585309854, "usDiff": 372, "testnet": false}
{"jsonrpc": "2.0", "method": "subscription", "params": {"channel": "book.BTC-6FEB26.none.20.100ms", "data": {"timestamp": 1770288585094, "change_id": 138675277498, "instrument_name": "BTC-6FEB26", "bids": [[70972.5, 3510.0], [70970.0, 6070.0], [70967.5, 12450.0], [70965.0, 2700.0], [70962.5, 450.0], [70960.0, 1500.0], [70957.5, 750.0], [70955.0, 3590.0], [70952.5, 2990.0], [70910.0, 6100.0], [70907.5, 20430.0], [70897.5, 3070.0], [70895.0, 10280.0], [70860.0, 20440.0], [70857.5, 12030.0], [70855.0, 40310.0], [70780.0, 1970.0], [70752.5, 7910.0], [70750.0, 37280.0], [70742.5, 38810.0]], "asks": [[70977.5, 8940.0], [70980.0, 1500.0], [70982.5, 80.0], [71052.5, 20000.0], [71055.0, 70040.0], [71057.5, 46210.0], [71067.5, 9950.0], [71187.5, 500.0], [71192.5, 50000.0], [71295.0, 10.0], [71297.5, 19600.0], [71352.5, 39160.0], [71372.5, 50040.0], [71422.5, 160.0], [71425.0, 9880.0], [71442.5, 50000.0], [71460.0, 40020.0], [71497.5, 60090.0], [71525.0, 31670.0], [71550.0, 25000.0]]}}}
{"jsonrpc": "2.0", "method": "subscription", "params": {"channel": "book.BTC-13FEB26.none.20.100ms", "data": {"timestamp": 1770288585191, "change_id": 138675277604, "instrument_name": "BTC-13FEB26", "bids": [[70992.5, 1500.0], [70990.0, 2660.0], [70987.5, 8910.0], [70982.5, 7760.0], [70980.0, 34900.0], [70977.5, 29770.0], [70952.5, 4460.0], [70950.0, 14930.0], [70940.0, 3100.0], [70937.5, 10400.0], [70890.0, 9010.0], [70887.5, 29960.0], [70882.5, 1020.0], [70880.0, 4880.0], [70865.0, 20.0], [70860.0, 1300.0], [70857.5, 4360.0], [70855.0, 590.0], [70852.5, 1970.0], [70805.0, 40.0]], "asks": [[70997.5, 10.0], [71002.5, 8910.0], [71012.5, 450.0], [71015.0, 1500.0], [71017.5, 2760.0], [71020.0, 20000.0], [71025.0, 80.0], [71027.5, 9170.0], [71030.0, 61020.0], [71032.5, 42980.0], [71050.0, 5090.0], [71080.0, 13790.0], [71082.5, 46210.0], [71105.0, 4850.0], [71112.5, 10230.0], [71172.5, 4530.0], [71245.0, 50000.0], [71247.5, 500.0], [71262.5, 14900.0], [71272.5, 1970.0]]}}}
{"jsonrpc": "2.0", "method": "subscription", "params": {"channel": "book.BTC-13FEB26.none.20.100ms", "data": {"timestamp": 1770288585191, "change_id": 138675277604, "instrument_name": "BTC-13FEB26", "bids": [[70992.5, 1500.0], [70990.0, 2660.0], [70987.5, 8910.0], [70982.5, 7760.0], [70980.0, 34900.0], [70977.5, 29770.0], [70952.5, 4460.0], [70950.0, 14930.0], [70940.0, 3100.0], [70937.5, 10400.0], [70890.0, 9010.0], [70887.5, 29960.0], [70882.5, 1020.0], [70880.0, 4880.0], [70865.0, 20.0], [70860.0, 1300.0], [70857.5, 4360.0], [70855.0, 590.0], [70852.5, 1970.0], [70805.0, 40.0]], "asks": [[70997.5, 10.0], [71002.5, 8910.0], [71012.5, 450.0], [71015.0, 1500.0], [71017.5, 2760.0], [71020.0, 20000.0], [71025.0, 80.0], [71027.5, 9170.0], [71030.0, 61020.0], [71032.5, 42980.0], [71050.0, 5090.0], [71080.0, 13790.0], [71082.5, 46210.0], [71105.0, 4850.0], [71112.5, 10230.0], [71172.5, 4530.0], [71245.0, 50000.0], [71247.5, 500.0], [71262.5, 14900.0], [71272.5, 1970.0]]}}}
{"jsonrpc": "2.0", "method": "subscription", "params": {"channel": "book.BTC-6FEB26.none.20.100ms", "data": {"timestamp": 1770288585674, "change_id": 138675279458, "instrument_name": "BTC-6FEB26", "bids": [[70972.5, 3510.0], [70970.0, 6070.0], [70967.5, 9750.0], [70965.0, 2700.0], [70962.5, 450.0], [70960.0, 2310.0], [70957.5, 3450.0], [70955.0, 3590.0], [70952.5, 2990.0], [70910.0, 6100.0], [70907.5, 20430.0], [70897.5, 3070.0], [70895.0, 10280.0], [70860.0, 20440.0], [70857.5, 12030.0], [70855.0, 40310.0], [70780.0, 1970.0], [70752.5, 7910.0], [70750.0, 37280.0], [70742.5, 38810.0]], "asks": [[70977.5, 11630.0], [70980.0, 1500.0], [70982.5, 80.0], [71052.5, 20000.0], [71055.0, 70040.0], [71057.5, 46210.0], [71067.5, 9950.0], [71187.5, 500.0], [71192.5, 50000.0], [71295.0, 10.0], [71297.5, 19600.0], [71352.5, 39160.0], [71372.5, 50040.0], [71422.5, 160.0], [71425.0, 9880.0], [71442.5, 50000.0], [71460.0, 40020.0], [71497.5, 60090.0], [71525.0, 31670.0], [71550.0, 25000.0]]}}}
{"jsonrpc": "2.0", "method": "subscription", "params": {"channel": "book.BTC-13FEB26.none.20.100ms", "data": {"timestamp": 1770288586123, "change_id": 138675280674, "instrument_name": "BTC-13FEB26", "bids": [[70992.5, 1500.0], [70990.0, 2660.0], [70987.5, 8910.0], [70982.5, 7760.0], [70980.0, 34900.0], [70977.5, 29770.0], [70952.5, 4460.0], [70950.0, 14930.0], [70940.0, 3100.0], [70937.5, 10400.0], [70890.0, 9010.0], [70887.5, 29960.0], [70882.5, 1020.0], [70880.0, 4880.0], [70865.0, 20.0], [70860.0, 1300.0], [70857.5, 4360.0], [70855.0, 590.0], [70852.5, 1970.0], [70805.0, 40.0]], "asks": [[70997.5, 10.0], [71002.5, 8910.0], [71017.5, 2760.0], [71020.0, 20450.0], [71022.5, 2120.0], [71025.0, 2080.0], [71027.5, 9170.0], [71030.0, 61020.0], [71032.5, 42980.0], [71050.0, 5090.0], [71080.0, 13790.0], [71082.5, 46210.0], [71105.0, 4850.0], [71112.5, 10230.0], [71172.5, 4530.0], [71245.0, 50000.0], [71247.5, 500.0], [71262.5, 14900.0], [71272.5, 1970.0], [71285.0, 50.0]]}}}
{"jsonrpc": "2.0", "method": "subscription", "params": {"channel": "book.BTC-6FEB26.none.20.100ms", "data": {"timestamp": 1770288586047, "change_id": 138675280635, "instrument_name": "BTC-6FEB26", "bids": [[70972.5, 3510.0], [70970.0, 6070.0], [70967.5, 9750.0], [70965.0, 2700.0], [70962.5, 450.0], [70960.0, 2310.0], [70957.5, 3450.0], [70955.0, 3590.0], [70952.5, 2990.0], [70910.0, 6100.0], [70907.5, 20430.0], [70897.5, 3070.0], [70895.0, 10280.0], [70860.0, 20440.0], [70857.5, 12030.0], [70855.0, 40310.0], [70780.0, 1970.0], [70752.5, 7910.0], [70750.0, 37280.0], [70742.5, 38810.0]], "asks": [[70977.5, 11630.0], [70980.0, 1510.0], [70982.5, 80.0], [70992.5, 20000.0], [70995.0, 42970.0], [71055.0, 70040.0], [71057.5, 46210.0], [71067.5, 9950.0], [71187.5, 500.0], [71192.5, 50000.0], [71295.0, 10.0], [71297.5, 19600.0], [71352.5, 39160.0], [71372.5, 50040.0], [71422.5, 160.0], [71425.0, 9880.0], [71442.5, 50000.0], [71460.0, 40020.0], [71497.5, 60090.0], [71525.0, 31670.0]]}}}
{"jsonrpc": "2.0", "method": "subscription", "params": {"channel": "book.BTC-13FEB26.none.20.100ms", "data": {"timestamp": 1770288586369, "change_id": 138675280997, "instrument_name": "BTC-13FEB26", "bids": [[70992.5, 4160.0], [70990.0, 8910.0], [70982.5, 7760.0], [70980.0, 26010.0], [70952.5, 4460.0], [70950.0, 14930.0], [70940.0, 3100.0], [70937.5, 10400.0], [70890.0, 9010.0], [70887.5, 29960.0], [70882.5, 1020.0], [70880.0, 4880.0], [70865.0, 20.0], [70860.0, 1300.0], [70857.5, 4360.0], [70855.0, 590.0], [70852.5, 1970.0], [70805.0, 40.0], [70800.0, 500.0], [70792.5, 32180.0]], "asks": [[70997.5, 10.0], [71002.5, 8910.0], [71015.0, 450.0], [71017.5, 4260.0], [71020.0, 20000.0], [71022.5, 620.0], [71025.0, 2080.0], [71027.5, 9170.0], [71030.0, 61020.0], [71032.5, 42980.0], [71050.0, 5090.0], [71080.0, 13790.0], [71082.5, 46210.0], [71105.0, 4850.0], [71112.5, 10230.0], [71172.5, 4530.0], [71245.0, 50000.0], [71247.5, 500.0], [71262.5, 14900.0], [71272.5, 1970.0]]}}}
{"jsonrpc": "2.0", "method": "subscription", "params": {"channel": "book.BTC-6FEB26.none.20.100ms", "data": {"timestamp": 1770288586362, "change_id": 138675280993, "instrument_name": "BTC-6FEB26", "bids": [[70972.5, 3510.0], [70970.0, 2700.0], [70967.5, 3380.0], [70965.0, 11630.0], [70962.5, 450.0], [70960.0, 2310.0], [70957.5, 3450.0], [70955.0, 3590.0], [70952.5, 2990.0], [70910.0, 6100.0], [70907.5, 20430.0], [70897.5, 3070.0], [70895.0, 10280.0], [70860.0, 20440.0], [70857.5, 12030.0], [70855.0, 40310.0], [70780.0, 1970.0], [70752.5, 7910.0], [70750.0, 37280.0], [70742.5, 38810.0]], "asks": [[70977.5, 11630.0], [70980.0, 1510.0], [70982.5, 80.0], [70992.5, 20000.0], [70995.0, 42970.0], [71055.0, 70040.0], [71057.5, 46210.0], [71067.5, 9950.0], [71187.5, 500.0], [71192.5, 50000.0], [71295.0, 10.0], [71297.5, 19600.0], [71352.5, 39160.0], [71372.5, 50040.0], [71422.5, 160.0], [71425.0, 9880.0], [71442.5, 50000.0], [71460.0, 40020.0], [71497.5, 60090.0], [71525.0, 31670.0]]}}}
{"jsonrpc": "2.0", "method": "subscription", "params": {"channel": "book.BTC-13FEB26.none.20.100ms", "data": {"timestamp": 1770288586745, "change_id": 138675281781, "instrument_name": "BTC-13FEB26", "bids": [[70992.5, 1500.0], [70985.0, 10170.0], [70982.5, 41830.0], [70980.0, 26010.0], [70952.5, 4460.0], [70950.0, 14930.0], [70940.0, 3100.0], [70937.5, 10400.0], [70890.0, 9010.0], [70887.5, 29960.0], [70882.5, 1020.0], [70880.0, 4880.0], [70865.0, 20.0], [70860.0, 1300.0], [70857.5, 4360.0], [70855.0, 590.0], [70852.5, 1970.0], [70840.0, 7910.0], [70805.0, 40.0], [70800.0, 500.0]], "asks": [[70997.5, 10.0], [71002.5, 8910.0], [71015.0, 450.0], [71017.5, 4260.0], [71020.0, 20000.0], [71022.5, 620.0], [71025.0, 2080.0], [71027.5, 9170.0], [71030.0, 61020.0], [71032.5, 42980.0], [71050.0, 5090.0], [71080.0, 13790.0], [71082.5, 46210.0], [71105.0, 4850.0], [71112.5, 10230.0], [71172.5, 4530.0], [71245.0, 50000.0], [71247.5, 500.0], [71262.5, 14900.0], [71272.5, 1970.0]]}}}
{"jsonrpc": "2.0", "method": "subscription", "params": {"channel": "book.BTC-6FEB26.none.20.100ms", "data": {"timestamp": 1770288586745, "change_id": 138675281782, "instrument_name": "BTC-6FEB26", "bids": [[70970.0, 2700.0], [70967.5, 820.0], [70965.0, 2700.0], [70962.5, 1200.0], [70960.0, 5010.0], [70957.5, 3450.0], [70955.0, 3590.0], [70952.5, 2990.0], [70910.0, 6100.0], [70907.5, 20430.0], [70897.5, 3070.0], [70895.0, 10280.0], [70862.5, 1970.0], [70860.0, 20440.0], [70857.5, 12030.0], [70855.0, 40310.0], [70752.5, 7910.0], [70750.0, 37280.0], [70742.5, 38810.0], [70732.5, 50000.0]], "asks": [[70975.0, 2700.0], [70977.5, 11640.0], [70980.0, 1500.0], [70982.5, 80.0], [70992.5, 20000.0], [70995.0, 42970.0], [71055.0, 70040.0], [71057.5, 46210.0], [71067.5, 9950.0], [71187.5, 500.0], [71192.5, 50000.0], [71295.0, 10.0], [71297.5, 19600.0], [71352.5, 39160.0], [71372.5, 50040.0], [71422.5, 160.0], [71425.0, 9880.0], [71442.5, 50000.0], [71460.0, 40020.0], [71497.5, 60090.0]]}}}
{"jsonrpc": "2.0", "method": "subscription", "params": {"channel": "book.BTC-13FEB26.none.20.100ms", "data": {"timestamp": 1770288587070, "change_id": 138675282562, "instrument_name": "BTC-13FEB26", "bids": [[70995.0, 8910.0], [70992.5, 1500.0], [70985.0, 10170.0], [70982.5, 41830.0], [70980.0, 26010.0], [70952.5, 4460.0], [70950.0, 14930.0], [70940.0, 3100.0], [70937.5, 10400.0], [70890.0, 9010.0], [70887.5, 29960.0], [70882.5, 1020.0], [70880.0, 4880.0], [70865.0, 20.0], [70860.0, 1300.0], [70857.5, 4360.0], [70855.0, 590.0], [70852.5, 1970.0], [70840.0, 7910.0], [70805.0, 40.0]], "asks": [[70997.5, 10.0], [71015.0, 8910.0], [71022.5, 2170.0], [71025.0, 21500.0], [71027.5, 9170.0], [71030.0, 63020.0], [71032.5, 42980.0], [71037.5, 80.0], [71050.0, 5090.0], [71080.0, 13790.0], [71082.5, 46210.0], [71105.0, 4850.0], [71112.5, 10230.0], [71172.5, 4530.0], [71245.0, 50000.0], [71247.5, 500.0], [71262.5, 14900.0], [71272.5, 1970.0], [71285.0, 50.0], [71335.0, 29420.0]]}}}
{"jsonrpc": "2.0", "method": "subscription", "params": {"channel": "book.BTC-6FEB26.none.20.100ms", "data": {"timestamp": 1770288587101, "change_id": 138675282629, "instrument_name": "BTC-6FEB26", "bids": [[70980.0, 810.0], [70977.5, 3510.0], [70975.0, 6070.0], [70972.5, 9750.0], [70970.0, 2700.0], [70967.5, 1150.0], [70965.0, 4200.0], [70962.5, 750.0], [70960.0, 3510.0], [70957.5, 3150.0], [70955.0, 890.0], [70952.5, 2990.0], [70910.0, 6100.0], [70907.5, 20430.0], [70897.5, 3070.0], [70895.0, 10280.0], [70870.0, 20440.0], [70862.5, 1970.0], [70857.5, 12030.0], [70855.0, 40310.0]], "asks": [[70987.5, 4200.0], [70990.0, 11640.0], [70992.5, 20080.0], [70995.0, 42970.0], [71055.0, 70040.0], [71057.5, 46210.0], [71067.5, 9950.0], [71187.5, 500.0], [71192.5, 50000.0], [71295.0, 10.0], [71297.5, 19600.0], [71352.5, 39160.0], [71372.5, 50040.0], [71422.5, 160.0], [71425.0, 9880.0], [71442.5, 50000.0], [71460.0, 40020.0], [71497.5, 60090.0], [71525.0, 31670.0], [71550.0, 25000.0]]}}}
{"jsonrpc": "2.0", "method": "subscription", "params": {"channel": "book.BTC-13FEB26.none.20.100ms", "data": {"timestamp": 1770288587417, "change_id": 138675283386, "instrument_name": "BTC-13FEB26", "bids": [[70995.0, 8910.0], [70992.5, 1500.0], [70990.0, 8290.0], [70987.5, 28750.0], [70952.5, 4460.0], [70950.0, 14930.0], [70940.0, 3100.0], [70937.5, 10400.0], [70895.0, 590.0], [70892.5, 9880.0], [70890.0, 9010.0], [70887.5, 29960.0], [70882.5, 1020.0], [70880.0, 4880.0], [70865.0, 20.0], [70860.0, 1300.0], [70857.5, 4360.0], [70805.0, 40.0], [70800.0, 500.0], [70792.5, 32180.0]], "asks": [[70997.5, 10.0], [71010.0, 8910.0], [71017.5, 450.0], [71020.0, 1500.0], [71022.5, 4350.0], [71025.0, 20000.0], [71027.5, 9170.0], [71030.0, 63020.0], [71032.5, 42980.0], [71037.5, 80.0], [71050.0, 5090.0], [71080.0, 13790.0], [71082.5, 46210.0], [71105.0, 4850.0], [71112.5, 10230.0], [71172.5, 4530.0], [71245.0, 50000.0], [71247.5, 500.0], [71262.5, 14900.0], [71272.5, 1970.0]]}}}
{"jsonrpc": "2.0", "method": "subscription", "params": {"channel": "book.BTC-6FEB26.none.20.100ms", "data": {"timestamp": 1770288587306, "change_id": 138675282995, "instrument_name": "BTC-6FEB26", "bids": [[70977.5, 3510.0], [70975.0, 6070.0], [70972.5, 9750.0], [70970.0, 2700.0], [70967.5, 1150.0], [70965.0, 4200.0], [70962.5, 750.0], [70960.0, 3510.0], [70957.5, 3150.0], [70955.0, 890.0], [70952.5, 2990.0], [70910.0, 6100.0], [70907.5, 20430.0], [70897.5, 3070.0], [70895.0, 10280.0], [70870.0, 20440.0], [70862.5, 1970.0], [70857.5, 12030.0], [70855.0, 40310.0], [70780.0, 31670.0]], "asks": [[70982.5, 4200.0], [70985.0, 31640.0], [70987.5, 2700.0], [70990.0, 2700.0], [70992.5, 80.0], [70995.0, 42970.0], [71055.0, 70040.0], [71057.5, 46210.0], [71067.5, 9950.0], [71187.5, 500.0], [71192.5, 50000.0], [71295.0, 10.0], [71297.5, 19600.0], [71352.5, 39160.0], [71372.5, 50040.0], [71422.5, 160.0], [71425.0, 9880.0], [71442.5, 50000.0], [71460.0, 40020.0], [71497.5, 60090.0]]}}}
{"jsonrpc": "2.0", "method": "subscription", "params": {"channel": "book.BTC-13FEB26.none.20.100ms", "data": {"timestamp": 1770288587780, "change_id": 138675284052, "instrument_name": "BTC-13FEB26", "bids": [[70995.0, 8910.0], [70992.5, 1500.0], [70990.0, 8290.0], [70987.5, 28750.0], [70952.5, 4460.0], [70950.0, 14930.0], [70940.0, 3100.0], [70937.5, 10400.0], [70895.0, 590.0], [70892.5, 9880.0], [70890.0, 9010.0], [70887.5, 29960.0], [70885.0, 4880.0], [70865.0, 20.0], [70860.0, 1300.0], [70857.5, 4360.0], [70805.0, 40.0], [70800.0, 500.0], [70792.5, 32180.0], [70790.0, 30450.0]], "asks": [[70997.5, 10.0], [71010.0, 8910.0], [71020.0, 1500.0], [71022.5, 4350.0], [71025.0, 20000.0], [71027.5, 9170.0], [71030.0, 63020.0], [71032.5, 42980.0], [71037.5, 80.0], [71050.0, 5090.0], [71080.0, 13790.0], [71082.5, 46210.0], [71105.0, 4850.0], [71112.5, 10230.0], [71172.5, 4530.0], [71245.0, 50000.0], [71247.5, 500.0], [71262.5, 14900.0], [71272.5, 1970.0], [71285.0, 50.0]]}}}
{"jsonrpc": "2.0", "method": "subscription", "params": {"channel": "book.BTC-6FEB26.none.20.100ms", "data": {"timestamp": 1770288587455, "change_id": 138675283494, "instrument_name": "BTC-6FEB26", "bids": [[70977.5, 3510.0], [70975.0, 6070.0], [70972.5, 9750.0], [70970.0, 2700.0], [70967.5, 1150.0], [70965.0, 4200.0], [70962.5, 750.0], [70960.0, 3510.0], [70957.5, 3150.0], [70955.0, 890.0], [70952.5, 2990.0], [70910.0, 6100.0], [70907.5, 20430.0], [70897.5, 3070.0], [70895.0, 10280.0], [70870.0, 20440.0], [70862.5, 1970.0], [70857.5, 12030.0], [70855.0, 40310.0], [70780.0, 31670.0]], "asks": [[70980.0, 4900.0], [70982.5, 4200.0], [70985.0, 31640.0], [70987.5, 2700.0], [70990.0, 2700.0], [70992.5, 80.0], [70995.0, 42970.0], [71055.0, 70040.0], [71057.5, 46210.0], [71067.5, 9950.0], [71187.5, 500.0], [71192.5, 50000.0], [71295.0, 10.0], [71297.5, 19600.0], [71352.5, 39160.0], [71372.5, 50040.0], [71422.5, 160.0], [71425.0, 9880.0], [71442.5, 50000.0], [71460.0, 40020.0]]}}}
{"jsonrpc": "2.0", "method": "subscription", "params": {"channel": "book.BTC-13FEB26.none.20.100ms", "data": {"timestamp": 1770288588373, "change_id": 138675285121, "instrument_name": "BTC-13FEB26", "bids": [[70992.5, 10410.0], [70952.5, 4460.0], [70950.0, 14930.0], [70940.0, 3100.0], [70937.5, 10400.0], [70895.0, 590.0], [70892.5, 9880.0], [70890.0, 9010.0], [70887.5, 29960.0], [70885.0, 4880.0], [70865.0, 20.0], [70860.0, 1300.0], [70857.5, 4360.0], [70805.0, 40.0], [70800.0, 500.0], [70792.5, 32180.0], [70790.0, 30450.0], [70782.5, 36780.0], [70755.0, 50000.0], [70750.0, 29980.0]], "asks": [[70997.5, 10.0], [71005.0, 8910.0], [71017.5, 2750.0], [71020.0, 1500.0], [71022.5, 4350.0], [71025.0, 20000.0], [71027.5, 9170.0], [71030.0, 63100.0], [71032.5, 42980.0], [71050.0, 5090.0], [71080.0, 13790.0], [71082.5, 46210.0], [71105.0, 4850.0], [71112.5, 10230.0], [71172.5, 4530.0], [71245.0, 50000.0], [71247.5, 500.0], [71262.5, 14900.0], [71272.5, 1970.0], [71285.0, 50.0]]}}}
{"jsonrpc": "2.0", "method": "subscription", "params": {"channel": "book.BTC-6FEB26.none.20.100ms", "data": {"timestamp": 1770288588405, "change_id": 138675285277, "instrument_name": "BTC-6FEB26", "bids": [[70975.0, 2700.0], [70972.5, 810.0], [70970.0, 5380.0], [70967.5, 9740.0], [70965.0, 3150.0], [70962.5, 2250.0], [70960.0, 3510.0], [70957.5, 3150.0], [70955.0, 890.0], [70952.5, 2990.0], [70910.0, 6100.0], [70907.5, 20430.0], [70897.5, 3070.0], [70895.0, 10280.0], [70872.5, 6100.0], [70870.0, 20440.0], [70862.5, 1970.0], [70860.0, 7910.0], [70857.5, 12030.0], [70855.0, 40310.0]], "asks": [[70980.0, 13830.0], [70982.5, 4210.0], [70985.0, 22700.0], [70987.5, 2700.0], [70990.0, 2700.0], [70992.5, 80.0], [70995.0, 42970.0], [71055.0, 70040.0], [71057.5, 46210.0], [71067.5, 9950.0], [71187.5, 500.0], [71192.5, 50000.0], [71295.0, 10.0], [71297.5, 19600.0], [71352.5, 39160.0], [71372.5, 50040.0], [71422.5, 160.0], [71425.0, 9880.0], [71442.5, 50000.0], [71460.0, 40020.0]]}}}
{"jsonrpc": "2.0", "method": "subscription", "params": {"channel": "book.BTC-13FEB26.none.20.100ms", "data": {"timestamp": 1770288588759, "change_id": 138675286621, "instrument_name": "BTC-13FEB26", "bids": [[71007.5, 2660.0], [71005.0, 9360.0], [71002.5, 1500.0], [70982.5, 19040.0], [70980.0, 68140.0], [70952.5, 4460.0], [70950.0, 14930.0], [70940.0, 3100.0], [70937.5, 10400.0], [70895.0, 590.0], [70892.5, 9880.0], [70890.0, 13890.0], [70887.5, 29960.0], [70865.0, 20.0], [70860.0, 1300.0], [70857.5, 4360.0], [70805.0, 40.0], [70800.0, 500.0], [70792.5, 32180.0], [70790.0, 30450.0]], "asks": [[71020.0, 11210.0], [71022.5, 4350.0], [71025.0, 20000.0], [71027.5, 10670.0], [71030.0, 61020.0], [71032.5, 42980.0], [71035.0, 2000.0], [71042.5, 80.0], [71050.0, 5090.0], [71080.0, 13790.0], [71082.5, 46210.0], [71105.0, 4850.0], [71112.5, 10230.0], [71172.5, 4530.0], [71245.0, 50000.0], [71247.5, 500.0], [71262.5, 14900.0], [71272.5, 1970.0], [71285.0, 50.0], [71335.0, 29420.0]]}}}
{"jsonrpc": "2.0", "method": "subscription", "params": {"channel": "book.BTC-6FEB26.none.20.100ms", "data": {"timestamp": 1770288588744, "change_id": 138675286587, "instrument_name": "BTC-6FEB26", "bids": [[70977.5, 11630.0], [70975.0, 2700.0], [70972.5, 820.0], [70970.0, 3150.0], [70967.5, 2310.0], [70965.0, 2700.0], [70962.5, 750.0], [70960.0, 3510.0], [70957.5, 3450.0], [70955.0, 3590.0], [70952.5, 2990.0], [70910.0, 6100.0], [70907.5, 20430.0], [70897.5, 3070.0], [70895.0, 10280.0], [70872.5, 6100.0], [70870.0, 20440.0], [70862.5, 1970.0], [70860.0, 7910.0], [70857.5, 12030.0]], "asks": [[70980.0, 4900.0], [70982.5, 10.0], [70987.5, 20000.0], [70990.0, 2700.0], [70992.5, 10430.0], [70995.0, 42970.0], [71002.5, 80.0], [71005.0, 2000.0], [71055.0, 70040.0], [71057.5, 46210.0], [71067.5, 9950.0], [71187.5, 500.0], [71192.5, 50000.0], [71295.0, 10.0], [71297.5, 19600.0], [71352.5, 39160.0], [71372.5, 50040.0], [71422.5, 160.0], [71425.0, 9880.0], [71442.5, 50000.0]]}}}
{"jsonrpc": "2.0", "method": "subscription", "params": {"channel": "book.BTC-13FEB26.none.20.100ms", "data": {"timestamp": 1770288589035, "change_id": 138675287260, "instrument_name": "BTC-13FEB26", "bids": [[71005.0, 450.0], [71002.5, 4160.0], [71000.0, 8910.0], [70982.5, 19040.0], [70980.0, 68140.0], [70952.5, 4460.0], [70950.0, 14930.0], [70940.0, 3100.0], [70937.5, 10400.0], [70895.0, 2870.0], [70892.5, 9880.0], [70890.0, 13890.0], [70887.5, 29960.0], [70865.0, 20.0], [70860.0, 1300.0], [70857.5, 4360.0], [70805.0, 40.0], [70800.0, 500.0], [70792.5, 32180.0], [70790.0, 30450.0]], "asks": [[71015.0, 8910.0], [71022.5, 1500.0], [71025.0, 20000.0], [71027.5, 9170.0], [71030.0, 61020.0], [71032.5, 42980.0], [71035.0, 2080.0], [71050.0, 5090.0], [71080.0, 13790.0], [71082.5, 46210.0], [71105.0, 4850.0], [71112.5, 10230.0], [71172.5, 4530.0], [71245.0, 50000.0], [71247.5, 500.0], [71262.5, 14900.0], [71272.5, 1970.0], [71285.0, 50.0], [71335.0, 29420.0], [71385.0, 160.0]]}}}
{"jsonrpc": "2.0", "method": "subscription", "params": {"channel": "book.BTC-6FEB26.none.20.100ms", "data": {"timestamp": 1770288589035, "change_id": 138675287261, "instrument_name": "BTC-6FEB26", "bids": [[70977.5, 11630.0], [70975.0, 2700.0], [70972.5, 820.0], [70970.0, 3150.0], [70967.5, 2310.0], [70965.0, 2700.0], [70962.5, 750.0], [70960.0, 3510.0], [70957.5, 3450.0], [70955.0, 3590.0], [70952.5, 2990.0], [70910.0, 6100.0], [70907.5, 20430.0], [70897.5, 3070.0], [70895.0, 10280.0], [70872.5, 6100.0], [70870.0, 20440.0], [70862.5, 1970.0], [70860.0, 7910.0], [70857.5, 12030.0]], "asks": [[70980.0, 4900.0], [70985.0, 10.0], [70987.5, 30430.0], [70990.0, 2700.0], [70995.0, 43050.0], [71005.0, 2000.0], [71055.0, 70040.0], [71057.5, 46210.0], [71067.5, 9950.0], [71187.5, 500.0], [71192.5, 50000.0], [71295.0, 10.0], [71297.5, 19600.0], [71352.5, 39160.0], [71372.5, 50040.0], [71422.5, 160.0], [71425.0, 9880.0], [71442.5, 50000.0], [71460.0, 40020.0], [71497.5, 60090.0]]}}}
{"jsonrpc": "2.0", "method": "subscription", "params": {"channel": "book.BTC-13FEB26.none.20.100ms", "data": {"timestamp": 1770288589110, "change_id": 138675287342, "instrument_name": "BTC-13FEB26", "bids": [[71005.0, 450.0], [71002.5, 4160.0], [71000.0, 8910.0], [70982.5, 19040.0], [70980.0, 68140.0], [70952.5, 4460.0], [70950.0, 14930.0], [70940.0, 3100.0], [70937.5, 10400.0], [70895.0, 2870.0], [70892.5, 9880.0], [70890.0, 13890.0], [70887.5, 29960.0], [70865.0, 20.0], [70860.0, 1300.0], [70857.5, 4360.0], [70805.0, 40.0], [70800.0, 500.0], [70792.5, 32180.0], [70790.0, 30450.0]], "asks": [[71015.0, 8910.0], [71022.5, 4160.0], [71025.0, 20000.0], [71027.5, 9170.0], [71030.0, 61020.0], [71032.5, 42980.0], [71035.0, 80.0], [71050.0, 5090.0], [71080.0, 13790.0], [71082.5, 46210.0], [71105.0, 4850.0], [71112.5, 10230.0], [71172.5, 4530.0], [71245.0, 50000.0], [71247.5, 500.0], [71262.5, 14900.0], [71272.5, 1970.0], [71285.0, 50.0], [71335.0, 29420.0], [71385.0, 160.0]]}}}
{"jsonrpc": "2.0", "method": "subscription", "params": {"channel": "book.BTC-6FEB26.none.20.100ms", "data": {"timestamp": 1770288589307, "change_id": 138675287655, "instrument_name": "BTC-6FEB26", "bids": [[70977.5, 11630.0], [70975.0, 2700.0], [70972.5, 820.0], [70970.0, 3150.0], [70967.5, 2310.0], [70965.0, 2700.0], [70962.5, 750.0], [70960.0, 3510.0], [70957.5, 3450.0], [70955.0, 3590.0], [70952.5, 2990.0], [70910.0, 6100.0], [70907.5, 20430.0], [70897.5, 3070.0], [70895.0, 10280.0], [70872.5, 6100.0], [70870.0, 20440.0], [70862.5, 1970.0], [70860.0, 7910.0], [70857.5, 12030.0]], "asks": [[70980.0, 4900.0], [70982.5, 1500.0], [70985.0, 10.0], [70987.5, 28930.0], [70990.0, 2700.0], [70995.0, 43050.0], [71055.0, 70040.0], [71057.5, 46210.0], [71067.5, 9950.0], [71187.5, 500.0], [71192.5, 50000.0], [71295.0, 10.0], [71297.5, 19600.0], [71352.5, 39160.0], [71372.5, 50040.0], [71422.5, 160.0], [71425.0, 9880.0], [71442.5, 50000.0], [71460.0, 40020.0], [71497.5, 60090.0]]}}}
{"jsonrpc": "2.0", "method": "subscription", "params": {"channel": "book.BTC-13FEB26.none.20.100ms", "data": {"timestamp": 1770288589624, "change_id": 138675288356, "instrument_name": "BTC-13FEB26", "bids": [[71005.0, 450.0], [71002.5, 4160.0], [71000.0, 8910.0], [70952.5, 4460.0], [70950.0, 14930.0], [70940.0, 3100.0], [70937.5, 10400.0], [70895.0, 2870.0], [70892.5, 9880.0], [70890.0, 13890.0], [70887.5, 29960.0], [70865.0, 20.0], [70860.0, 1300.0], [70857.5, 4360.0], [70805.0, 40.0], [70800.0, 500.0], [70792.5, 32180.0], [70790.0, 30450.0], [70782.5, 36780.0], [70755.0, 50000.0]], "asks": [[71015.0, 8910.0], [71017.5, 1500.0], [71022.5, 2660.0], [71025.0, 20000.0], [71027.5, 9170.0], [71030.0, 61020.0], [71032.5, 42980.0], [71035.0, 80.0], [71050.0, 5090.0], [71080.0, 13790.0], [71082.5, 46210.0], [71105.0, 4850.0], [71112.5, 10230.0], [71172.5, 4530.0], [71245.0, 50000.0], [71247.5, 500.0], [71262.5, 14900.0], [71272.5, 1970.0], [71285.0, 50.0], [71335.0, 29420.0]]}}}
{"jsonrpc": "2.0", "method": "subscription", "params": {"channel": "book.BTC-6FEB26.none.20.100ms", "data": {"timestamp": 1770288589496, "change_id": 138675288268, "instrument_name": "BTC-6FEB26", "bids": [[70977.5, 11630.0], [70975.0, 2700.0], [70972.5, 820.0], [70970.0, 3150.0], [70967.5, 2310.0], [70965.0, 3510.0], [70962.5, 3450.0], [70960.0, 3510.0], [70957.5, 3450.0], [70955.0, 3590.0], [70952.5, 2990.0], [70910.0, 6100.0], [70907.5, 20430.0], [70897.5, 3070.0], [70895.0, 10280.0], [70872.5, 6100.0], [70870.0, 20440.0], [70862.5, 1970.0], [70860.0, 7910.0], [70857.5, 12030.0]], "asks": [[70980.0, 7600.0], [70982.5, 1500.0], [70985.0, 2710.0], [70987.5, 28930.0], [70995.0, 43050.0], [71055.0, 70040.0], [71057.5, 46210.0], [71067.5, 9950.0], [71187.5, 500.0], [71192.5, 50000.0], [71295.0, 10.0], [71297.5, 19600.0], [71352.5, 39160.0], [71372.5, 50040.0], [71422.5, 160.0], [71425.0, 9880.0], [71442.5, 50000.0], [71460.0, 40020.0], [71497.5, 60090.0], [71525.0, 31670.0]]}}}
{"jsonrpc": "2.0", "method": "subscription", "params": {"channel": "book.BTC-13FEB26.none.20.100ms", "data": {"timestamp": 1770288589997, "change_id": 138675288827, "instrument_name": "BTC-13FEB26", "bids": [[71005.0, 450.0], [71002.5, 4160.0], [71000.0, 8910.0], [70995.0, 2300.0], [70992.5, 7700.0], [70952.5, 4460.0], [70950.0, 14930.0], [70940.0, 3100.0], [70937.5, 10400.0], [70895.0, 2870.0], [70892.5, 11360.0], [70890.0, 13890.0], [70887.5, 29960.0], [70865.0, 20.0], [70860.0, 1300.0], [70857.5, 4360.0], [70805.0, 40.0], [70800.0, 500.0], [70792.5, 32180.0], [70790.0, 30450.0]], "asks": [[71015.0, 8910.0], [71017.5, 1500.0], [71022.5, 2660.0], [71025.0, 20000.0], [71027.5, 9170.0], [71030.0, 61020.0], [71032.5, 42980.0], [71035.0, 80.0], [71050.0, 5090.0], [71080.0, 13790.0], [71082.5, 46210.0], [71105.0, 4850.0], [71112.5, 10230.0], [71172.5, 4530.0], [71245.0, 50000.0], [71247.5, 500.0], [71262.5, 14900.0], [71272.5, 1970.0], [71285.0, 50.0], [71335.0, 29420.0]]}}}
{"jsonrpc": "2.0", "method": "subscription", "params": {"channel": "book.BTC-6FEB26.none.20.100ms", "data": {"timestamp": 1770288589939, "change_id": 138675288733, "instrument_name": "BTC-6FEB26", "bids": [[70977.5, 11630.0], [70975.0, 2700.0], [70972.5, 820.0], [70970.0, 3150.0], [70967.5, 2310.0], [70965.0, 3510.0], [70962.5, 3450.0], [70960.0, 3510.0], [70957.5, 3450.0], [70955.0, 3590.0], [70952.5, 2990.0], [70910.0, 6100.0], [70907.5, 20430.0], [70897.5, 3070.0], [70895.0, 10280.0], [70872.5, 6100.0], [70870.0, 20440.0], [70862.5, 1970.0], [70860.0, 7910.0], [70857.5, 12030.0]], "asks": [[70980.0, 7600.0], [70982.5, 1500.0], [70985.0, 2710.0], [70987.5, 28930.0], [70995.0, 43050.0], [71002.5, 2000.0], [71055.0, 70040.0], [71057.5, 46210.0], [71067.5, 9950.0], [71187.5, 500.0], [71192.5, 50000.0], [71295.0, 10.0], [71297.5, 19600.0], [71352.5, 39160.0], [71372.5, 50040.0], [71422.5, 160.0], [71425.0, 9880.0], [71442.5, 50000.0], [71460.0, 40020.0], [71497.5, 60090.0]]}}}
{"jsonrpc": "2.0", "method": "subscription", "params": {"channel": "book.BTC-13FEB26.none.20.100ms", "data": {"timestamp": 1770288590370, "change_id": 138675289360, "instrument_name": "BTC-13FEB26", "bids": [[71005.0, 450.0], [71002.5, 4160.0], [71000.0, 8910.0], [70995.0, 2300.0], [70992.5, 7700.0], [70952.5, 4460.0], [70950.0, 14930.0], [70940.0, 3100.0], [70937.5, 10400.0], [70895.0, 2870.0], [70892.5, 11360.0], [70890.0, 13890.0], [70887.5, 29960.0], [70865.0, 20.0], [70860.0, 1300.0], [70857.5, 4360.0], [70805.0, 40.0], [70800.0, 500.0], [70792.5, 32180.0], [70790.0, 30450.0]], "asks": [[71015.0, 8910.0], [71025.0, 21500.0], [71027.5, 9170.0], [71030.0, 61020.0], [71032.5, 42980.0], [71035.0, 80.0], [71050.0, 5090.0], [71080.0, 13790.0], [71082.5, 46210.0], [71105.0, 4850.0], [71112.5, 10230.0], [71172.5, 4530.0], [71245.0, 50000.0], [71247.5, 500.0], [71262.5, 14900.0], [71272.5, 1970.0], [71285.0, 50.0], [71335.0, 29420.0], [71385.0, 160.0], [71387.5, 7910.0]]}}}
{"jsonrpc": "2.0", "method": "subscription", "params": {"channel": "book.BTC-6FEB26.none.20.100ms", "data": {"timestamp": 1770288590396, "change_id": 138675289483, "instrument_name": "BTC-6FEB26", "bids": [[70980.0, 6170.0], [70977.5, 12450.0], [70975.0, 2700.0], [70972.5, 810.0], [70970.0, 3150.0], [70967.5, 2310.0], [70965.0, 3510.0], [70962.5, 3450.0], [70960.0, 3510.0], [70957.5, 3450.0], [70955.0, 3590.0], [70952.5, 2990.0], [70910.0, 6100.0], [70907.5, 20430.0], [70897.5, 3070.0], [70895.0, 10280.0], [70872.5, 6100.0], [70870.0, 20440.0], [70862.5, 1970.0], [70860.0, 7910.0]], "asks": [[70985.0, 2700.0], [70987.5, 30430.0], [70990.0, 10.0], [70995.0, 43050.0], [71055.0, 70040.0], [71057.5, 46210.0], [71067.5, 9950.0], [71187.5, 500.0], [71192.5, 50000.0], [71295.0, 10.0], [71297.5, 19600.0], [71352.5, 39160.0], [71372.5, 50040.0], [71422.5, 160.0], [71425.0, 9880.0], [71442.5, 50000.0], [71460.0, 40020.0], [71497.5, 60090.0], [71525.0, 31670.0], [71550.0, 25000.0]]}}}
{"jsonrpc": "2.0", "method": "subscription", "params": {"channel": "book.BTC-13FEB26.none.20.100ms", "data": {"timestamp": 1770288590755, "change_id": 138675290324, "instrument_name": "BTC-13FEB26", "bids": [[71005.0, 450.0], [71002.5, 4160.0], [71000.0, 8910.0], [70995.0, 2300.0], [70992.5, 7700.0], [70952.5, 4460.0], [70950.0, 14930.0], [70940.0, 3100.0], [70937.5, 10400.0], [70895.0, 2870.0], [70892.5, 11360.0], [70890.0, 13890.0], [70887.5, 29960.0], [70865.0, 20.0], [70860.0, 1300.0], [70857.5, 4360.0], [70805.0, 40.0], [70800.0, 500.0], [70792.5, 32180.0], [70790.0, 30450.0]], "asks": [[71015.0, 8910.0], [71025.0, 20000.0], [71027.5, 9170.0], [71030.0, 61020.0], [71032.5, 42980.0], [71050.0, 5090.0], [71080.0, 13790.0], [71082.5, 46210.0], [71105.0, 4850.0], [71112.5, 10230.0], [71172.5, 4530.0], [71245.0, 50000.0], [71247.5, 500.0], [71262.5, 14900.0], [71272.5, 1970.0], [71285.0, 50.0], [71335.0, 29420.0], [71385.0, 160.0], [71387.5, 7910.0], [71432.5, 50000.0]]}}}
{"jsonrpc": "2.0", "method": "subscription", "params": {"channel": "book.BTC-6FEB26.none.20.100ms", "data": {"timestamp": 1770288590755, "change_id": 138675290322, "instrument_name": "BTC-6FEB26", "bids": [[70982.5, 22170.0], [70980.0, 20540.0], [70977.5, 9750.0], [70975.0, 2700.0], [70972.5, 810.0], [70970.0, 3150.0], [70967.5, 2310.0], [70965.0, 3510.0], [70962.5, 3450.0], [70960.0, 3510.0], [70957.5, 3150.0], [70955.0, 890.0], [70952.5, 2990.0], [70910.0, 6100.0], [70907.5, 20430.0], [70897.5, 3070.0], [70895.0, 10280.0], [70872.5, 6100.0], [70870.0, 20440.0], [70862.5, 1970.0]], "asks": [[70987.5, 30430.0], [70990.0, 10.0], [70992.5, 2700.0], [70995.0, 80.0], [71007.5, 41780.0], [71055.0, 70040.0], [71057.5, 46210.0], [71067.5, 9950.0], [71187.5, 500.0], [71192.5, 50000.0], [71295.0, 10.0], [71297.5, 19600.0], [71352.5, 39160.0], [71372.5, 50040.0], [71422.5, 160.0], [71425.0, 9880.0], [71442.5, 50000.0], [71460.0, 40020.0], [71497.5, 60090.0], [71525.0, 31670.0]]}}}
{"jsonrpc": "2.0", "method": "subscription", "params": {"channel": "book.BTC-13FEB26.none.20.100ms", "data": {"timestamp": 1770288591084, "change_id": 138675291126, "instrument_name": "BTC-13FEB26", "bids": [[71007.5, 2670.0], [71005.0, 9360.0], [71002.5, 1500.0], [70995.0, 2300.0], [70992.5, 7700.0], [70952.5, 4460.0], [70950.0, 14930.0], [70940.0, 3100.0], [70937.5, 10400.0], [70895.0, 2870.0], [70892.5, 11360.0], [70890.0, 13890.0], [70887.5, 29960.0], [70865.0, 20.0], [70860.0, 1300.0], [70857.5, 4360.0], [70805.0, 40.0], [70800.0, 500.0], [70792.5, 32180.0], [70790.0, 30450.0]], "asks": [[71015.0, 8910.0], [71020.0, 1500.0], [71025.0, 2920.0], [71027.5, 20450.0], [71037.5, 80.0], [71042.5, 50000.0], [71045.0, 41800.0], [71047.5, 1520.0], [71050.0, 5090.0], [71080.0, 13790.0], [71082.5, 46210.0], [71105.0, 4850.0], [71112.5, 10230.0], [71172.5, 4530.0], [71245.0, 50000.0], [71247.5, 500.0], [71262.5, 14900.0], [71272.5, 1970.0], [71285.0, 50.0], [71335.0, 29420.0]]}}}
{"jsonrpc": "2.0", "method": "subscription", "params": {"channel": "book.BTC-6FEB26.none.20.100ms", "data": {"timestamp": 1770288590998, "change_id": 138675291050, "instrument_name": "BTC-6FEB26", "bids": [[70982.5, 17070.0], [70980.0, 20540.0], [70977.5, 9750.0], [70975.0, 2700.0], [70972.5, 810.0], [70970.0, 3150.0], [70967.5, 2310.0], [70965.0, 3510.0], [70962.5, 3450.0], [70960.0, 3510.0], [70957.5, 3150.0], [70955.0, 890.0], [70952.5, 2990.0], [70910.0, 6100.0], [70907.5, 20430.0], [70897.5, 3070.0], [70895.0, 10280.0], [70877.5, 20440.0], [70862.5, 1970.0], [70860.0, 7910.0]], "asks": [[70985.0, 7600.0], [70987.5, 1500.0], [70990.0, 20010.0], [70992.5, 11630.0], [70995.0, 80.0], [71005.0, 2000.0], [71007.5, 41780.0], [71055.0, 70040.0], [71057.5, 46210.0], [71067.5, 9950.0], [71187.5, 500.0], [71192.5, 50000.0], [71295.0, 10.0], [71297.5, 19600.0], [71352.5, 39160.0], [71372.5, 50040.0], [71422.5, 160.0], [71425.0, 9880.0], [71442.5, 50000.0], [71460.0, 40020.0]]}}}
{"jsonrpc": "2.0", "method": "subscription", "params": {"channel": "book.BTC-13FEB26.none.20.100ms", "data": {"timestamp": 1770288591167, "change_id": 138675291199, "instrument_name": "BTC-13FEB26", "bids": [[71007.5, 10.0], [71005.0, 450.0], [71002.5, 4160.0], [71000.0, 8910.0], [70995.0, 7020.0], [70992.5, 24490.0], [70952.5, 4460.0], [70950.0, 14930.0], [70940.0, 3100.0], [70937.5, 10400.0], [70895.0, 2870.0], [70892.5, 11360.0], [70890.0, 13890.0], [70887.5, 29960.0], [70865.0, 20.0], [70860.0, 1300.0], [70857.5, 4360.0], [70805.0, 40.0], [70800.0, 500.0], [70792.5, 32180.0]], "asks": [[71015.0, 8910.0], [71020.0, 1500.0], [71025.0, 2920.0], [71027.5, 20450.0], [71037.5, 80.0], [71042.5, 50000.0], [71045.0, 41800.0], [71047.5, 1520.0], [71050.0, 5090.0], [71080.0, 13790.0], [71082.5, 46210.0], [71105.0, 4850.0], [71112.5, 10230.0], [71172.5, 4530.0], [71245.0, 50000.0], [71247.5, 500.0], [71262.5, 14900.0], [71272.5, 1970.0], [71285.0, 50.0], [71335.0, 29420.0]]}}}
{"jsonrpc": "2.0", "method": "subscription", "params": {"channel": "book.BTC-6FEB26.none.20.100ms", "data": {"timestamp": 1770288591474, "change_id": 138675291956, "instrument_name": "BTC-6FEB26", "bids": [[70982.5, 17070.0], [70980.0, 20540.0], [70977.5, 9750.0], [70975.0, 2700.0], [70972.5, 810.0], [70970.0, 3900.0], [70967.5, 5010.0], [70965.0, 3510.0], [70962.5, 3450.0], [70960.0, 2700.0], [70955.0, 890.0], [70952.5, 2990.0], [70910.0, 6100.0], [70907.5, 20430.0], [70897.5, 3070.0], [70895.0, 10280.0], [70877.5, 20440.0], [70862.5, 1970.0], [70860.0, 7910.0], [70857.5, 12030.0]], "asks": [[70985.0, 7600.0], [70987.5, 4200.0], [70990.0, 20010.0], [70992.5, 11630.0], [70995.0, 80.0], [71005.0, 2000.0], [71007.5, 41780.0], [71055.0, 70040.0], [71057.5, 46210.0], [71067.5, 9950.0], [71187.5, 500.0], [71192.5, 50000.0], [71295.0, 10.0], [71297.5, 19600.0], [71352.5, 39160.0], [71372.5, 50040.0], [71422.5, 160.0], [71425.0, 9880.0], [71442.5, 50000.0], [71460.0, 40020.0]]}}}
{"jsonrpc": "2.0", "method": "subscription", "params": {"channel": "book.BTC-13FEB26.none.20.100ms", "data": {"timestamp": 1770288592074, "change_id": 138675292857, "instrument_name": "BTC-13FEB26", "bids": [[71007.5, 10.0], [71000.0, 2660.0], [70997.5, 9360.0], [70995.0, 1500.0], [70952.5, 4460.0], [70950.0, 14930.0], [70940.0, 3100.0], [70937.5, 10400.0], [70895.0, 2870.0], [70892.5, 11360.0], [70890.0, 13890.0], [70887.5, 29960.0], [70865.0, 20.0], [70860.0, 1300.0], [70857.5, 4360.0], [70805.0, 40.0], [70800.0, 500.0], [70792.5, 32180.0], [70790.0, 30450.0], [70782.5, 36780.0]], "asks": [[71010.0, 8910.0], [71020.0, 1500.0], [71025.0, 5600.0], [71027.5, 20450.0], [71030.0, 80.0], [71042.5, 50000.0], [71045.0, 41800.0], [71047.5, 1520.0], [71050.0, 5090.0], [71080.0, 13790.0], [71082.5, 46210.0], [71105.0, 4850.0], [71112.5, 10230.0], [71172.5, 4530.0], [71245.0, 50000.0], [71247.5, 500.0], [71262.5, 14900.0], [71272.5, 1970.0], [71285.0, 50.0], [71335.0, 29420.0]]}}}
{"jsonrpc": "2.0", "method": "subscription", "params": {"channel": "book.BTC-6FEB26.none.20.100ms", "data": {"timestamp": 1770288592024, "change_id": 138675292801, "instrument_name": "BTC-6FEB26", "bids": [[70980.0, 14370.0], [70977.5, 15180.0], [70975.0, 5380.0], [70972.5, 9740.0], [70970.0, 3450.0], [70967.5, 3510.0], [70965.0, 3510.0], [70962.5, 3450.0], [70960.0, 3150.0], [70957.5, 1500.0], [70955.0, 890.0], [70952.5, 2990.0], [70910.0, 6100.0], [70907.5, 20430.0], [70897.5, 3070.0], [70895.0, 10280.0], [70877.5, 20440.0], [70862.5, 1970.0], [70860.0, 7910.0], [70857.5, 12030.0]], "asks": [[70982.5, 4200.0], [70985.0, 7600.0], [70987.5, 11640.0], [70990.0, 20000.0], [70992.5, 2700.0], [70995.0, 80.0], [71007.5, 41780.0], [71055.0, 70040.0], [71057.5, 46210.0], [71067.5, 9950.0], [71187.5, 500.0], [71192.5, 50000.0], [71295.0, 10.0], [71297.5, 19600.0], [71352.5, 39160.0], [71372.5, 50040.0], [71422.5, 160.0], [71425.0, 9880.0], [71442.5, 50000.0], [71460.0, 40020.0]]}}}
{"jsonrpc": "2.0", "method": "subscription", "params": {"channel": "book.BTC-13FEB26.none.20.100ms", "data": {"timestamp": 1770288592330, "change_id": 138675293325, "instrument_name": "BTC-13FEB26", "bids": [[71007.5, 10.0], [71000.0, 2660.0], [70997.5, 9360.0], [70995.0, 1500.0], [70952.5, 4460.0], [70950.0, 14930.0], [70940.0, 3100.0], [70937.5, 10400.0], [70895.0, 2870.0], [70892.5, 11360.0], [70890.0, 13890.0], [70887.5, 29960.0], [70865.0, 20.0], [70860.0, 1300.0], [70857.5, 4360.0], [70805.0, 40.0], [70800.0, 500.0], [70792.5, 32180.0], [70790.0, 30450.0], [70782.5, 36780.0]], "asks": [[71010.0, 8910.0], [71017.5, 450.0], [71020.0, 2190.0], [71022.5, 2300.0], [71025.0, 5600.0], [71027.5, 20450.0], [71030.0, 80.0], [71035.0, 5310.0], [71037.5, 41480.0], [71042.5, 50000.0], [71047.5, 1520.0], [71050.0, 5090.0], [71080.0, 13790.0], [71082.5, 46210.0], [71105.0, 4850.0], [71112.5, 10230.0], [71172.5, 4530.0], [71245.0, 50000.0], [71247.5, 500.0], [71262.5, 14900.0]]}}}
{"jsonrpc": "2.0", "method": "subscription", "params": {"channel": "book.BTC-6FEB26.none.20.100ms", "data": {"timestamp": 1770288592233, "change_id": 138675293110, "instrument_name": "BTC-6FEB26", "bids": [[70980.0, 14370.0], [70977.5, 15180.0], [70975.0, 5380.0], [70972.5, 9740.0], [70970.0, 3450.0], [70967.5, 3510.0], [70965.0, 3850.0], [70962.5, 4950.0], [70960.0, 2700.0], [70955.0, 890.0], [70952.5, 2990.0], [70910.0, 6100.0], [70907.5, 20430.0], [70897.5, 3070.0], [70895.0, 10280.0], [70877.5, 20440.0], [70862.5, 1970.0], [70860.0, 7910.0], [70857.5, 12030.0], [70855.0, 40310.0]], "asks": [[70982.5, 4200.0], [70985.0, 2700.0], [70987.5, 11640.0], [70990.0, 20000.0], [70992.5, 2700.0], [70995.0, 80.0], [70997.5, 43460.0], [71055.0, 70040.0], [71057.5, 46210.0], [71067.5, 9950.0], [71187.5, 500.0], [71192.5, 50000.0], [71295.0, 10.0], [71297.5, 19600.0], [71352.5, 39160.0], [71372.5, 50040.0], [71422.5, 160.0], [71425.0, 9880.0], [71442.5, 50000.0], [71460.0, 40020.0]]}}}
{"jsonrpc": "2.0", "method": "subscription", "params": {"channel": "book.BTC-13FEB26.none.20.100ms", "data": {"timestamp": 1770288592636, "change_id": 138675294035, "instrument_name": "BTC-13FEB26", "bids": [[71007.5, 10.0], [71002.5, 450.0], [71000.0, 4160.0], [70997.5, 8910.0], [70952.5, 4460.0], [70950.0, 14930.0], [70940.0, 3100.0], [70937.5, 10400.0], [70895.0, 2870.0], [70892.5, 11360.0], [70890.0, 13890.0], [70887.5, 29960.0], [70865.0, 20.0], [70860.0, 1300.0], [70857.5, 4360.0], [70805.0, 40.0], [70800.0, 500.0], [70792.5, 32180.0], [70790.0, 30450.0], [70782.5, 36780.0]], "asks": [[71010.0, 8910.0], [71020.0, 690.0], [71022.5, 3800.0], [71025.0, 5600.0], [71027.5, 20450.0], [71030.0, 80.0], [71035.0, 55310.0], [71037.5, 41480.0], [71047.5, 1520.0], [71050.0, 5090.0], [71080.0, 13790.0], [71082.5, 46210.0], [71105.0, 4850.0], [71112.5, 10230.0], [71172.5, 4530.0], [71245.0, 50000.0], [71247.5, 500.0], [71262.5, 14900.0], [71272.5, 1970.0], [71285.0, 50.0]]}}}
{"jsonrpc": "2.0", "method": "subscription", "params": {"channel": "book.BTC-6FEB26.none.20.100ms", "data": {"timestamp": 1770288592712, "change_id": 138675294152, "instrument_name": "BTC-6FEB26", "bids": [[70980.0, 14370.0], [70977.5, 15180.0], [70975.0, 5380.0], [70972.5, 9740.0], [70970.0, 3860.0], [70967.5, 5010.0], [70965.0, 2700.0], [70957.5, 2700.0], [70955.0, 890.0], [70952.5, 2990.0], [70910.0, 6100.0], [70907.5, 20430.0], [70897.5, 3070.0], [70895.0, 10280.0], [70880.0, 6100.0], [70877.5, 20440.0], [70862.5, 1970.0], [70860.0, 7910.0], [70857.5, 12030.0], [70855.0, 40310.0]], "asks": [[70982.5, 2700.0], [70985.0, 2700.0], [70987.5, 11640.0], [70990.0, 21500.0], [70992.5, 2700.0], [70995.0, 2780.0], [70997.5, 41460.0], [71055.0, 70040.0], [71057.5, 46210.0], [71067.5, 9950.0], [71187.5, 500.0], [71192.5, 50000.0], [71295.0, 10.0], [71297.5, 19600.0], [71352.5, 39160.0], [71372.5, 50040.0], [71422.5, 160.0], [71425.0, 9880.0], [71442.5, 50000.0], [71460.0, 40020.0]]}}}
{"jsonrpc": "2.0", "method": "subscription", "params": {"channel": "book.BTC-13FEB26.none.20.100ms", "data": {"timestamp": 1770288592990, "change_id": 138675294533, "instrument_name": "BTC-13FEB26", "bids": [[71007.5, 10.0], [71002.5, 450.0], [71000.0, 4160.0], [70997.5, 8910.0], [70952.5, 4460.0], [70950.0, 14930.0], [70940.0, 3100.0], [70937.5, 10400.0], [70895.0, 2870.0], [70892.5, 11360.0], [70890.0, 13890.0], [70887.5, 29960.0], [70865.0, 20.0], [70860.0, 1300.0], [70857.5, 4360.0], [70805.0, 40.0], [70800.0, 500.0], [70792.5, 32180.0], [70790.0, 30450.0], [70782.5, 36780.0]], "asks": [[71015.0, 11210.0], [71020.0, 2990.0], [71022.5, 3800.0], [71025.0, 5600.0], [71027.5, 20450.0], [71030.0, 80.0], [71035.0, 55310.0], [71037.5, 41480.0], [71047.5, 1520.0], [71050.0, 5090.0], [71080.0, 13790.0], [71082.5, 46210.0], [71105.0, 4850.0], [71112.5, 10230.0], [71172.5, 4530.0], [71245.0, 50000.0], [71247.5, 500.0], [71262.5, 14900.0], [71272.5, 1970.0], [71285.0, 50.0]]}}}
{"jsonrpc": "2.0", "method": "subscription", "params": {"channel": "book.BTC-13FEB26.none.20.100ms", "data": {"timestamp": 1770288593398, "change_id": 138675295383, "instrument_name": "BTC-13FEB26", "bids": [[71007.5, 10.0], [71005.0, 2660.0], [71002.5, 10860.0], [70952.5, 4460.0], [70950.0, 14930.0], [70940.0, 3100.0], [70937.5, 10400.0], [70895.0, 2870.0], [70892.5, 11360.0], [70890.0, 13890.0], [70887.5, 29960.0], [70865.0, 20.0], [70860.0, 1300.0], [70857.5, 4360.0], [70805.0, 40.0], [70800.0, 500.0], [70792.5, 32180.0], [70790.0, 30450.0], [70782.5, 36780.0], [70755.0, 50000.0]], "asks": [[71022.5, 1500.0], [71027.5, 20000.0], [71035.0, 55310.0], [71037.5, 41480.0], [71047.5, 1520.0], [71050.0, 5090.0], [71080.0, 13790.0], [71082.5, 46210.0], [71105.0, 4850.0], [71112.5, 10230.0], [71172.5, 4530.0], [71245.0, 50000.0], [71247.5, 500.0], [71262.5, 14900.0], [71272.5, 1970.0], [71285.0, 50.0], [71335.0, 29420.0], [71352.5, 30580.0], [71385.0, 160.0], [71387.5, 7910.0]]}}}
{"jsonrpc": "2.0", "method": "subscription", "params": {"channel": "book.BTC-6FEB26.none.20.100ms", "data": {"timestamp": 1770288593400, "change_id": 138675295395, "instrument_name": "BTC-6FEB26", "bids": [[70982.5, 6990.0], [70980.0, 21330.0], [70977.5, 24110.0], [70975.0, 2710.0], [70972.5, 810.0], [70970.0, 3860.0], [70967.5, 5010.0], [70965.0, 2700.0], [70957.5, 2700.0], [70955.0, 890.0], [70952.5, 2990.0], [70910.0, 6100.0], [70907.5, 20430.0], [70897.5, 3070.0], [70895.0, 10280.0], [70880.0, 6100.0], [70877.5, 20440.0], [70862.5, 1970.0], [70860.0, 7910.0], [70857.5, 12030.0]], "asks": [[70987.5, 10.0], [70990.0, 21500.0], [70995.0, 2780.0], [71015.0, 41460.0], [71055.0, 70040.0], [71057.5, 46210.0], [71067.5, 9950.0], [71187.5, 500.0], [71192.5, 50000.0], [71295.0, 10.0], [71297.5, 19600.0], [71352.5, 39160.0], [71372.5, 50040.0], [71422.5, 160.0], [71425.0, 9880.0], [71442.5, 50000.0], [71460.0, 40020.0], [71497.5, 60090.0], [71525.0, 31670.0], [71550.0, 25000.0]]}}}
{"jsonrpc": "2.0", "method": "subscription", "params": {"channel": "book.BTC-13FEB26.none.20.100ms", "data": {"timestamp": 1770288593727, "change_id": 138675297466, "instrument_name": "BTC-13FEB26", "bids": [[71012.5, 1500.0], [71010.0, 8910.0], [71007.5, 10.0], [70997.5, 15660.0], [70995.0, 55140.0], [70952.5, 4460.0], [70950.0, 14930.0], [70940.0, 3100.0], [70937.5, 10400.0], [70895.0, 2280.0], [70892.5, 9880.0], [70890.0, 13890.0], [70887.5, 29960.0], [70865.0, 20.0], [70860.0, 1300.0], [70857.5, 4360.0], [70805.0, 40.0], [70800.0, 500.0], [70792.5, 32180.0], [70790.0, 30450.0]], "asks": [[71022.5, 8910.0], [71027.5, 2300.0], [71045.0, 6050.0], [71047.5, 28480.0], [71050.0, 55090.0], [71052.5, 41480.0], [71080.0, 13790.0], [71082.5, 46210.0], [71092.5, 1500.0], [71102.5, 1450.0], [71105.0, 4850.0], [71120.0, 9920.0], [71172.5, 4530.0], [71245.0, 50000.0], [71247.5, 500.0], [71262.5, 14900.0], [71272.5, 1970.0], [71285.0, 50.0], [71335.0, 29420.0], [71352.5, 30580.0]]}}}
{"jsonrpc": "2.0", "method": "subscription", "params": {"channel": "book.BTC-6FEB26.none.20.100ms", "data": {"timestamp": 1770288593727, "change_id": 138675297467, "instrument_name": "BTC-6FEB26", "bids": [[70987.5, 6170.0], [70985.0, 11640.0], [70982.5, 2700.0], [70980.0, 14370.0], [70977.5, 810.0], [70975.0, 2700.0], [70972.5, 1500.0], [70957.5, 2700.0], [70955.0, 890.0], [70952.5, 2990.0], [70910.0, 6100.0], [70907.5, 20430.0], [70897.5, 3070.0], [70895.0, 10280.0], [70877.5, 20440.0], [70862.5, 1970.0], [70860.0, 7910.0], [70855.0, 40310.0], [70780.0, 31670.0], [70750.0, 37280.0]], "asks": [[70990.0, 4900.0], [70992.5, 2400.0], [70997.5, 8940.0], [71005.0, 80.0], [71012.5, 20000.0], [71015.0, 41460.0], [71055.0, 71540.0], [71057.5, 46210.0], [71187.5, 500.0], [71242.5, 50000.0], [71295.0, 10.0], [71297.5, 19600.0], [71352.5, 39160.0], [71372.5, 50040.0], [71422.5, 160.0], [71425.0, 9880.0], [71442.5, 50000.0], [71460.0, 40020.0], [71497.5, 60090.0], [71525.0, 31670.0]]}}}
{"jsonrpc": "2.0", "method": "subscription", "params": {"channel": "book.BTC-13FEB26.none.20.100ms", "data": {"timestamp": 1770288594059, "change_id": 138675297982, "instrument_name": "BTC-13FEB26", "bids": [[71015.0, 450.0], [71012.5, 4160.0], [71010.0, 8910.0], [71007.5, 10.0], [70997.5, 15660.0], [70995.0, 55140.0], [70952.5, 4460.0], [70950.0, 14930.0], [70940.0, 3100.0], [70937.5, 10400.0], [70895.0, 2280.0], [70892.5, 11360.0], [70890.0, 13890.0], [70887.5, 29960.0], [70865.0, 20.0], [70860.0, 1300.0], [70857.5, 4360.0], [70805.0, 40.0], [70800.0, 500.0], [70792.5, 32180.0]], "asks": [[71022.5, 8910.0], [71027.5, 2300.0], [71035.0, 3550.0], [71037.5, 25030.0], [71040.0, 40570.0], [71045.0, 80.0], [71047.5, 8480.0], [71050.0, 55090.0], [71080.0, 13790.0], [71082.5, 46210.0], [71085.0, 1500.0], [71102.5, 1450.0], [71105.0, 4850.0], [71120.0, 9920.0], [71172.5, 4530.0], [71245.0, 50000.0], [71247.5, 500.0], [71262.5, 14900.0], [71272.5, 1970.0], [71285.0, 50.0]]}}}
{"jsonrpc": "2.0", "method": "subscription", "params": {"channel": "book.BTC-6FEB26.none.20.100ms", "data": {"timestamp": 1770288594059, "change_id": 138675297981, "instrument_name": "BTC-6FEB26", "bids": [[70987.5, 2700.0], [70985.0, 12440.0], [70982.5, 7000.0], [70980.0, 17520.0], [70977.5, 1500.0], [70957.5, 2700.0], [70955.0, 890.0], [70952.5, 2990.0], [70910.0, 6100.0], [70907.5, 20430.0], [70897.5, 3070.0], [70895.0, 10280.0], [70877.5, 20440.0], [70862.5, 1970.0], [70860.0, 7910.0], [70855.0, 40310.0], [70780.0, 31670.0], [70750.0, 37280.0], [70742.5, 38810.0], [70732.5, 50000.0]], "asks": [[70990.0, 4900.0], [70992.5, 2400.0], [70995.0, 2710.0], [70997.5, 8930.0], [71000.0, 40560.0], [71005.0, 80.0], [71012.5, 20000.0], [71050.0, 1500.0], [71055.0, 70040.0], [71057.5, 46210.0], [71075.0, 10080.0], [71187.5, 500.0], [71242.5, 50000.0], [71295.0, 10.0], [71297.5, 19600.0], [71352.5, 39160.0], [71372.5, 50040.0], [71422.5, 160.0], [71425.0, 9880.0], [71442.5, 50000.0]]}}}
{"jsonrpc": "2.0", "method": "subscription", "params": {"channel": "book.BTC-13FEB26.none.20.100ms", "data": {"timestamp": 1770288594375, "change_id": 138675298870, "instrument_name": "BTC-13FEB26", "bids": [[71020.0, 3050.0], [71017.5, 10410.0], [71007.5, 10.0], [70997.5, 6290.0], [70995.0, 21070.0], [70975.0, 4460.0], [70972.5, 14930.0], [70940.0, 3100.0], [70937.5, 10400.0], [70900.0, 1460.0], [70897.5, 4880.0], [70895.0, 2280.0], [70892.5, 9880.0], [70890.0, 9010.0], [70887.5, 29960.0], [70865.0, 20.0], [70860.0, 1300.0], [70857.5, 4360.0], [70805.0, 40.0], [70800.0, 500.0]], "asks": [[71037.5, 20000.0], [71040.0, 40570.0], [71042.5, 2000.0], [71050.0, 50000.0], [71055.0, 80.0], [71075.0, 1520.0], [71077.5, 5090.0], [71080.0, 13790.0], [71082.5, 46210.0], [71085.0, 1500.0], [71102.5, 1450.0], [71105.0, 4850.0], [71117.5, 2960.0], [71120.0, 9920.0], [71172.5, 4530.0], [71245.0, 50000.0], [71247.5, 500.0], [71262.5, 14900.0], [71272.5, 1970.0], [71285.0, 50.0]]}}}
{"jsonrpc": "2.0", "method": "subscription", "params": {"channel": "book.BTC-6FEB26.none.20.100ms", "data": {"timestamp": 1770288594392, "change_id": 138675299010, "instrument_name": "BTC-6FEB26", "bids": [[70992.5, 9740.0], [70990.0, 3510.0], [70987.5, 3520.0], [70985.0, 3850.0], [70982.5, 8490.0], [70980.0, 14370.0], [70957.5, 2700.0], [70955.0, 890.0], [70952.5, 2990.0], [70935.0, 6100.0], [70932.5, 20430.0], [70897.5, 3070.0], [70895.0, 10280.0], [70882.5, 20440.0], [70862.5, 1970.0], [70860.0, 7910.0], [70855.0, 40310.0], [70780.0, 31670.0], [70750.0, 37280.0], [70742.5, 38810.0]], "asks": [[70997.5, 20010.0], [71000.0, 40560.0], [71050.0, 1500.0], [71055.0, 70040.0], [71057.5, 46210.0], [71075.0, 10080.0], [71187.5, 500.0], [71242.5, 50000.0], [71295.0, 10.0], [71297.5, 19600.0], [71352.5, 39160.0], [71372.5, 50040.0], [71422.5, 160.0], [71425.0, 9880.0], [71442.5, 50000.0], [71460.0, 40020.0], [71497.5, 60090.0], [71525.0, 31670.0], [71550.0, 25000.0], [71575.0, 25000.0]]}}}
{"jsonrpc": "2.0", "method": "subscription", "params": {"channel": "book.BTC-13FEB26.none.20.100ms", "data": {"timestamp": 1770288594651, "change_id": 138675300049, "instrument_name": "BTC-13FEB26", "bids": [[71025.0, 3050.0], [71022.5, 10410.0], [71007.5, 10.0], [70975.0, 4460.0], [70972.5, 14930.0], [70940.0, 3100.0], [70937.5, 10400.0], [70910.0, 1460.0], [70907.5, 4880.0], [70895.0, 2280.0], [70892.5, 9880.0], [70890.0, 9010.0], [70887.5, 29960.0], [70865.0, 20.0], [70860.0, 1300.0], [70857.5, 4360.0], [70805.0, 40.0], [70800.0, 500.0], [70792.5, 32180.0], [70790.0, 30450.0]], "asks": [[71035.0, 8910.0], [71037.5, 20000.0], [71040.0, 40570.0], [71047.5, 3730.0], [71050.0, 50000.0], [71055.0, 80.0], [71075.0, 1520.0], [71077.5, 5090.0], [71080.0, 13790.0], [71082.5, 46210.0], [71085.0, 1500.0], [71102.5, 1450.0], [71105.0, 4850.0], [71117.5, 2960.0], [71120.0, 9920.0], [71172.5, 4530.0], [71245.0, 50000.0], [71247.5, 500.0], [71262.5, 14900.0], [71272.5, 1970.0]]}}}
{"jsonrpc": "2.0", "method": "subscription", "params": {"channel": "book.BTC-6FEB26.none.20.100ms", "data": {"timestamp": 1770288594633, "change_id": 138675299993, "instrument_name": "BTC-6FEB26", "bids": [[70992.5, 9740.0], [70990.0, 3850.0], [70987.5, 5020.0], [70985.0, 3510.0], [70982.5, 6990.0], [70980.0, 14370.0], [70960.0, 810.0], [70957.5, 2700.0], [70955.0, 890.0], [70952.5, 2990.0], [70935.0, 6100.0], [70932.5, 20430.0], [70897.5, 3070.0], [70895.0, 10280.0], [70865.0, 20440.0], [70862.5, 1970.0], [70860.0, 7910.0], [70855.0, 40310.0], [70780.0, 31670.0], [70750.0, 37280.0]], "asks": [[70997.5, 20000.0], [71000.0, 40570.0], [71007.5, 8930.0], [71015.0, 2780.0], [71050.0, 1500.0], [71055.0, 70040.0], [71057.5, 46210.0], [71075.0, 10080.0], [71187.5, 500.0], [71242.5, 50000.0], [71295.0, 10.0], [71297.5, 19600.0], [71352.5, 39160.0], [71372.5, 50040.0], [71422.5, 160.0], [71425.0, 9880.0], [71442.5, 50000.0], [71460.0, 40020.0], [71497.5, 60090.0], [71525.0, 31670.0]]}}}
{"jsonrpc": "2.0", "method": "subscription", "params": {"channel": "book.BTC-13FEB26.none.20.100ms", "data": {"timestamp": 1770288594859, "change_id": 138675300447, "instrument_name": "BTC-13FEB26", "bids": [[71025.0, 450.0], [71022.5, 1500.0], [71020.0, 2660.0], [71017.5, 8910.0], [71007.5, 10.0], [70975.0, 4460.0], [70972.5, 14930.0], [70940.0, 3100.0], [70937.5, 10400.0], [70910.0, 1460.0], [70907.5, 4880.0], [70895.0, 2280.0], [70892.5, 9880.0], [70890.0, 9010.0], [70887.5, 29960.0], [70865.0, 20.0], [70860.0, 1300.0], [70857.5, 4360.0], [70805.0, 40.0], [70800.0, 500.0]], "asks": [[71035.0, 8910.0], [71037.5, 20000.0], [71040.0, 40570.0], [71047.5, 3730.0], [71050.0, 50000.0], [71055.0, 80.0], [71075.0, 1520.0], [71077.5, 5540.0], [71080.0, 15290.0], [71082.5, 46210.0], [71102.5, 1450.0], [71105.0, 4850.0], [71117.5, 2960.0], [71120.0, 9920.0], [71172.5, 4530.0], [71245.0, 50000.0], [71247.5, 500.0], [71262.5, 14900.0], [71272.5, 1970.0], [71285.0, 50.0]]}}}
{"jsonrpc": "2.0", "method": "subscription", "params": {"channel": "book.BTC-6FEB26.none.20.100ms", "data": {"timestamp": 1770288594891, "change_id": 138675300491, "instrument_name": "BTC-6FEB26", "bids": [[70992.5, 9740.0], [70990.0, 3850.0], [70987.5, 5020.0], [70985.0, 3510.0], [70982.5, 6990.0], [70980.0, 14370.0], [70960.0, 810.0], [70957.5, 2700.0], [70955.0, 890.0], [70952.5, 2990.0], [70935.0, 6100.0], [70932.5, 20430.0], [70897.5, 3070.0], [70895.0, 10280.0], [70865.0, 20440.0], [70862.5, 1970.0], [70860.0, 7910.0], [70855.0, 40310.0], [70780.0, 31670.0], [70750.0, 37280.0]], "asks": [[70997.5, 20000.0], [71000.0, 40570.0], [71007.5, 8930.0], [71015.0, 2780.0], [71040.0, 1500.0], [71055.0, 70040.0], [71057.5, 46210.0], [71075.0, 10080.0], [71187.5, 500.0], [71242.5, 50000.0], [71295.0, 10.0], [71297.5, 19600.0], [71352.5, 39160.0], [71372.5, 50040.0], [71422.5, 160.0], [71425.0, 9880.0], [71442.5, 50000.0], [71460.0, 40020.0], [71497.5, 60090.0], [71525.0, 31670.0]]}}}
{"jsonrpc": "2.0", "method": "subscription", "params": {"channel": "book.BTC-13FEB26.none.20.100ms", "data": {"timestamp": 1770288595296, "change_id": 138675301557, "instrument_name": "BTC-13FEB26", "bids": [[71007.5, 2670.0], [71005.0, 8910.0], [70975.0, 4460.0], [70972.5, 14930.0], [70940.0, 3100.0], [70937.5, 10400.0], [70910.0, 1460.0], [70907.5, 4880.0], [70895.0, 2280.0], [70892.5, 9880.0], [70890.0, 9010.0], [70887.5, 29960.0], [70865.0, 20.0], [70860.0, 1300.0], [70857.5, 4360.0], [70805.0, 40.0], [70800.0, 500.0], [70792.5, 32180.0], [70790.0, 30450.0], [70782.5, 36780.0]], "asks": [[71020.0, 8910.0], [71035.0, 3950.0], [71037.5, 21610.0], [71040.0, 40570.0], [71047.5, 7200.0], [71050.0, 50000.0], [71070.0, 450.0], [71072.5, 1500.0], [71075.0, 1520.0], [71077.5, 5090.0], [71080.0, 13790.0], [71082.5, 46210.0], [71102.5, 1450.0], [71105.0, 4850.0], [71117.5, 2960.0], [71120.0, 9920.0], [71172.5, 4530.0], [71245.0, 50000.0], [71247.5, 500.0], [71262.5, 14900.0]]}}}
{"jsonrpc": "2.0", "method": "subscription", "params": {"channel": "book.BTC-6FEB26.none.20.100ms", "data": {"timestamp": 1770288595291, "change_id": 138675301545, "instrument_name": "BTC-6FEB26", "bids": [[70987.5, 810.0], [70985.0, 3510.0], [70982.5, 9120.0], [70980.0, 23300.0], [70960.0, 810.0], [70957.5, 2700.0], [70955.0, 890.0], [70952.5, 2990.0], [70935.0, 6100.0], [70932.5, 20430.0], [70897.5, 3070.0], [70895.0, 10280.0], [70865.0, 20440.0], [70862.5, 1970.0], [70860.0, 7910.0], [70855.0, 40310.0], [70780.0, 31670.0], [70750.0, 37280.0], [70742.5, 38810.0], [70732.5, 50000.0]], "asks": [[70995.0, 11640.0], [70997.5, 20000.0], [71000.0, 40560.0], [71007.5, 80.0], [71015.0, 2700.0], [71035.0, 1500.0], [71055.0, 70040.0], [71057.5, 46210.0], [71075.0, 10080.0], [71187.5, 500.0], [71242.5, 50000.0], [71295.0, 10.0], [71297.5, 19600.0], [71352.5, 39160.0], [71372.5, 50040.0], [71422.5, 160.0], [71425.0, 9880.0], [71442.5, 50000.0], [71460.0, 40020.0], [71497.5, 60090.0]]}}}
{"jsonrpc": "2.0", "method": "subscription", "params": {"channel": "book.BTC-13FEB26.none.20.100ms", "data": {"timestamp": 1770288595559, "change_id": 138675302625, "instrument_name": "BTC-13FEB26", "bids": [[71010.0, 450.0], [71007.5, 4170.0], [71005.0, 8910.0], [70975.0, 4460.0], [70972.5, 14930.0], [70940.0, 3100.0], [70937.5, 10400.0], [70910.0, 1460.0], [70907.5, 4880.0], [70895.0, 2280.0], [70892.5, 9880.0], [70890.0, 9010.0], [70887.5, 29960.0], [70865.0, 20.0], [70860.0, 1300.0], [70857.5, 4360.0], [70805.0, 40.0], [70800.0, 500.0], [70792.5, 32180.0], [70790.0, 30450.0]], "asks": [[71020.0, 8910.0], [71032.5, 600.0], [71035.0, 6640.0], [71037.5, 20000.0], [71040.0, 40650.0], [71047.5, 7120.0], [71050.0, 50000.0], [71057.5, 450.0], [71060.0, 1500.0], [71075.0, 1520.0], [71077.5, 5090.0], [71080.0, 13790.0], [71082.5, 46210.0], [71102.5, 1450.0], [71105.0, 4850.0], [71117.5, 2960.0], [71120.0, 9920.0], [71172.5, 4530.0], [71245.0, 50000.0], [71247.5, 500.0]]}}}
{"jsonrpc": "2.0", "method": "subscription", "params": {"channel": "book.BTC-6FEB26.none.20.100ms", "data": {"timestamp": 1770288595477, "change_id": 138675302455, "instrument_name": "BTC-6FEB26", "bids": [[70987.5, 3510.0], [70985.0, 3520.0], [70982.5, 9110.0], [70980.0, 23300.0], [70972.5, 450.0], [70970.0, 1500.0], [70960.0, 810.0], [70957.5, 2700.0], [70955.0, 890.0], [70952.5, 2990.0], [70935.0, 6100.0], [70932.5, 20430.0], [70897.5, 3070.0], [70895.0, 10280.0], [70865.0, 20440.0], [70862.5, 1970.0], [70860.0, 7910.0], [70855.0, 40310.0], [70780.0, 31670.0], [70750.0, 37280.0]], "asks": [[70992.5, 2700.0], [70995.0, 11640.0], [70997.5, 20000.0], [71000.0, 40640.0], [71005.0, 2000.0], [71022.5, 1500.0], [71055.0, 70040.0], [71057.5, 46210.0], [71075.0, 10080.0], [71187.5, 500.0], [71242.5, 50000.0], [71295.0, 10.0], [71297.5, 19600.0], [71352.5, 39160.0], [71372.5, 50040.0], [71422.5, 160.0], [71425.0, 9880.0], [71442.5, 50000.0], [71460.0, 40020.0], [71497.5, 60090.0]]}}}
{"jsonrpc": "2.0", "method": "subscription", "params": {"channel": "book.BTC-13FEB26.none.20.100ms", "data": {"timestamp": 1770288596045, "change_id": 138675303511, "instrument_name": "BTC-13FEB26", "bids": [[71007.5, 10.0], [70975.0, 4460.0], [70972.5, 14930.0], [70940.0, 3100.0], [70937.5, 10400.0], [70910.0, 1460.0], [70907.5, 4880.0], [70895.0, 2280.0], [70892.5, 9880.0], [70890.0, 9010.0], [70887.5, 29960.0], [70865.0, 20.0], [70860.0, 1300.0], [70857.5, 4360.0], [70805.0, 40.0], [70800.0, 500.0], [70792.5, 32180.0], [70790.0, 30450.0], [70782.5, 36780.0], [70755.0, 50000.0]], "asks": [[71030.0, 4930.0], [71032.5, 40570.0], [71035.0, 4640.0], [71037.5, 20000.0], [71040.0, 80.0], [71047.5, 7120.0], [71050.0, 51500.0], [71075.0, 1520.0], [71077.5, 5090.0], [71080.0, 13790.0], [71082.5, 46210.0], [71102.5, 1450.0], [71105.0, 4850.0], [71117.5, 2960.0], [71120.0, 9920.0], [71172.5, 4530.0], [71245.0, 50000.0], [71247.5, 500.0], [71262.5, 14900.0], [71272.5, 1970.0]]}}}
{"jsonrpc": "2.0", "method": "subscription", "params": {"channel": "book.BTC-6FEB26.none.20.100ms", "data": {"timestamp": 1770288596047, "change_id": 138675303518, "instrument_name": "BTC-6FEB26", "bids": [[70982.5, 4300.0], [70980.0, 14370.0], [70972.5, 450.0], [70970.0, 1500.0], [70960.0, 810.0], [70957.5, 2700.0], [70955.0, 890.0], [70952.5, 2990.0], [70935.0, 6100.0], [70932.5, 20430.0], [70897.5, 3070.0], [70895.0, 10280.0], [70865.0, 20440.0], [70862.5, 1970.0], [70860.0, 7910.0], [70855.0, 40310.0], [70780.0, 31670.0], [70750.0, 37280.0], [70742.5, 38810.0], [70732.5, 50000.0]], "asks": [[70990.0, 11630.0], [70992.5, 43260.0], [70995.0, 2710.0], [70997.5, 20000.0], [71000.0, 80.0], [71012.5, 1500.0], [71055.0, 70040.0], [71057.5, 46210.0], [71075.0, 10080.0], [71187.5, 500.0], [71242.5, 50000.0], [71295.0, 10.0], [71297.5, 19600.0], [71352.5, 39160.0], [71372.5, 50040.0], [71422.5, 160.0], [71425.0, 9880.0], [71442.5, 50000.0], [71460.0, 40020.0], [71497.5, 60090.0]]}}}
{"jsonrpc": "2.0", "method": "subscription", "params": {"channel": "book.BTC-13FEB26.none.20.100ms", "data": {"timestamp": 1770288596356, "change_id": 138675304188, "instrument_name": "BTC-13FEB26", "bids": [[71007.5, 460.0], [71005.0, 1500.0], [71002.5, 3050.0], [71000.0, 8910.0], [70975.0, 4460.0], [70972.5, 14930.0], [70940.0, 3100.0], [70937.5, 10400.0], [70897.5, 1460.0], [70895.0, 7160.0], [70892.5, 9880.0], [70890.0, 9010.0], [70887.5, 29960.0], [70865.0, 20.0], [70860.0, 1300.0], [70857.5, 4360.0], [70805.0, 40.0], [70800.0, 500.0], [70792.5, 32180.0], [70790.0, 30450.0]], "asks": [[71015.0, 8910.0], [71027.5, 4670.0], [71030.0, 20000.0], [71040.0, 80.0], [71042.5, 9440.0], [71045.0, 62420.0], [71047.5, 47700.0], [71075.0, 1520.0], [71077.5, 5090.0], [71080.0, 13790.0], [71082.5, 46210.0], [71102.5, 1450.0], [71105.0, 4850.0], [71117.5, 2960.0], [71120.0, 9920.0], [71172.5, 4530.0], [71245.0, 50000.0], [71247.5, 500.0], [71262.5, 14900.0], [71272.5, 1970.0]]}}}
{"jsonrpc": "2.0", "method": "subscription", "params": {"channel": "book.BTC-6FEB26.none.20.100ms", "data": {"timestamp": 1770288596303, "change_id": 138675303996, "instrument_name": "BTC-6FEB26", "bids": [[70982.5, 4290.0], [70980.0, 14370.0], [70977.5, 2680.0], [70975.0, 8930.0], [70970.0, 450.0], [70967.5, 1500.0], [70960.0, 810.0], [70957.5, 2700.0], [70955.0, 890.0], [70952.5, 2990.0], [70935.0, 6100.0], [70932.5, 20430.0], [70897.5, 3070.0], [70895.0, 10280.0], [70867.5, 20440.0], [70862.5, 1970.0], [70860.0, 7910.0], [70855.0, 40310.0], [70780.0, 31670.0], [70750.0, 37280.0]], "asks": [[70990.0, 11640.0], [70992.5, 2780.0], [70995.0, 22700.0], [71007.5, 42060.0], [71055.0, 70040.0], [71057.5, 46210.0], [71075.0, 10080.0], [71187.5, 500.0], [71242.5, 50000.0], [71265.0, 19600.0], [71295.0, 10.0], [71352.5, 39160.0], [71372.5, 50040.0], [71422.5, 160.0], [71425.0, 9880.0], [71442.5, 50000.0], [71460.0, 40020.0], [71497.5, 60090.0], [71525.0, 31670.0], [71550.0, 25000.0]]}}}
{"jsonrpc": "2.0", "method": "subscription", "params": {"channel": "book.BTC-13FEB26.none.20.100ms", "data": {"timestamp": 1770288596655, "change_id": 138675305023, "instrument_name": "BTC-13FEB26", "bids": [[71007.5, 460.0], [71005.0, 4160.0], [71002.5, 8910.0], [70975.0, 4460.0], [70972.5, 14930.0], [70940.0, 3100.0], [70937.5, 10400.0], [70895.0, 2280.0], [70892.5, 9880.0], [70890.0, 13890.0], [70887.5, 29960.0], [70865.0, 20.0], [70860.0, 1300.0], [70857.5, 4360.0], [70805.0, 40.0], [70800.0, 500.0], [70792.5, 32180.0], [70790.0, 30450.0], [70782.5, 36780.0], [70755.0, 50000.0]], "asks": [[71015.0, 8910.0], [71027.5, 4670.0], [71030.0, 22000.0], [71040.0, 80.0], [71042.5, 9440.0], [71045.0, 62420.0], [71047.5, 47700.0], [71075.0, 1520.0], [71077.5, 5090.0], [71080.0, 13790.0], [71082.5, 46210.0], [71102.5, 1450.0], [71105.0, 4850.0], [71117.5, 2960.0], [71120.0, 9920.0], [71172.5, 4530.0], [71245.0, 50000.0], [71247.5, 500.0], [71262.5, 14900.0], [71272.5, 1970.0]]}}}
{"jsonrpc": "2.0", "method": "subscription", "params": {"channel": "book.BTC-6FEB26.none.20.100ms", "data": {"timestamp": 1770288596658, "change_id": 138675305025, "instrument_name": "BTC-6FEB26", "bids": [[70982.5, 4290.0], [70980.0, 17050.0], [70977.5, 8930.0], [70970.0, 450.0], [70967.5, 1500.0], [70962.5, 2700.0], [70960.0, 810.0], [70957.5, 2700.0], [70955.0, 890.0], [70952.5, 2990.0], [70935.0, 6100.0], [70932.5, 20430.0], [70897.5, 3070.0], [70895.0, 10280.0], [70870.0, 20440.0], [70862.5, 1970.0], [70860.0, 7910.0], [70855.0, 40310.0], [70780.0, 31670.0], [70750.0, 37280.0]], "asks": [[70987.5, 2700.0], [70990.0, 11630.0], [70992.5, 2790.0], [70995.0, 20000.0], [71007.5, 42060.0], [71055.0, 70040.0], [71057.5, 46210.0], [71075.0, 10080.0], [71187.5, 500.0], [71242.5, 50000.0], [71265.0, 19600.0], [71295.0, 10.0], [71352.5, 39160.0], [71372.5, 50040.0], [71422.5, 160.0], [71425.0, 9880.0], [71442.5, 50000.0], [71460.0, 40020.0], [71497.5, 60090.0], [71525.0, 31670.0]]}}}
{"jsonrpc": "2.0", "method": "subscription", "params": {"channel": "book.BTC-13FEB26.none.20.100ms", "data": {"timestamp": 1770288597357, "change_id": 138675306252, "instrument_name": "BTC-13FEB26", "bids": [[71007.5, 460.0], [71005.0, 4160.0], [71002.5, 8910.0], [70975.0, 4460.0], [70972.5, 14930.0], [70940.0, 3100.0], [70937.5, 10400.0], [70895.0, 2280.0], [70892.5, 11360.0], [70890.0, 13890.0], [70887.5, 29960.0], [70865.0, 20.0], [70860.0, 1300.0], [70857.5, 4360.0], [70805.0, 40.0], [70800.0, 500.0], [70792.5, 32180.0], [70790.0, 30450.0], [70782.5, 36780.0], [70755.0, 50000.0]], "asks": [[71017.5, 2300.0], [71020.0, 11210.0], [71025.0, 690.0], [71027.5, 2900.0], [71030.0, 2000.0], [71037.5, 5990.0], [71040.0, 21580.0], [71042.5, 9440.0], [71045.0, 60920.0], [71047.5, 47700.0], [71075.0, 1520.0], [71077.5, 5090.0], [71080.0, 13790.0], [71082.5, 46210.0], [71102.5, 1450.0], [71105.0, 4850.0], [71117.5, 2960.0], [71120.0, 9920.0], [71172.5, 4530.0], [71242.5, 14900.0]]}}}
{"jsonrpc": "2.0", "method": "subscription", "params": {"channel": "book.BTC-6FEB26.none.20.100ms", "data": {"timestamp": 1770288597214, "change_id": 138675305932, "instrument_name": "BTC-6FEB26", "bids": [[70982.5, 4290.0], [70980.0, 17050.0], [70977.5, 8930.0], [70970.0, 450.0], [70967.5, 1500.0], [70962.5, 2700.0], [70960.0, 810.0], [70957.5, 2700.0], [70955.0, 890.0], [70952.5, 2990.0], [70935.0, 6100.0], [70932.5, 20430.0], [70897.5, 3070.0], [70895.0, 10280.0], [70870.0, 20440.0], [70862.5, 1970.0], [70860.0, 7910.0], [70855.0, 40310.0], [70780.0, 31670.0], [70750.0, 37280.0]], "asks": [[70987.5, 2700.0], [70990.0, 2700.0], [70992.5, 2790.0], [70995.0, 28930.0], [71007.5, 42060.0], [71055.0, 70040.0], [71057.5, 46210.0], [71075.0, 10080.0], [71187.5, 500.0], [71242.5, 50000.0], [71265.0, 19600.0], [71295.0, 10.0], [71352.5, 39160.0], [71372.5, 50040.0], [71422.5, 160.0], [71425.0, 9880.0], [71442.5, 50000.0], [71460.0, 40020.0], [71497.5, 60090.0], [71525.0, 31670.0]]}}}
{"jsonrpc": "2.0", "method": "subscription", "params": {"channel": "book.BTC-13FEB26.none.20.100ms", "data": {"timestamp": 1770288597648, "change_id": 138675307095, "instrument_name": "BTC-13FEB26", "bids": [[71007.5, 10.0], [71005.0, 2660.0], [71002.5, 8910.0], [71000.0, 450.0], [70997.5, 1500.0], [70975.0, 4460.0], [70972.5, 14930.0], [70940.0, 3100.0], [70937.5, 10400.0], [70895.0, 2280.0], [70892.5, 11360.0], [70890.0, 13890.0], [70887.5, 29960.0], [70865.0, 20.0], [70860.0, 1300.0], [70857.5, 4360.0], [70805.0, 40.0], [70800.0, 500.0], [70792.5, 32180.0], [70790.0, 30450.0]], "asks": [[71015.0, 11210.0], [71017.5, 2300.0], [71025.0, 1220.0], [71027.5, 4300.0], [71032.5, 80.0], [71035.0, 1500.0], [71037.5, 20000.0], [71042.5, 50000.0], [71045.0, 10920.0], [71047.5, 47700.0], [71075.0, 1520.0], [71077.5, 5090.0], [71080.0, 13790.0], [71082.5, 46210.0], [71102.5, 1450.0], [71105.0, 4850.0], [71117.5, 2960.0], [71120.0, 9920.0], [71172.5, 4530.0], [71242.5, 14900.0]]}}}
{"jsonrpc": "2.0", "method": "subscription", "params": {"channel": "book.BTC-6FEB26.none.20.100ms", "data": {"timestamp": 1770288597618, "change_id": 138675307015, "instrument_name": "BTC-6FEB26", "bids": [[70982.5, 4290.0], [70980.0, 17050.0], [70977.5, 8930.0], [70972.5, 810.0], [70970.0, 3150.0], [70967.5, 1500.0], [70965.0, 810.0], [70962.5, 2700.0], [70960.0, 810.0], [70957.5, 2700.0], [70955.0, 890.0], [70952.5, 2990.0], [70935.0, 6100.0], [70932.5, 20430.0], [70897.5, 3070.0], [70895.0, 10280.0], [70870.0, 20440.0], [70862.5, 1970.0], [70860.0, 7910.0], [70855.0, 40310.0]], "asks": [[70987.5, 2700.0], [70990.0, 11630.0], [70992.5, 2790.0], [70995.0, 20000.0], [70997.5, 3500.0], [71005.0, 2700.0], [71007.5, 40560.0], [71055.0, 70040.0], [71057.5, 46210.0], [71075.0, 10080.0], [71187.5, 500.0], [71242.5, 50000.0], [71265.0, 19600.0], [71295.0, 10.0], [71352.5, 39160.0], [71372.5, 50040.0], [71422.5, 160.0], [71425.0, 9880.0], [71442.5, 50000.0], [71460.0, 40020.0]]}}}
{"jsonrpc": "2.0", "method": "subscription", "params": {"channel": "book.BTC-13FEB26.none.20.100ms", "data": {"timestamp": 1770288597907, "change_id": 138675307681, "instrument_name": "BTC-13FEB26", "bids": [[71007.5, 10.0], [71000.0, 450.0], [70997.5, 1500.0], [70995.0, 2660.0], [70992.5, 8910.0], [70975.0, 4460.0], [70972.5, 14930.0], [70940.0, 3100.0], [70937.5, 10400.0], [70895.0, 2280.0], [70892.5, 11360.0], [70890.0, 13890.0], [70887.5, 29960.0], [70865.0, 20.0], [70860.0, 1300.0], [70857.5, 4360.0], [70805.0, 40.0], [70800.0, 500.0], [70792.5, 32180.0], [70790.0, 30450.0]], "asks": [[71010.0, 11210.0], [71015.0, 2300.0], [71030.0, 1500.0], [71032.5, 80.0], [71040.0, 60580.0], [71045.0, 50000.0], [71075.0, 1520.0], [71077.5, 5090.0], [71080.0, 13790.0], [71082.5, 46210.0], [71102.5, 1450.0], [71105.0, 4850.0], [71117.5, 2960.0], [71120.0, 9920.0], [71172.5, 4530.0], [71242.5, 14900.0], [71245.0, 50000.0], [71247.5, 500.0], [71272.5, 1970.0], [71285.0, 50.0]]}}}
{"jsonrpc": "2.0", "method": "subscription", "params": {"channel": "book.BTC-6FEB26.none.20.100ms", "data": {"timestamp": 1770288597992, "change_id": 138675307919, "instrument_name": "BTC-6FEB26", "bids": [[70980.0, 14370.0], [70975.0, 10.0], [70972.5, 810.0], [70970.0, 5310.0], [70967.5, 8930.0], [70965.0, 810.0], [70962.5, 3150.0], [70960.0, 2310.0], [70957.5, 2700.0], [70955.0, 890.0], [70952.5, 2990.0], [70935.0, 6100.0], [70932.5, 20430.0], [70897.5, 3070.0], [70895.0, 10280.0], [70870.0, 20440.0], [70862.5, 1970.0], [70860.0, 7910.0], [70855.0, 40310.0], [70780.0, 31670.0]], "asks": [[70985.0, 16530.0], [70987.5, 2710.0], [70990.0, 22700.0], [70992.5, 4280.0], [71000.0, 40560.0], [71005.0, 2700.0], [71055.0, 70040.0], [71057.5, 46210.0], [71075.0, 10080.0], [71187.5, 500.0], [71242.5, 50000.0], [71265.0, 19600.0], [71295.0, 10.0], [71352.5, 39160.0], [71372.5, 50040.0], [71422.5, 160.0], [71425.0, 9880.0], [71442.5, 50000.0], [71460.0, 40020.0], [71497.5, 60090.0]]}}}
{"jsonrpc": "2.0", "method": "subscription", "params": {"channel": "book.BTC-13FEB26.none.20.100ms", "data": {"timestamp": 1770288598284, "change_id": 138675308436, "instrument_name": "BTC-13FEB26", "bids": [[71007.5, 10.0], [71000.0, 3050.0], [70997.5, 10410.0], [70975.0, 4460.0], [70972.5, 14930.0], [70940.0, 3100.0], [70937.5, 10400.0], [70895.0, 2280.0], [70892.5, 11360.0], [70890.0, 13890.0], [70887.5, 29960.0], [70865.0, 20.0], [70860.0, 1300.0], [70857.5, 4360.0], [70805.0, 40.0], [70800.0, 500.0], [70792.5, 32180.0], [70790.0, 30450.0], [70782.5, 36780.0], [70755.0, 50000.0]], "asks": [[71015.0, 10710.0], [71027.5, 690.0], [71030.0, 2300.0], [71032.5, 80.0], [71035.0, 450.0], [71037.5, 8860.0], [71040.0, 60580.0], [71045.0, 50000.0], [71075.0, 1520.0], [71077.5, 5090.0], [71080.0, 13790.0], [71082.5, 46210.0], [71102.5, 1450.0], [71105.0, 4850.0], [71117.5, 2960.0], [71120.0, 9920.0], [71172.5, 4530.0], [71242.5, 14900.0], [71245.0, 50000.0], [71247.5, 500.0]]}}}
{"jsonrpc": "2.0", "method": "subscription", "params": {"channel": "book.BTC-6FEB26.none.20.100ms", "data": {"timestamp": 1770288598299, "change_id": 138675308476, "instrument_name": "BTC-6FEB26", "bids": [[70980.0, 17040.0], [70977.5, 8940.0], [70972.5, 810.0], [70970.0, 3150.0], [70965.0, 810.0], [70962.5, 3150.0], [70960.0, 2310.0], [70957.5, 2700.0], [70955.0, 890.0], [70952.5, 2990.0], [70935.0, 6100.0], [70932.5, 20430.0], [70897.5, 3070.0], [70895.0, 10280.0], [70870.0, 20440.0], [70862.5, 1970.0], [70860.0, 7910.0], [70855.0, 40310.0], [70780.0, 31670.0], [70750.0, 37280.0]], "asks": [[70985.0, 7600.0], [70987.5, 2700.0], [70990.0, 31640.0], [70992.5, 2780.0], [71000.0, 40560.0], [71002.5, 1500.0], [71005.0, 2700.0], [71055.0, 70040.0], [71057.5, 46210.0], [71075.0, 10080.0], [71187.5, 500.0], [71242.5, 50000.0], [71265.0, 19600.0], [71295.0, 10.0], [71352.5, 39160.0], [71372.5, 50040.0], [71422.5, 160.0], [71425.0, 9880.0], [71442.5, 50000.0], [71460.0, 40020.0]]}}}
{"jsonrpc": "2.0", "method": "subscription", "params": {"channel": "book.BTC-13FEB26.none.20.100ms", "data": {"timestamp": 1770288598575, "change_id": 138675309385, "instrument_name": "BTC-13FEB26", "bids": [[71007.5, 10.0], [71000.0, 3050.0], [70997.5, 10410.0], [70975.0, 4460.0], [70972.5, 14930.0], [70940.0, 3100.0], [70937.5, 10400.0], [70895.0, 2280.0], [70892.5, 11360.0], [70890.0, 13890.0], [70887.5, 29960.0], [70865.0, 20.0], [70860.0, 1300.0], [70857.5, 4360.0], [70805.0, 40.0], [70800.0, 500.0], [70792.5, 32180.0], [70790.0, 30450.0], [70782.5, 36780.0], [70755.0, 50000.0]], "asks": [[71015.0, 10710.0], [71025.0, 450.0], [71027.5, 2190.0], [71030.0, 2300.0], [71032.5, 80.0], [71037.5, 7360.0], [71040.0, 60580.0], [71045.0, 50000.0], [71075.0, 1520.0], [71077.5, 5090.0], [71080.0, 13790.0], [71082.5, 46210.0], [71102.5, 1450.0], [71105.0, 4850.0], [71117.5, 2960.0], [71120.0, 9920.0], [71172.5, 4530.0], [71242.5, 14900.0], [71245.0, 50000.0], [71247.5, 500.0]]}}}
{"jsonrpc": "2.0", "method": "subscription", "params": {"channel": "book.BTC-6FEB26.none.20.100ms", "data": {"timestamp": 1770288598542, "change_id": 138675309341, "instrument_name": "BTC-6FEB26", "bids": [[70980.0, 14370.0], [70977.5, 8930.0], [70975.0, 10.0], [70967.5, 810.0], [70965.0, 3510.0], [70962.5, 3150.0], [70960.0, 2310.0], [70957.5, 2700.0], [70955.0, 890.0], [70952.5, 2990.0], [70935.0, 6100.0], [70932.5, 20430.0], [70897.5, 3070.0], [70895.0, 10280.0], [70872.5, 20440.0], [70862.5, 1970.0], [70860.0, 7910.0], [70855.0, 40310.0], [70780.0, 31670.0], [70750.0, 37280.0]], "asks": [[70982.5, 2700.0], [70985.0, 2700.0], [70987.5, 2710.0], [70990.0, 31630.0], [70992.5, 1580.0], [71000.0, 40560.0], [71055.0, 70040.0], [71057.5, 46210.0], [71075.0, 10080.0], [71187.5, 500.0], [71242.5, 50000.0], [71265.0, 19600.0], [71295.0, 10.0], [71352.5, 39160.0], [71372.5, 50040.0], [71422.5, 160.0], [71425.0, 9880.0], [71442.5, 50000.0], [71460.0, 40020.0], [71497.5, 60090.0]]}}}
{"jsonrpc": "2.0", "method": "subscription", "params": {"channel": "book.BTC-13FEB26.none.20.100ms", "data": {"timestamp": 1770288598832, "change_id": 138675309824, "instrument_name": "BTC-13FEB26", "bids": [[71007.5, 10.0], [71005.0, 450.0], [71002.5, 1500.0], [71000.0, 3050.0], [70997.5, 8910.0], [70975.0, 4460.0], [70972.5, 14930.0], [70940.0, 3100.0], [70937.5, 10400.0], [70895.0, 2280.0], [70892.5, 11360.0], [70890.0, 13890.0], [70887.5, 29960.0], [70865.0, 20.0], [70860.0, 1300.0], [70857.5, 4360.0], [70805.0, 40.0], [70800.0, 500.0], [70792.5, 32180.0], [70790.0, 30450.0]], "asks": [[71015.0, 10710.0], [71027.5, 690.0], [71030.0, 2770.0], [71032.5, 1580.0], [71037.5, 7360.0], [71040.0, 60580.0], [71045.0, 50000.0], [71075.0, 1520.0], [71077.5, 5090.0], [71080.0, 13790.0], [71082.5, 46210.0], [71102.5, 1450.0], [71105.0, 4850.0], [71117.5, 2960.0], [71120.0, 9920.0], [71172.5, 4530.0], [71242.5, 14900.0], [71245.0, 50000.0], [71247.5, 500.0], [71272.5, 1970.0]]}}}
{"jsonrpc": "2.0", "method": "subscription", "params": {"channel": "book.BTC-6FEB26.none.20.100ms", "data": {"timestamp": 1770288598734, "change_id": 138675309583, "instrument_name": "BTC-6FEB26", "bids": [[70980.0, 14370.0], [70977.5, 8930.0], [70975.0, 10.0], [70967.5, 1150.0], [70965.0, 5010.0], [70962.5, 2700.0], [70960.0, 810.0], [70957.5, 2700.0], [70955.0, 890.0], [70952.5, 2990.0], [70935.0, 6100.0], [70932.5, 20430.0], [70897.5, 3070.0], [70895.0, 10280.0], [70872.5, 20440.0], [70862.5, 1970.0], [70860.0, 7910.0], [70855.0, 40310.0], [70780.0, 31670.0], [70750.0, 37280.0]], "asks": [[70982.5, 2700.0], [70985.0, 2700.0], [70987.5, 2710.0], [70990.0, 31630.0], [70992.5, 3580.0], [71000.0, 40560.0], [71055.0, 70040.0], [71057.5, 46210.0], [71075.0, 10080.0], [71187.5, 500.0], [71242.5, 50000.0], [71265.0, 19600.0], [71295.0, 10.0], [71352.5, 39160.0], [71372.5, 50040.0], [71422.5, 160.0], [71425.0, 9880.0], [71442.5, 50000.0], [71460.0, 40020.0], [71497.5, 60090.0]]}}}
{"jsonrpc": "2.0", "method": "subscription", "params": {"channel": "book.BTC-6FEB26.none.20.100ms", "data": {"timestamp": 1770288599100, "change_id": 138675310105, "instrument_name": "BTC-6FEB26", "bids": [[70980.0, 14370.0], [70977.5, 8930.0], [70975.0, 10.0], [70967.5, 1150.0], [70965.0, 5010.0], [70962.5, 2700.0], [70960.0, 810.0], [70957.5, 2700.0], [70955.0, 890.0], [70952.5, 2990.0], [70935.0, 6100.0], [70932.5, 20430.0], [70897.5, 3070.0], [70895.0, 10280.0], [70872.5, 20440.0], [70862.5, 1970.0], [70860.0, 7910.0], [70855.0, 40310.0], [70780.0, 31670.0], [70750.0, 37280.0]], "asks": [[70982.5, 2700.0], [70985.0, 2700.0], [70987.5, 2710.0], [70990.0, 31630.0], [70992.5, 1580.0], [71000.0, 40560.0], [71055.0, 70040.0], [71057.5, 46210.0], [71075.0, 10080.0], [71187.5, 500.0], [71242.5, 50000.0], [71265.0, 19600.0], [71295.0, 10.0], [71352.5, 39160.0], [71372.5, 50040.0], [71422.5, 160.0], [71425.0, 9880.0], [71442.5, 50000.0], [71460.0, 40020.0], [71497.5, 60090.0]]}}}
{"jsonrpc": "2.0", "method": "subscription", "params": {"channel": "book.BTC-13FEB26.none.20.100ms", "data": {"timestamp": 1770288599491, "change_id": 138675311106, "instrument_name": "BTC-13FEB26", "bids": [[71007.5, 10.0], [71005.0, 450.0], [71002.5, 4160.0], [71000.0, 8910.0], [70975.0, 4460.0], [70972.5, 14930.0], [70940.0, 3100.0], [70937.5, 10400.0], [70895.0, 2280.0], [70892.5, 11360.0], [70890.0, 13890.0], [70887.5, 29960.0], [70865.0, 20.0], [70860.0, 1300.0], [70857.5, 4360.0], [70805.0, 40.0], [70800.0, 500.0], [70792.5, 32180.0], [70790.0, 30450.0], [70782.5, 36780.0]], "asks": [[71015.0, 10710.0], [71025.0, 450.0], [71027.5, 2190.0], [71030.0, 2300.0], [71032.5, 80.0], [71037.5, 7360.0], [71040.0, 60580.0], [71042.5, 7910.0], [71045.0, 50000.0], [71075.0, 1520.0], [71077.5, 5090.0], [71080.0, 13790.0], [71082.5, 46210.0], [71102.5, 1450.0], [71105.0, 4850.0], [71117.5, 2960.0], [71120.0, 9920.0], [71172.5, 4530.0], [71242.5, 14900.0], [71245.0, 50000.0]]}}}
{"jsonrpc": "2.0", "method": "subscription", "params": {"channel": "book.BTC-6FEB26.none.20.100ms", "data": {"timestamp": 1770288599479, "change_id": 138675311026, "instrument_name": "BTC-6FEB26", "bids": [[70980.0, 14370.0], [70977.5, 2670.0], [70975.0, 8940.0], [70970.0, 810.0], [70967.5, 3040.0], [70965.0, 2310.0], [70962.5, 2700.0], [70960.0, 810.0], [70957.5, 2700.0], [70955.0, 890.0], [70952.5, 2990.0], [70935.0, 6100.0], [70932.5, 20430.0], [70897.5, 3070.0], [70895.0, 10280.0], [70872.5, 20440.0], [70862.5, 1970.0], [70860.0, 7910.0], [70855.0, 40310.0], [70780.0, 31670.0]], "asks": [[70982.5, 2700.0], [70985.0, 2700.0], [70987.5, 2710.0], [70990.0, 31630.0], [70992.5, 1580.0], [70997.5, 2700.0], [71000.0, 40560.0], [71055.0, 70040.0], [71057.5, 46210.0], [71075.0, 10080.0], [71187.5, 500.0], [71242.5, 50000.0], [71265.0, 19600.0], [71295.0, 10.0], [71352.5, 39160.0], [71372.5, 50040.0], [71422.5, 160.0], [71425.0, 9880.0], [71442.5, 50000.0], [71460.0, 40020.0]]}}}
{"jsonrpc": "2.0", "method": "subscription", "params": {"channel": "book.BTC-13FEB26.none.20.100ms", "data": {"timestamp": 1770288599830, "change_id": 138675311533, "instrument_name": "BTC-13FEB26", "bids": [[71007.5, 10.0], [71005.0, 450.0], [71002.5, 4160.0], [71000.0, 8910.0], [70975.0, 4460.0], [70972.5, 14930.0], [70940.0, 3100.0], [70937.5, 10400.0], [70895.0, 2280.0], [70892.5, 11360.0], [70890.0, 13890.0], [70887.5, 29960.0], [70865.0, 20.0], [70860.0, 1300.0], [70857.5, 4360.0], [70805.0, 40.0], [70800.0, 500.0], [70792.5, 32180.0], [70790.0, 30450.0], [70782.5, 36780.0]], "asks": [[71015.0, 8910.0], [71022.5, 1500.0], [71027.5, 690.0], [71030.0, 2300.0], [71032.5, 80.0], [71037.5, 7360.0], [71040.0, 60580.0], [71042.5, 7910.0], [71045.0, 50000.0], [71075.0, 1520.0], [71077.5, 5090.0], [71080.0, 13790.0], [71082.5, 46210.0], [71102.5, 1450.0], [71105.0, 4850.0], [71117.5, 2960.0], [71120.0, 9920.0], [71172.5, 4530.0], [71242.5, 14900.0], [71245.0, 50000.0]]}}}
{"jsonrpc": "2.0", "method": "subscription", "params": {"channel": "book.BTC-6FEB26.none.20.100ms", "data": {"timestamp": 1770288599824, "change_id": 138675311530, "instrument_name": "BTC-6FEB26", "bids": [[70980.0, 14370.0], [70977.5, 2670.0], [70975.0, 8940.0], [70970.0, 810.0], [70967.5, 3040.0], [70965.0, 2310.0], [70962.5, 2700.0], [70960.0, 810.0], [70957.5, 2700.0], [70955.0, 890.0], [70952.5, 2990.0], [70935.0, 6100.0], [70932.5, 20430.0], [70897.5, 3070.0], [70895.0, 10280.0], [70872.5, 20440.0], [70862.5, 1970.0], [70860.0, 7910.0], [70855.0, 40310.0], [70780.0, 31670.0]], "asks": [[70982.5, 2700.0], [70985.0, 2700.0], [70987.5, 4210.0], [70990.0, 31630.0], [70992.5, 80.0], [70997.5, 2700.0], [71000.0, 40560.0], [71055.0, 70040.0], [71057.5, 46210.0], [71075.0, 10080.0], [71187.5, 500.0], [71242.5, 50000.0], [71265.0, 19600.0], [71295.0, 10.0], [71352.5, 39160.0], [71372.5, 50040.0], [71422.5, 160.0], [71425.0, 9880.0], [71442.5, 50000.0], [71460.0, 40020.0]]}}}
{"jsonrpc": "2.0", "method": "subscription", "params": {"channel": "book.BTC-13FEB26.none.20.100ms", "data": {"timestamp": 1770288600214, "change_id": 138675312093, "instrument_name": "BTC-13FEB26", "bids": [[71010.0, 450.0], [71007.5, 4170.0], [71005.0, 9360.0], [70975.0, 4460.0], [70972.5, 14930.0], [70940.0, 3100.0], [70937.5, 10400.0], [70895.0, 2280.0], [70892.5, 11360.0], [70890.0, 13890.0], [70887.5, 29960.0], [70865.0, 20.0], [70860.0, 1300.0], [70857.5, 4360.0], [70805.0, 40.0], [70800.0, 500.0], [70792.5, 32180.0], [70790.0, 30450.0], [70782.5, 36780.0], [70755.0, 50000.0]], "asks": [[71015.0, 8910.0], [71022.5, 1500.0], [71027.5, 690.0], [71030.0, 4300.0], [71032.5, 80.0], [71037.5, 7360.0], [71040.0, 20000.0], [71042.5, 7910.0], [71045.0, 50000.0], [71047.5, 40580.0], [71075.0, 1520.0], [71077.5, 5090.0], [71080.0, 13790.0], [71082.5, 46210.0], [71102.5, 1450.0], [71105.0, 4850.0], [71117.5, 2960.0], [71120.0, 9920.0], [71172.5, 4530.0], [71242.5, 14900.0]]}}}
{"jsonrpc": "2.0", "method": "subscription", "params": {"channel": "book.BTC-6FEB26.none.20.100ms", "data": {"timestamp": 1770288600223, "change_id": 138675312112, "instrument_name": "BTC-6FEB26", "bids": [[70980.0, 23300.0], [70977.5, 10.0], [70972.5, 450.0], [70970.0, 2310.0], [70967.5, 3040.0], [70965.0, 810.0], [70962.5, 2700.0], [70960.0, 810.0], [70957.5, 2700.0], [70955.0, 890.0], [70952.5, 2990.0], [70935.0, 6100.0], [70932.5, 20430.0], [70897.5, 3070.0], [70895.0, 10280.0], [70872.5, 20440.0], [70862.5, 1970.0], [70860.0, 7910.0], [70855.0, 40310.0], [70780.0, 31670.0]], "asks": [[70985.0, 2700.0], [70987.5, 4200.0], [70990.0, 31640.0], [70992.5, 80.0], [70997.5, 2700.0], [71010.0, 40560.0], [71055.0, 70040.0], [71057.5, 46210.0], [71075.0, 10080.0], [71187.5, 500.0], [71242.5, 50000.0], [71265.0, 19600.0], [71295.0, 10.0], [71352.5, 39160.0], [71372.5, 50040.0], [71422.5, 160.0], [71425.0, 9880.0], [71442.5, 50000.0], [71460.0, 40020.0], [71497.5, 60090.0]]}}}
{"jsonrpc": "2.0", "method": "subscription", "params": {"channel": "book.BTC-13FEB26.none.20.100ms", "data": {"timestamp": 1770288600674, "change_id": 138675313358, "instrument_name": "BTC-13FEB26", "bids": [[71010.0, 9360.0], [71007.5, 1510.0], [70975.0, 4460.0], [70972.5, 14930.0], [70940.0, 3100.0], [70937.5, 10400.0], [70927.5, 8940.0], [70925.0, 29960.0], [70895.0, 2280.0], [70892.5, 11360.0], [70890.0, 4950.0], [70865.0, 20.0], [70860.0, 1300.0], [70857.5, 4360.0], [70805.0, 40.0], [70800.0, 500.0], [70792.5, 32180.0], [70790.0, 30450.0], [70782.5, 36780.0], [70755.0, 50000.0]], "asks": [[71020.0, 8910.0], [71030.0, 2300.0], [71032.5, 1500.0], [71037.5, 7360.0], [71040.0, 20000.0], [71042.5, 7910.0], [71045.0, 50000.0], [71047.5, 40660.0], [71075.0, 1520.0], [71077.5, 5090.0], [71080.0, 13790.0], [71082.5, 46210.0], [71102.5, 1450.0], [71105.0, 4850.0], [71117.5, 2960.0], [71120.0, 9920.0], [71172.5, 4530.0], [71242.5, 14900.0], [71245.0, 50000.0], [71247.5, 500.0]]}}}
{"jsonrpc": "2.0", "method": "subscription", "params": {"channel": "book.BTC-6FEB26.none.20.100ms", "data": {"timestamp": 1770288600676, "change_id": 138675313365, "instrument_name": "BTC-6FEB26", "bids": [[70985.0, 3510.0], [70982.5, 7800.0], [70980.0, 17080.0], [70972.5, 450.0], [70970.0, 2310.0], [70967.5, 3040.0], [70965.0, 810.0], [70962.5, 2700.0], [70960.0, 810.0], [70957.5, 2700.0], [70955.0, 890.0], [70952.5, 2990.0], [70935.0, 6100.0], [70932.5, 20430.0], [70897.5, 3070.0], [70895.0, 10280.0], [70872.5, 20440.0], [70862.5, 1970.0], [70860.0, 7910.0], [70855.0, 40310.0]], "asks": [[70990.0, 2700.0], [70992.5, 20010.0], [70997.5, 1500.0], [71000.0, 8930.0], [71005.0, 80.0], [71007.5, 2700.0], [71010.0, 40560.0], [71055.0, 70040.0], [71057.5, 46210.0], [71075.0, 10080.0], [71187.5, 500.0], [71242.5, 50000.0], [71265.0, 19600.0], [71295.0, 10.0], [71352.5, 39160.0], [71372.5, 50040.0], [71422.5, 160.0], [71425.0, 9880.0], [71442.5, 50000.0], [71460.0, 40020.0]]}}}
{"jsonrpc": "2.0", "method": "subscription", "params": {"channel": "book.BTC-13FEB26.none.20.100ms", "data": {"timestamp": 1770288600987, "change_id": 138675314510, "instrument_name": "BTC-13FEB26", "bids": [[71007.5, 3060.0], [71005.0, 20420.0], [71002.5, 36690.0], [71000.0, 34080.0], [70975.0, 4460.0], [70972.5, 14930.0], [70940.0, 3100.0], [70937.5, 10400.0], [70927.5, 8940.0], [70925.0, 29960.0], [70895.0, 2280.0], [70892.5, 11360.0], [70890.0, 4950.0], [70865.0, 20.0], [70860.0, 1300.0], [70857.5, 4360.0], [70805.0, 40.0], [70800.0, 500.0], [70792.5, 32180.0], [70790.0, 30450.0]], "asks": [[71020.0, 10910.0], [71027.5, 690.0], [71030.0, 2750.0], [71032.5, 1500.0], [71037.5, 7360.0], [71040.0, 20080.0], [71055.0, 54530.0], [71057.5, 40580.0], [71075.0, 1520.0], [71077.5, 5090.0], [71080.0, 13790.0], [71082.5, 46210.0], [71102.5, 1450.0], [71105.0, 4850.0], [71117.5, 2960.0], [71120.0, 9920.0], [71172.5, 4530.0], [71242.5, 14900.0], [71245.0, 50000.0], [71247.5, 500.0]]}}}
{"jsonrpc": "2.0", "method": "subscription", "params": {"channel": "book.BTC-6FEB26.none.20.100ms", "data": {"timestamp": 1770288601003, "change_id": 138675314560, "instrument_name": "BTC-6FEB26", "bids": [[70987.5, 810.0], [70985.0, 3510.0], [70982.5, 9820.0], [70980.0, 26000.0], [70967.5, 2700.0], [70955.0, 890.0], [70952.5, 2990.0], [70935.0, 6100.0], [70932.5, 20430.0], [70902.5, 12030.0], [70900.0, 40310.0], [70897.5, 3070.0], [70895.0, 10280.0], [70875.0, 20440.0], [70862.5, 1970.0], [70860.0, 7910.0], [70780.0, 31670.0], [70750.0, 37280.0], [70742.5, 38810.0], [70732.5, 50000.0]], "asks": [[70992.5, 16530.0], [70995.0, 7660.0], [70997.5, 1500.0], [71005.0, 80.0], [71007.5, 2700.0], [71017.5, 20000.0], [71020.0, 40560.0], [71055.0, 70040.0], [71057.5, 46210.0], [71075.0, 10080.0], [71187.5, 500.0], [71242.5, 50000.0], [71265.0, 19600.0], [71295.0, 10.0], [71297.5, 39160.0], [71372.5, 50040.0], [71422.5, 160.0], [71425.0, 9880.0], [71442.5, 50000.0], [71460.0, 40020.0]]}}}
{"jsonrpc": "2.0", "method": "subscription", "params": {"channel": "book.BTC-13FEB26.none.20.100ms", "data": {"timestamp": 1770288601324, "change_id": 138675315344, "instrument_name": "BTC-13FEB26", "bids": [[71007.5, 10.0], [70997.5, 2660.0], [70995.0, 8910.0], [70975.0, 4460.0], [70972.5, 14930.0], [70940.0, 3100.0], [70937.5, 10400.0], [70927.5, 8940.0], [70925.0, 29960.0], [70900.0, 1460.0], [70897.5, 4880.0], [70895.0, 2280.0], [70892.5, 9880.0], [70890.0, 70.0], [70865.0, 20.0], [70860.0, 1300.0], [70857.5, 4360.0], [70805.0, 40.0], [70800.0, 500.0], [70792.5, 32180.0]], "asks": [[71010.0, 8910.0], [71017.5, 3800.0], [71020.0, 2000.0], [71022.5, 600.0], [71025.0, 2000.0], [71032.5, 80.0], [71037.5, 7360.0], [71040.0, 20000.0], [71045.0, 50000.0], [71047.5, 40580.0], [71075.0, 1520.0], [71077.5, 5090.0], [71080.0, 13790.0], [71082.5, 46210.0], [71102.5, 1450.0], [71105.0, 4850.0], [71117.5, 2960.0], [71120.0, 9920.0], [71172.5, 4530.0], [71242.5, 14900.0]]}}}
{"jsonrpc": "2.0", "method": "subscription", "params": {"channel": "book.BTC-6FEB26.none.20.100ms", "data": {"timestamp": 1770288601295, "change_id": 138675315228, "instrument_name": "BTC-6FEB26", "bids": [[70980.0, 17070.0], [70977.5, 2680.0], [70975.0, 8930.0], [70970.0, 810.0], [70967.5, 3150.0], [70965.0, 1500.0], [70955.0, 890.0], [70952.5, 2990.0], [70935.0, 6100.0], [70932.5, 20430.0], [70902.5, 12030.0], [70900.0, 40310.0], [70897.5, 3070.0], [70895.0, 10280.0], [70875.0, 20440.0], [70862.5, 1970.0], [70860.0, 7910.0], [70780.0, 31670.0], [70750.0, 37280.0], [70742.5, 38810.0]], "asks": [[70985.0, 1500.0], [70987.5, 11630.0], [70990.0, 2790.0], [70992.5, 2700.0], [70995.0, 22700.0], [71010.0, 40560.0], [71055.0, 70040.0], [71057.5, 46210.0], [71075.0, 10080.0], [71187.5, 500.0], [71242.5, 50000.0], [71265.0, 19600.0], [71295.0, 10.0], [71297.5, 39160.0], [71372.5, 50040.0], [71422.5, 160.0], [71425.0, 9880.0], [71442.5, 50000.0], [71460.0, 40020.0], [71497.5, 60090.0]]}}}
{"jsonrpc": "2.0", "method": "subscription", "params": {"channel": "book.BTC-13FEB26.none.20.100ms", "data": {"timestamp": 1770288601647, "change_id": 138675316504, "instrument_name": "BTC-13FEB26", "bids": [[71007.5, 2670.0], [71005.0, 8910.0], [71000.0, 450.0], [70997.5, 1500.0], [70975.0, 4460.0], [70972.5, 14930.0], [70940.0, 3100.0], [70937.5, 10400.0], [70927.5, 8940.0], [70925.0, 29960.0], [70900.0, 1460.0], [70897.5, 4880.0], [70895.0, 2280.0], [70892.5, 9880.0], [70890.0, 70.0], [70865.0, 20.0], [70860.0, 1300.0], [70857.5, 4360.0], [70805.0, 40.0], [70800.0, 500.0]], "asks": [[71020.0, 8910.0], [71025.0, 1500.0], [71040.0, 5700.0], [71042.5, 20000.0], [71045.0, 50080.0], [71047.5, 40580.0], [71075.0, 1520.0], [71077.5, 5090.0], [71080.0, 13790.0], [71082.5, 46210.0], [71102.5, 1450.0], [71105.0, 4850.0], [71117.5, 2960.0], [71120.0, 9920.0], [71172.5, 4530.0], [71242.5, 14900.0], [71245.0, 50000.0], [71247.5, 500.0], [71272.5, 1970.0], [71285.0, 50.0]]}}}
{"jsonrpc": "2.0", "method": "subscription", "params": {"channel": "book.BTC-6FEB26.none.20.100ms", "data": {"timestamp": 1770288601649, "change_id": 138675316516, "instrument_name": "BTC-6FEB26", "bids": [[70985.0, 3510.0], [70982.5, 10460.0], [70980.0, 23310.0], [70970.0, 810.0], [70967.5, 3150.0], [70965.0, 1500.0], [70955.0, 890.0], [70952.5, 2990.0], [70935.0, 6100.0], [70932.5, 20430.0], [70902.5, 12030.0], [70900.0, 40310.0], [70897.5, 3070.0], [70895.0, 10280.0], [70875.0, 20440.0], [70862.5, 1970.0], [70860.0, 7910.0], [70780.0, 31670.0], [70750.0, 37280.0], [70742.5, 38810.0]], "asks": [[70990.0, 2700.0], [70992.5, 2710.0], [70995.0, 20000.0], [70997.5, 8930.0], [71002.5, 80.0], [71010.0, 40560.0], [71055.0, 70040.0], [71057.5, 46210.0], [71075.0, 10080.0], [71187.5, 500.0], [71242.5, 50000.0], [71265.0, 19600.0], [71295.0, 10.0], [71297.5, 39160.0], [71372.5, 50040.0], [71422.5, 160.0], [71425.0, 9880.0], [71442.5, 50000.0], [71460.0, 40020.0], [71497.5, 60090.0]]}}}
{"jsonrpc": "2.0", "method": "subscription", "params": {"channel": "book.BTC-13FEB26.none.20.100ms", "data": {"timestamp": 1770288601886, "change_id": 138675317012, "instrument_name": "BTC-13FEB26", "bids": [[71007.5, 2670.0], [71005.0, 9360.0], [71002.5, 1500.0], [70975.0, 4460.0], [70972.5, 14930.0], [70945.0, 590.0], [70942.5, 1970.0], [70940.0, 3100.0], [70937.5, 10400.0], [70927.5, 8940.0], [70925.0, 29960.0], [70900.0, 1460.0], [70897.5, 4880.0], [70895.0, 2280.0], [70892.5, 7910.0], [70890.0, 70.0], [70865.0, 20.0], [70860.0, 1300.0], [70857.5, 4360.0], [70805.0, 40.0]], "asks": [[71020.0, 8910.0], [71025.0, 1500.0], [71037.5, 80.0], [71040.0, 5700.0], [71042.5, 20000.0], [71045.0, 50000.0], [71047.5, 40580.0], [71075.0, 1520.0], [71077.5, 5090.0], [71080.0, 13790.0], [71082.5, 46210.0], [71102.5, 1450.0], [71105.0, 4850.0], [71117.5, 2960.0], [71120.0, 9920.0], [71172.5, 4530.0], [71242.5, 14900.0], [71245.0, 50000.0], [71247.5, 500.0], [71272.5, 1970.0]]}}}
{"jsonrpc": "2.0", "method": "subscription", "params": {"channel": "book.BTC-6FEB26.none.20.100ms", "data": {"timestamp": 1770288601879, "change_id": 138675317009, "instrument_name": "BTC-6FEB26", "bids": [[70985.0, 3510.0], [70982.5, 10460.0], [70980.0, 23310.0], [70972.5, 450.0], [70970.0, 2310.0], [70967.5, 2700.0], [70955.0, 890.0], [70952.5, 2990.0], [70935.0, 6100.0], [70932.5, 20430.0], [70902.5, 12030.0], [70900.0, 40310.0], [70897.5, 3070.0], [70895.0, 10280.0], [70875.0, 20440.0], [70862.5, 1970.0], [70860.0, 7910.0], [70780.0, 31670.0], [70750.0, 37280.0], [70742.5, 38810.0]], "asks": [[70987.5, 9100.0], [70990.0, 2700.0], [70992.5, 11640.0], [70995.0, 20080.0], [71010.0, 40560.0], [71055.0, 70040.0], [71057.5, 46210.0], [71075.0, 10080.0], [71187.5, 500.0], [71242.5, 50000.0], [71265.0, 19600.0], [71295.0, 10.0], [71297.5, 39160.0], [71372.5, 50040.0], [71422.5, 160.0], [71425.0, 9880.0], [71442.5, 50000.0], [71460.0, 40020.0], [71497.5, 60090.0], [71525.0, 31670.0]]}}}
{"jsonrpc": "2.0", "method": "subscription", "params": {"channel": "book.BTC-13FEB26.none.20.100ms", "data": {"timestamp": 1770288602331, "change_id": 138675317596, "instrument_name": "BTC-13FEB26", "bids": [[71007.5, 10.0], [71005.0, 450.0], [71002.5, 4160.0], [71000.0, 8910.0], [70975.0, 4460.0], [70972.5, 14930.0], [70945.0, 590.0], [70942.5, 1970.0], [70940.0, 3100.0], [70937.5, 10400.0], [70927.5, 8940.0], [70925.0, 29960.0], [70900.0, 1460.0], [70897.5, 4880.0], [70895.0, 2280.0], [70892.5, 7910.0], [70890.0, 70.0], [70865.0, 20.0], [70860.0, 1300.0], [70857.5, 4360.0]], "asks": [[71015.0, 11110.0], [71020.0, 3800.0], [71025.0, 600.0], [71027.5, 2000.0], [71035.0, 5990.0], [71037.5, 30150.0], [71040.0, 46270.0], [71045.0, 50000.0], [71075.0, 1520.0], [71077.5, 5090.0], [71080.0, 13790.0], [71082.5, 46210.0], [71102.5, 1450.0], [71105.0, 4850.0], [71117.5, 2960.0], [71120.0, 9920.0], [71172.5, 4530.0], [71242.5, 14900.0], [71245.0, 50000.0], [71247.5, 500.0]]}}}
{"jsonrpc": "2.0", "method": "subscription", "params": {"channel": "book.BTC-6FEB26.none.20.100ms", "data": {"timestamp": 1770288602331, "change_id": 138675317597, "instrument_name": "BTC-6FEB26", "bids": [[70982.5, 7760.0], [70980.0, 23310.0], [70970.0, 810.0], [70967.5, 2700.0], [70955.0, 890.0], [70952.5, 2990.0], [70935.0, 6100.0], [70932.5, 20430.0], [70902.5, 12030.0], [70900.0, 40310.0], [70897.5, 3070.0], [70895.0, 10280.0], [70875.0, 20440.0], [70862.5, 1970.0], [70860.0, 7910.0], [70780.0, 31670.0], [70750.0, 37280.0], [70742.5, 38810.0], [70732.5, 50000.0], [70717.5, 10.0]], "asks": [[70987.5, 9100.0], [70990.0, 2710.0], [70992.5, 11630.0], [70995.0, 20080.0], [70997.5, 2000.0], [71002.5, 40560.0], [71055.0, 70040.0], [71057.5, 46210.0], [71075.0, 10080.0], [71187.5, 500.0], [71242.5, 50000.0], [71265.0, 19600.0], [71295.0, 10.0], [71297.5, 39160.0], [71372.5, 50040.0], [71422.5, 160.0], [71425.0, 9880.0], [71442.5, 50000.0], [71460.0, 40020.0], [71497.5, 60090.0]]}}}
{"jsonrpc": "2.0", "method": "subscription", "params": {"channel": "book.BTC-13FEB26.none.20.100ms", "data": {"timestamp": 1770288602638, "change_id": 138675318438, "instrument_name": "BTC-13FEB26", "bids": [[71007.5, 10.0], [71005.0, 450.0], [71002.5, 4160.0], [71000.0, 8910.0], [70975.0, 4460.0], [70972.5, 14930.0], [70945.0, 590.0], [70942.5, 1970.0], [70940.0, 3100.0], [70937.5, 10400.0], [70927.5, 8940.0], [70925.0, 29960.0], [70900.0, 1460.0], [70897.5, 4880.0], [70895.0, 2280.0], [70892.5, 7910.0], [70890.0, 70.0], [70865.0, 20.0], [70860.0, 1300.0], [70857.5, 4360.0]], "asks": [[71015.0, 8910.0], [71017.5, 1130.0], [71020.0, 3800.0], [71030.0, 5670.0], [71032.5, 20000.0], [71035.0, 5990.0], [71037.5, 60150.0], [71040.0, 46270.0], [71075.0, 1520.0], [71077.5, 5090.0], [71080.0, 13790.0], [71082.5, 46210.0], [71102.5, 1450.0], [71105.0, 4850.0], [71117.5, 2960.0], [71120.0, 9920.0], [71172.5, 4530.0], [71242.5, 14900.0], [71245.0, 50000.0], [71247.5, 500.0]]}}}
{"jsonrpc": "2.0", "method": "subscription", "params": {"channel": "book.BTC-6FEB26.none.20.100ms", "data": {"timestamp": 1770288602651, "change_id": 138675318444, "instrument_name": "BTC-6FEB26", "bids": [[70980.0, 14370.0], [70977.5, 2680.0], [70975.0, 8930.0], [70967.5, 810.0], [70965.0, 3150.0], [70962.5, 1500.0], [70955.0, 890.0], [70952.5, 2990.0], [70935.0, 6100.0], [70932.5, 20430.0], [70902.5, 12030.0], [70900.0, 40310.0], [70897.5, 3070.0], [70895.0, 10280.0], [70875.0, 20440.0], [70862.5, 1970.0], [70860.0, 7910.0], [70780.0, 31670.0], [70750.0, 37280.0], [70742.5, 38810.0]], "asks": [[70985.0, 2700.0], [70987.5, 4200.0], [70990.0, 31640.0], [70992.5, 2700.0], [70995.0, 80.0], [71002.5, 40560.0], [71055.0, 70040.0], [71057.5, 46210.0], [71075.0, 10080.0], [71187.5, 500.0], [71242.5, 50000.0], [71265.0, 19600.0], [71295.0, 10.0], [71297.5, 39160.0], [71372.5, 50040.0], [71422.5, 160.0], [71425.0, 9880.0], [71442.5, 50000.0], [71460.0, 40020.0], [71497.5, 60090.0]]}}}
{"jsonrpc": "2.0", "method": "subscription", "params": {"channel": "book.BTC-13FEB26.none.20.100ms", "data": {"timestamp": 1770288602709, "change_id": 138675318631, "instrument_name": "BTC-13FEB26", "bids": [[71007.5, 10.0], [71005.0, 450.0], [71002.5, 4160.0], [71000.0, 8910.0], [70975.0, 4460.0], [70972.5, 14930.0], [70945.0, 590.0], [70942.5, 1970.0], [70940.0, 3100.0], [70937.5, 10400.0], [70927.5, 8940.0], [70925.0, 29960.0], [70900.0, 1460.0], [70897.5, 4880.0], [70895.0, 2280.0], [70892.5, 7910.0], [70890.0, 70.0], [70865.0, 20.0], [70860.0, 1300.0], [70857.5, 4360.0]], "asks": [[71015.0, 8910.0], [71020.0, 3800.0], [71030.0, 5670.0], [71032.5, 20000.0], [71035.0, 5990.0], [71037.5, 60150.0], [71040.0, 46270.0], [71075.0, 1520.0], [71077.5, 5090.0], [71080.0, 13790.0], [71082.5, 46210.0], [71102.5, 1450.0], [71105.0, 4850.0], [71117.5, 2960.0], [71120.0, 9920.0], [71172.5, 4530.0], [71242.5, 14900.0], [71245.0, 50000.0], [71247.5, 500.0], [71272.5, 1970.0]]}}}
{"jsonrpc": "2.0", "method": "subscription", "params": {"channel": "book.BTC-6FEB26.none.20.100ms", "data": {"timestamp": 1770288602966, "change_id": 138675319018, "instrument_name": "BTC-6FEB26", "bids": [[70980.0, 14370.0], [70977.5, 2670.0], [70975.0, 8940.0], [70967.5, 810.0], [70965.0, 3150.0], [70962.5, 1500.0], [70955.0, 890.0], [70952.5, 2990.0], [70935.0, 6100.0], [70932.5, 20430.0], [70902.5, 12030.0], [70900.0, 40310.0], [70897.5, 3070.0], [70895.0, 10280.0], [70877.5, 20440.0], [70862.5, 1970.0], [70860.0, 7910.0], [70780.0, 31670.0], [70750.0, 37280.0], [70742.5, 38810.0]], "asks": [[70982.5, 4200.0], [70985.0, 2700.0], [70987.5, 2710.0], [70990.0, 31630.0], [70992.5, 2700.0], [70995.0, 80.0], [71002.5, 40560.0], [71055.0, 70040.0], [71057.5, 46210.0], [71075.0, 10080.0], [71187.5, 500.0], [71242.5, 50000.0], [71265.0, 19600.0], [71295.0, 10.0], [71297.5, 39160.0], [71372.5, 50040.0], [71422.5, 160.0], [71425.0, 9880.0], [71442.5, 50000.0], [71460.0, 40020.0]]}}}
{"jsonrpc": "2.0", "method": "subscription", "params": {"channel": "book.BTC-13FEB26.none.20.100ms", "data": {"timestamp": 1770288603311, "change_id": 138675320008, "instrument_name": "BTC-13FEB26", "bids": [[71007.5, 10.0], [71002.5, 2660.0], [71000.0, 8910.0], [70997.5, 450.0], [70995.0, 1500.0], [70975.0, 4460.0], [70972.5, 14930.0], [70945.0, 590.0], [70942.5, 1970.0], [70940.0, 3100.0], [70937.5, 10400.0], [70927.5, 8940.0], [70925.0, 29960.0], [70900.0, 1460.0], [70897.5, 4880.0], [70895.0, 2280.0], [70892.5, 7910.0], [70890.0, 70.0], [70865.0, 20.0], [70860.0, 1300.0]], "asks": [[71010.0, 8910.0], [71015.0, 1500.0], [71025.0, 690.0], [71027.5, 2300.0], [71030.0, 5670.0], [71032.5, 20000.0], [71035.0, 5990.0], [71037.5, 60150.0], [71040.0, 46270.0], [71075.0, 1520.0], [71077.5, 5090.0], [71080.0, 13790.0], [71082.5, 46210.0], [71102.5, 1450.0], [71105.0, 4850.0], [71117.5, 2960.0], [71120.0, 9920.0], [71172.5, 4530.0], [71242.5, 14900.0], [71245.0, 50000.0]]}}}
