{"jsonrpc": "2.0", "method": "subscription", "params": {"channel": "book.BTC-4APR25.none.20.100ms", "data": {"timestamp": 1743521505836, "change_id": 95128816757, "instrument_name": "BTC-4APR25", "bids": [[84822.5, 2600.0], [84820.0, 780.0], [84817.5, 2600.0], [84815.0, 16950.0], [84812.5, 2600.0], [84810.0, 75440.0], [84807.5, 89570.0], [84805.0, 3000.0], [84802.5, 10000.0], [84797.5, 120.0], [84787.5, 3390.0], [84785.0, 11300.0], [84782.5, 3860.0], [84780.0, 12850.0], [84777.5, 3390.0], [84775.0, 11300.0], [84767.5, 3390.0], [84765.0, 11300.0], [84757.5, 3390.0], [84755.0, 11300.0]], "asks": [[84825.0, 14110.0], [84827.5, 6170.0], [84830.0, 11500.0], [84835.0, 1490.0], [84837.5, 2600.0], [84840.0, 4030.0], [84842.5, 4770.0], [84850.0, 6440.0], [84852.5, 11480.0], [84855.0, 10000.0], [84860.0, 3490.0], [84862.5, 11630.0], [84870.0, 3500.0], [84872.5, 11650.0], [84877.5, 9420.0], [84880.0, 24720.0], [84930.0, 3410.0], [84932.5, 11370.0], [84942.5, 3520.0], [84945.0, 11740.0]]}}}
{"jsonrpc": "2.0", "method": "subscription", "params": {"channel": "book.BTC-11APR25.none.20.100ms", "data": {"timestamp": 1743521506269, "change_id": 95128818573, "instrument_name": "BTC-11APR25", "bids": [[84895.0, 10410.0], [84892.5, 18800.0], [84890.0, 1900.0], [84887.5, 1900.0], [84885.0, 6670.0], [84882.5, 8690.0], [84880.0, 10020.0], [84870.0, 8490.0], [84865.0, 120.0], [84855.0, 50000.0], [84852.5, 8570.0], [84837.5, 8570.0], [84827.5, 8600.0], [84812.5, 8620.0], [84800.0, 6230.0], [84792.5, 8330.0], [84787.5, 3340.0], [84772.5, 8570.0], [84762.5, 8620.0], [84750.0, 8550.0]], "asks": [[84897.5, 1910.0], [84900.0, 1900.0], [84902.5, 2020.0], [84910.0, 1900.0], [84912.5, 13460.0], [84920.0, 10000.0], [84925.0, 8690.0], [84940.0, 8330.0], [84945.0, 6400.0], [84950.0, 8690.0], [84960.0, 2000.0], [84975.0, 8320.0], [84985.0, 8600.0], [84995.0, 8570.0], [85010.0, 8510.0], [85015.0, 20.0], [85040.0, 8320.0], [85052.5, 18180.0], [85060.0, 8490.0], [85072.5, 8600.0]]}}}
{"jsonrpc": "2.0", "method": "subscription", "params": {"channel": "book.BTC-4APR25.none.20.100ms", "data": {"timestamp": 1743521506255, "change_id": 95128818536, "instrument_name": "BTC-4APR25", "bids": [[84817.5, 2600.0], [84812.5, 2600.0], [84807.5, 4770.0], [84802.5, 10000.0], [84787.5, 11480.0], [84785.0, 120.0], [84780.0, 62850.0], [84775.0, 11300.0], [84765.0, 11300.0], [84755.0, 11300.0], [84745.0, 11340.0], [84735.0, 11740.0], [84732.5, 4240.0], [84725.0, 11740.0], [84715.0, 24940.0], [84712.5, 11680.0], [84702.5, 11680.0], [84692.5, 11440.0], [84680.0, 11720.0], [84677.5, 40.0]], "asks": [[84820.0, 10.0], [84825.0, 2600.0], [84827.5, 2720.0], [84832.5, 4770.0], [84837.5, 2600.0], [84840.0, 2600.0], [84845.0, 10000.0], [84852.5, 11480.0], [84855.0, 2000.0], [84862.5, 11630.0], [84872.5, 11650.0], [84880.0, 24720.0], [84932.5, 11370.0], [84945.0, 11740.0], [84947.5, 40.0], [84952.5, 26470.0], [84955.0, 11680.0], [85000.0, 24660.0], [85005.0, 11240.0], [85015.0, 11710.0]]}}}
{"jsonrpc": "2.0", "method": "subscription", "params": {"channel": "book.BTC-11APR25.none.20.100ms", "data": {"timestamp": 1743521506590, "change_id": 95128819955, "instrument_name": "BTC-11APR25", "bids": [[84900.0, 1910.0], [84897.5, 9790.0], [84895.0, 14060.0], [84892.5, 10300.0], [84890.0, 3040.0], [84887.5, 1900.0], [84885.0, 22510.0], [84882.5, 58690.0], [84880.0, 10020.0], [84870.0, 8490.0], [84865.0, 120.0], [84852.5, 8570.0], [84837.5, 8570.0], [84827.5, 8600.0], [84812.5, 8620.0], [84800.0, 6230.0], [84792.5, 8330.0], [84787.5, 3340.0], [84772.5, 8570.0], [84762.5, 8620.0]], "asks": [[84902.5, 120.0], [84912.5, 9300.0], [84915.0, 16130.0], [84917.5, 84910.0], [84922.5, 2610.0], [84925.0, 8690.0], [84930.0, 4430.0], [84932.5, 14770.0], [84940.0, 8330.0], [84945.0, 6400.0], [84950.0, 8690.0], [84960.0, 2000.0], [84975.0, 8320.0], [84985.0, 8600.0], [84995.0, 8570.0], [85010.0, 8510.0], [85015.0, 20.0], [85040.0, 8320.0], [85052.5, 18180.0], [85060.0, 8490.0]]}}}
{"jsonrpc": "2.0", "method": "subscription", "params": {"channel": "book.BTC-4APR25.none.20.100ms", "data": {"timestamp": 1743521506596, "change_id": 95128820029, "instrument_name": "BTC-4APR25", "bids": [[84832.5, 3380.0], [84830.0, 4160.0], [84827.5, 2600.0], [84825.0, 4810.0], [84822.5, 2600.0], [84820.0, 9000.0], [84817.5, 11500.0], [84812.5, 15000.0], [84810.0, 50000.0], [84805.0, 7800.0], [84802.5, 26000.0], [84800.0, 11480.0], [84795.0, 120.0], [84790.0, 3480.0], [84787.5, 11480.0], [84782.5, 3860.0], [84780.0, 12850.0], [84777.5, 3390.0], [84775.0, 11300.0], [84767.5, 3390.0]], "asks": [[84835.0, 10.0], [84837.5, 14100.0], [84840.0, 120.0], [84850.0, 2030.0], [84852.5, 4770.0], [84855.0, 5000.0], [84857.5, 10000.0], [84860.0, 3490.0], [84862.5, 11630.0], [84870.0, 3500.0], [84872.5, 11650.0], [84877.5, 7420.0], [84880.0, 24720.0], [84930.0, 3410.0], [84932.5, 11370.0], [84942.5, 3520.0], [84945.0, 11740.0], [84947.5, 40.0], [84950.0, 11450.0], [84952.5, 26470.0]]}}}
{"jsonrpc": "2.0", "method": "subscription", "params": {"channel": "book.BTC-11APR25.none.20.100ms", "data": {"timestamp": 1743521506813, "change_id": 95128820892, "instrument_name": "BTC-11APR25", "bids": [[84910.0, 10.0], [84907.5, 570.0], [84905.0, 3040.0], [84902.5, 1900.0], [84900.0, 21380.0], [84897.5, 56670.0], [84895.0, 14060.0], [84892.5, 10300.0], [84890.0, 1140.0], [84887.5, 1900.0], [84885.0, 7510.0], [84882.5, 8690.0], [84880.0, 10020.0], [84870.0, 8490.0], [84865.0, 120.0], [84852.5, 8570.0], [84837.5, 8570.0], [84827.5, 8600.0], [84812.5, 8620.0], [84807.5, 6230.0]], "asks": [[84912.5, 9300.0], [84915.0, 120.0], [84917.5, 84910.0], [84922.5, 2610.0], [84925.0, 8690.0], [84930.0, 4430.0], [84932.5, 14770.0], [84940.0, 8330.0], [84945.0, 6400.0], [84950.0, 8690.0], [84960.0, 2000.0], [84975.0, 8320.0], [84985.0, 8600.0], [84995.0, 8570.0], [85010.0, 8510.0], [85015.0, 20.0], [85040.0, 8320.0], [85052.5, 18180.0], [85060.0, 8490.0], [85072.5, 8600.0]]}}}
{"jsonrpc": "2.0", "method": "subscription", "params": {"channel": "book.BTC-4APR25.none.20.100ms", "data": {"timestamp": 1743521506925, "change_id": 95128820886, "instrument_name": "BTC-4APR25", "bids": [[84832.5, 3380.0], [84830.0, 4160.0], [84827.5, 2600.0], [84825.0, 4810.0], [84822.5, 2600.0], [84820.0, 9000.0], [84817.5, 11500.0], [84812.5, 15000.0], [84810.0, 50000.0], [84805.0, 7800.0], [84802.5, 26000.0], [84800.0, 11480.0], [84795.0, 120.0], [84790.0, 3480.0], [84787.5, 11480.0], [84782.5, 3860.0], [84780.0, 12850.0], [84777.5, 3390.0], [84775.0, 11300.0], [84767.5, 3390.0]], "asks": [[84835.0, 2610.0], [84837.5, 14100.0], [84840.0, 120.0], [84850.0, 2030.0], [84852.5, 4770.0], [84855.0, 5000.0], [84857.5, 10000.0], [84860.0, 3490.0], [84862.5, 11630.0], [84870.0, 3500.0], [84872.5, 11650.0], [84877.5, 7420.0], [84880.0, 24720.0], [84930.0, 3410.0], [84932.5, 11370.0], [84942.5, 3520.0], [84945.0, 11740.0], [84947.5, 40.0], [84950.0, 11450.0], [84952.5, 26470.0]]}}}
{"jsonrpc": "2.0", "method": "subscription", "params": {"channel": "book.BTC-11APR25.none.20.100ms", "data": {"timestamp": 1743521507236, "change_id": 95128821914, "instrument_name": "BTC-11APR25", "bids": [[84910.0, 10.0], [84905.0, 10300.0], [84902.5, 1900.0], [84900.0, 7020.0], [84897.5, 6670.0], [84895.0, 64060.0], [84892.5, 10300.0], [84890.0, 10000.0], [84887.5, 1900.0], [84885.0, 1900.0], [84882.5, 8690.0], [84880.0, 20.0], [84875.0, 120.0], [84852.5, 8570.0], [84837.5, 8570.0], [84827.5, 8600.0], [84812.5, 8620.0], [84807.5, 6230.0], [84792.5, 8330.0], [84787.5, 3340.0]], "asks": [[84915.0, 120.0], [84917.5, 84910.0], [84925.0, 8690.0], [84930.0, 3000.0], [84932.5, 10000.0], [84937.5, 2500.0], [84940.0, 8330.0], [84945.0, 6400.0], [84950.0, 8690.0], [84960.0, 2000.0], [84975.0, 8320.0], [84985.0, 8600.0], [84995.0, 8570.0], [85010.0, 8510.0], [85015.0, 20.0], [85040.0, 8320.0], [85052.5, 18180.0], [85060.0, 8490.0], [85072.5, 8600.0], [85075.0, 38380.0]]}}}
{"jsonrpc": "2.0", "method": "subscription", "params": {"channel": "book.BTC-4APR25.none.20.100ms", "data": {"timestamp": 1743521507167, "change_id": 95128821768, "instrument_name": "BTC-4APR25", "bids": [[84835.0, 1570.0], [84832.5, 2610.0], [84830.0, 4160.0], [84827.5, 2600.0], [84825.0, 4810.0], [84822.5, 2600.0], [84820.0, 22690.0], [84817.5, 11500.0], [84815.0, 53000.0], [84812.5, 10000.0], [84805.0, 7800.0], [84802.5, 16000.0], [84800.0, 11480.0], [84795.0, 3980.0], [84792.5, 12850.0], [84790.0, 3480.0], [84787.5, 11480.0], [84777.5, 3390.0], [84775.0, 11300.0], [84767.5, 3390.0]], "asks": [[84840.0, 120.0], [84855.0, 3000.0], [84857.5, 10000.0], [84870.0, 3500.0], [84872.5, 11650.0], [84877.5, 7420.0], [84880.0, 30160.0], [84882.5, 11480.0], [84930.0, 3410.0], [84932.5, 11370.0], [84942.5, 3520.0], [84945.0, 11740.0], [84947.5, 40.0], [84950.0, 11450.0], [84952.5, 26470.0], [84955.0, 11680.0], [84997.5, 7400.0], [85000.0, 24660.0], [85002.5, 3370.0], [85005.0, 11240.0]]}}}
{"jsonrpc": "2.0", "method": "subscription", "params": {"channel": "book.BTC-11APR25.none.20.100ms", "data": {"timestamp": 1743521507468, "change_id": 95128822484, "instrument_name": "BTC-11APR25", "bids": [[84910.0, 8510.0], [84907.5, 7860.0], [84905.0, 11440.0], [84902.5, 1900.0], [84900.0, 19950.0], [84897.5, 1900.0], [84895.0, 66030.0], [84892.5, 10300.0], [84890.0, 10000.0], [84887.5, 1900.0], [84885.0, 1900.0], [84882.5, 8690.0], [84880.0, 20.0], [84875.0, 120.0], [84852.5, 8570.0], [84837.5, 8570.0], [84827.5, 8600.0], [84812.5, 14850.0], [84792.5, 8330.0], [84787.5, 3340.0]], "asks": [[84915.0, 120.0], [84937.5, 2500.0], [84940.0, 8330.0], [84942.5, 4770.0], [84945.0, 16400.0], [84950.0, 8690.0], [84960.0, 2000.0], [84975.0, 8320.0], [84985.0, 8600.0], [84995.0, 8570.0], [85010.0, 8510.0], [85015.0, 20.0], [85040.0, 8320.0], [85052.5, 18180.0], [85060.0, 8490.0], [85072.5, 8600.0], [85075.0, 38380.0], [85085.0, 8620.0], [85102.5, 2530.0], [85105.0, 8430.0]]}}}
{"jsonrpc": "2.0", "method": "subscription", "params": {"channel": "book.BTC-4APR25.none.20.100ms", "data": {"timestamp": 1743521507563, "change_id": 95128822639, "instrument_name": "BTC-4APR25", "bids": [[84835.0, 14370.0], [84832.5, 2610.0], [84830.0, 8820.0], [84827.5, 2600.0], [84825.0, 3380.0], [84822.5, 2600.0], [84820.0, 21890.0], [84817.5, 11500.0], [84815.0, 64480.0], [84812.5, 10000.0], [84805.0, 3560.0], [84800.0, 11480.0], [84795.0, 3860.0], [84792.5, 12850.0], [84790.0, 3440.0], [84787.5, 11480.0], [84777.5, 3390.0], [84775.0, 11300.0], [84767.5, 3390.0], [84765.0, 11300.0]], "asks": [[84840.0, 120.0], [84860.0, 1430.0], [84862.5, 4770.0], [84867.5, 3000.0], [84870.0, 13500.0], [84872.5, 11650.0], [84877.5, 8020.0], [84880.0, 30160.0], [84882.5, 11480.0], [84930.0, 3410.0], [84932.5, 11370.0], [84942.5, 3520.0], [84945.0, 11740.0], [84947.5, 40.0], [84950.0, 11450.0], [84952.5, 26470.0], [84955.0, 11680.0], [85000.0, 24660.0], [85002.5, 3370.0], [85005.0, 11240.0]]}}}
{"jsonrpc": "2.0", "method": "subscription", "params": {"channel": "book.BTC-4APR25.none.20.100ms", "data": {"timestamp": 1743521507827, "change_id": 95128824713, "instrument_name": "BTC-4APR25", "bids": [[84847.5, 780.0], [84845.0, 4160.0], [84842.5, 2600.0], [84840.0, 12490.0], [84837.5, 18870.0], [84835.0, 14890.0], [84832.5, 2610.0], [84827.5, 2600.0], [84825.0, 52600.0], [84822.5, 10000.0], [84815.0, 11600.0], [84802.5, 12850.0], [84800.0, 11480.0], [84787.5, 11480.0], [84775.0, 11300.0], [84765.0, 11300.0], [84755.0, 11300.0], [84745.0, 11340.0], [84735.0, 36680.0], [84732.5, 4240.0]], "asks": [[84852.5, 2600.0], [84855.0, 2600.0], [84857.5, 11500.0], [84867.5, 4550.0], [84870.0, 14770.0], [84872.5, 11650.0], [84880.0, 2040.0], [84882.5, 11480.0], [84927.5, 24680.0], [84932.5, 11370.0], [84945.0, 11740.0], [84947.5, 40.0], [84952.5, 26470.0], [84955.0, 11680.0], [85000.0, 24660.0], [85005.0, 11240.0], [85015.0, 11710.0], [85035.0, 11740.0], [85055.0, 11750.0], [85067.5, 49040.0]]}}}
{"jsonrpc": "2.0", "method": "subscription", "params": {"channel": "book.BTC-11APR25.none.20.100ms", "data": {"timestamp": 1743521507899, "change_id": 95128824712, "instrument_name": "BTC-11APR25", "bids": [[84920.0, 3090.0], [84917.5, 10300.0], [84915.0, 11010.0], [84912.5, 10400.0], [84910.0, 10410.0], [84907.5, 3090.0], [84905.0, 25230.0], [84902.5, 51900.0], [84900.0, 11140.0], [84897.5, 1900.0], [84895.0, 4740.0], [84892.5, 10300.0], [84885.0, 2730.0], [84882.5, 8690.0], [84880.0, 20.0], [84855.0, 2570.0], [84852.5, 8570.0], [84840.0, 2570.0], [84837.5, 8570.0], [84830.0, 2580.0]], "asks": [[84927.5, 10300.0], [84930.0, 84920.0], [84932.5, 570.0], [84935.0, 1900.0], [84937.5, 2500.0], [84940.0, 8330.0], [84942.5, 5040.0], [84945.0, 16400.0], [84950.0, 13460.0], [84960.0, 2000.0], [84975.0, 8320.0], [84985.0, 8600.0], [84995.0, 8570.0], [85010.0, 8510.0], [85015.0, 20.0], [85040.0, 8320.0], [85052.5, 18180.0], [85060.0, 8490.0], [85072.5, 8600.0], [85075.0, 38380.0]]}}}
{"jsonrpc": "2.0", "method": "subscription", "params": {"channel": "book.BTC-4APR25.none.20.100ms", "data": {"timestamp": 1743521508230, "change_id": 95128826075, "instrument_name": "BTC-4APR25", "bids": [[84850.0, 4030.0], [84847.5, 11500.0], [84845.0, 3380.0], [84842.5, 2600.0], [84840.0, 2600.0], [84837.5, 14100.0], [84835.0, 2610.0], [84832.5, 62610.0], [84830.0, 11480.0], [84827.5, 2600.0], [84825.0, 2600.0], [84815.0, 11600.0], [84807.5, 12850.0], [84800.0, 11480.0], [84787.5, 11480.0], [84775.0, 11300.0], [84765.0, 11300.0], [84755.0, 11300.0], [84745.0, 11340.0], [84735.0, 11740.0]], "asks": [[84865.0, 14100.0], [84867.5, 120.0], [84880.0, 2040.0], [84882.5, 21480.0], [84927.5, 24680.0], [84932.5, 11370.0], [84945.0, 11740.0], [84947.5, 40.0], [84952.5, 26470.0], [84955.0, 11680.0], [85000.0, 24660.0], [85005.0, 11240.0], [85015.0, 11710.0], [85035.0, 11740.0], [85055.0, 11750.0], [85067.5, 49040.0], [85082.5, 11450.0], [85085.0, 40.0], [85092.5, 11630.0], [85102.5, 11410.0]]}}}
{"jsonrpc": "2.0", "method": "subscription", "params": {"channel": "book.BTC-11APR25.none.20.100ms", "data": {"timestamp": 1743521508255, "change_id": 95128826106, "instrument_name": "BTC-11APR25", "bids": [[84932.5, 570.0], [84930.0, 7540.0], [84927.5, 16900.0], [84920.0, 3090.0], [84917.5, 10300.0], [84912.5, 1900.0], [84910.0, 10.0], [84905.0, 10300.0], [84902.5, 51900.0], [84900.0, 10000.0], [84895.0, 120.0], [84892.5, 8400.0], [84882.5, 8690.0], [84880.0, 20.0], [84852.5, 8570.0], [84837.5, 8570.0], [84827.5, 8600.0], [84812.5, 8620.0], [84792.5, 8330.0], [84787.5, 3340.0]], "asks": [[84942.5, 120.0], [84945.0, 10000.0], [84950.0, 8690.0], [84960.0, 2000.0], [84975.0, 8320.0], [84982.5, 6400.0], [84985.0, 8600.0], [84995.0, 8570.0], [85010.0, 8510.0], [85015.0, 20.0], [85040.0, 8320.0], [85052.5, 18180.0], [85060.0, 8490.0], [85072.5, 8600.0], [85085.0, 8620.0], [85105.0, 8430.0], [85125.0, 8620.0], [85127.5, 450.0], [85132.5, 16710.0], [85135.0, 46950.0]]}}}
{"jsonrpc": "2.0", "method": "subscription", "params": {"channel": "book.BTC-11APR25.none.20.100ms", "data": {"timestamp": 1743521508498, "change_id": 95128827673, "instrument_name": "BTC-11APR25", "bids": [[84935.0, 4770.0], [84930.0, 1900.0], [84927.5, 8400.0], [84917.5, 10300.0], [84912.5, 11900.0], [84910.0, 10.0], [84905.0, 10300.0], [84902.5, 1900.0], [84895.0, 120.0], [84892.5, 58400.0], [84882.5, 8690.0], [84880.0, 20.0], [84852.5, 8570.0], [84837.5, 8570.0], [84827.5, 8600.0], [84812.5, 8620.0], [84792.5, 8330.0], [84787.5, 3340.0], [84772.5, 8570.0], [84762.5, 8620.0]], "asks": [[84942.5, 120.0], [84950.0, 8690.0], [84960.0, 10000.0], [84967.5, 4770.0], [84975.0, 8320.0], [84982.5, 6400.0], [84985.0, 10600.0], [84995.0, 8570.0], [85010.0, 8510.0], [85015.0, 20.0], [85040.0, 8320.0], [85052.5, 18180.0], [85060.0, 8490.0], [85072.5, 8600.0], [85085.0, 8620.0], [85105.0, 8430.0], [85125.0, 8620.0], [85127.5, 450.0], [85132.5, 16710.0], [85135.0, 46950.0]]}}}
{"jsonrpc": "2.0", "method": "subscription", "params": {"channel": "book.BTC-4APR25.none.20.100ms", "data": {"timestamp": 1743521508493, "change_id": 95128827950, "instrument_name": "BTC-4APR25", "bids": [[84855.0, 4770.0], [84850.0, 11500.0], [84845.0, 2600.0], [84842.5, 12600.0], [84840.0, 2600.0], [84837.5, 2600.0], [84835.0, 2610.0], [84832.5, 2610.0], [84830.0, 61480.0], [84827.5, 15450.0], [84825.0, 2720.0], [84815.0, 11480.0], [84800.0, 11480.0], [84787.5, 11480.0], [84775.0, 11300.0], [84765.0, 11300.0], [84757.5, 24940.0], [84755.0, 11300.0], [84745.0, 11340.0], [84735.0, 11740.0]], "asks": [[84867.5, 120.0], [84880.0, 40.0], [84887.5, 16250.0], [84892.5, 10000.0], [84897.5, 11480.0], [84905.0, 2000.0], [84907.5, 11480.0], [84927.5, 24680.0], [84932.5, 11370.0], [84945.0, 11740.0], [84947.5, 40.0], [84952.5, 26470.0], [84955.0, 11680.0], [85000.0, 24660.0], [85005.0, 11240.0], [85015.0, 11710.0], [85035.0, 11740.0], [85055.0, 11750.0], [85067.5, 49040.0], [85082.5, 11450.0]]}}}
{"jsonrpc": "2.0", "method": "subscription", "params": {"channel": "book.BTC-4APR25.none.20.100ms", "data": {"timestamp": 1743521508828, "change_id": 95128828605, "instrument_name": "BTC-4APR25", "bids": [[84857.5, 2600.0], [84855.0, 7370.0], [84850.0, 11500.0], [84845.0, 2600.0], [84842.5, 10000.0], [84837.5, 2600.0], [84835.0, 2610.0], [84832.5, 2610.0], [84830.0, 61480.0], [84827.5, 15450.0], [84825.0, 120.0], [84815.0, 11480.0], [84800.0, 11480.0], [84787.5, 11480.0], [84775.0, 11300.0], [84765.0, 11300.0], [84757.5, 24940.0], [84755.0, 11300.0], [84745.0, 11340.0], [84735.0, 11740.0]], "asks": [[84867.5, 14220.0], [84880.0, 40.0], [84887.5, 16250.0], [84892.5, 10000.0], [84897.5, 11480.0], [84905.0, 2000.0], [84907.5, 11480.0], [84927.5, 24680.0], [84932.5, 11370.0], [84945.0, 11740.0], [84947.5, 40.0], [84952.5, 26470.0], [84955.0, 11680.0], [85000.0, 24660.0], [85005.0, 11240.0], [85015.0, 11710.0], [85035.0, 11740.0], [85055.0, 11750.0], [85067.5, 49040.0], [85082.5, 11450.0]]}}}
{"jsonrpc": "2.0", "method": "subscription", "params": {"channel": "book.BTC-11APR25.none.20.100ms", "data": {"timestamp": 1743521508860, "change_id": 95128828838, "instrument_name": "BTC-11APR25", "bids": [[84937.5, 11730.0], [84935.0, 4770.0], [84930.0, 1900.0], [84927.5, 8400.0], [84917.5, 8400.0], [84912.5, 11900.0], [84910.0, 10.0], [84905.0, 8520.0], [84892.5, 58400.0], [84882.5, 8690.0], [84880.0, 20.0], [84852.5, 8570.0], [84837.5, 8570.0], [84827.5, 8600.0], [84812.5, 8620.0], [84792.5, 8330.0], [84787.5, 3340.0], [84772.5, 8570.0], [84762.5, 8620.0], [84750.0, 8550.0]], "asks": [[84942.5, 120.0], [84947.5, 4510.0], [84950.0, 8690.0], [84957.5, 84950.0], [84960.0, 10000.0], [84967.5, 4770.0], [84975.0, 8320.0], [84982.5, 6400.0], [84985.0, 10600.0], [84995.0, 8570.0], [85010.0, 8510.0], [85015.0, 20.0], [85040.0, 8320.0], [85052.5, 18180.0], [85060.0, 8490.0], [85072.5, 8600.0], [85085.0, 8620.0], [85105.0, 8430.0], [85125.0, 8620.0], [85127.5, 450.0]]}}}
{"jsonrpc": "2.0", "method": "subscription", "params": {"channel": "book.BTC-11APR25.none.20.100ms", "data": {"timestamp": 1743521509219, "change_id": 95128829691, "instrument_name": "BTC-11APR25", "bids": [[84937.5, 3330.0], [84935.0, 4770.0], [84932.5, 570.0], [84930.0, 4420.0], [84927.5, 8400.0], [84920.0, 2520.0], [84917.5, 8400.0], [84915.0, 3570.0], [84912.5, 11900.0], [84910.0, 10.0], [84907.5, 2560.0], [84905.0, 8520.0], [84895.0, 17520.0], [84892.5, 58400.0], [84885.0, 2610.0], [84882.5, 8690.0], [84880.0, 20.0], [84855.0, 2570.0], [84852.5, 8570.0], [84840.0, 2570.0]], "asks": [[84942.5, 120.0], [84947.5, 4510.0], [84950.0, 8690.0], [84955.0, 28490.0], [84957.5, 84950.0], [84960.0, 10000.0], [84965.0, 1430.0], [84967.5, 4770.0], [84972.5, 2500.0], [84975.0, 8320.0], [84980.0, 5100.0], [84982.5, 6400.0], [84985.0, 10600.0], [84992.5, 2570.0], [84995.0, 8570.0], [85007.5, 2550.0], [85010.0, 8510.0], [85015.0, 20.0], [85037.5, 2500.0], [85040.0, 8320.0]]}}}
{"jsonrpc": "2.0", "method": "subscription", "params": {"channel": "book.BTC-4APR25.none.20.100ms", "data": {"timestamp": 1743521509566, "change_id": 95128830528, "instrument_name": "BTC-4APR25", "bids": [[84862.5, 3380.0], [84860.0, 5590.0], [84857.5, 2600.0], [84855.0, 7370.0], [84852.5, 3450.0], [84850.0, 11500.0], [84847.5, 15680.0], [84845.0, 80680.0], [84842.5, 94840.0], [84835.0, 10.0], [84832.5, 3450.0], [84830.0, 16150.0], [84827.5, 12850.0], [84825.0, 120.0], [84817.5, 3440.0], [84815.0, 11480.0], [84802.5, 3440.0], [84800.0, 11480.0], [84790.0, 3440.0], [84787.5, 11480.0]], "asks": [[84867.5, 2720.0], [84880.0, 40.0], [84885.0, 4880.0], [84887.5, 16250.0], [84890.0, 3000.0], [84892.5, 10000.0], [84895.0, 3440.0], [84897.5, 11480.0], [84902.5, 600.0], [84905.0, 5440.0], [84907.5, 11480.0], [84925.0, 7400.0], [84927.5, 24680.0], [84930.0, 3410.0], [84932.5, 11370.0], [84942.5, 3520.0], [84945.0, 11740.0], [84947.5, 40.0], [84950.0, 11450.0], [84952.5, 26470.0]]}}}
{"jsonrpc": "2.0", "method": "subscription", "params": {"channel": "book.BTC-11APR25.none.20.100ms", "data": {"timestamp": 1743521509531, "change_id": 95128830516, "instrument_name": "BTC-11APR25", "bids": [[84937.5, 11730.0], [84935.0, 4770.0], [84932.5, 570.0], [84930.0, 4420.0], [84927.5, 8400.0], [84920.0, 17210.0], [84917.5, 8400.0], [84915.0, 53570.0], [84912.5, 11900.0], [84910.0, 10.0], [84907.5, 2560.0], [84905.0, 8520.0], [84895.0, 2520.0], [84892.5, 8400.0], [84885.0, 2610.0], [84882.5, 8690.0], [84880.0, 20.0], [84855.0, 2570.0], [84852.5, 8570.0], [84840.0, 2570.0]], "asks": [[84942.5, 120.0], [84947.5, 1900.0], [84950.0, 9160.0], [84952.5, 1670.0], [84955.0, 28490.0], [84957.5, 84950.0], [84960.0, 18400.0], [84965.0, 1430.0], [84967.5, 4770.0], [84972.5, 2500.0], [84975.0, 8320.0], [84980.0, 5100.0], [84982.5, 6400.0], [84985.0, 10600.0], [84992.5, 2570.0], [84995.0, 8570.0], [85007.5, 2550.0], [85010.0, 8510.0], [85015.0, 20.0], [85037.5, 2500.0]]}}}
{"jsonrpc": "2.0", "method": "subscription", "params": {"channel": "book.BTC-4APR25.none.20.100ms", "data": {"timestamp": 1743521509835, "change_id": 95128831102, "instrument_name": "BTC-4APR25", "bids": [[84862.5, 3380.0], [84860.0, 5590.0], [84857.5, 2600.0], [84855.0, 7370.0], [84852.5, 6050.0], [84850.0, 11500.0], [84847.5, 15680.0], [84845.0, 80680.0], [84842.5, 94840.0], [84835.0, 130.0], [84832.5, 3450.0], [84830.0, 16150.0], [84827.5, 12850.0], [84817.5, 3440.0], [84815.0, 11480.0], [84802.5, 3440.0], [84800.0, 11480.0], [84790.0, 3440.0], [84787.5, 11480.0], [84777.5, 3390.0]], "asks": [[84867.5, 120.0], [84880.0, 820.0], [84882.5, 2600.0], [84885.0, 4880.0], [84887.5, 16250.0], [84890.0, 3000.0], [84892.5, 10000.0], [84895.0, 3440.0], [84897.5, 11480.0], [84902.5, 600.0], [84905.0, 5440.0], [84907.5, 11480.0], [84925.0, 7400.0], [84927.5, 24680.0], [84930.0, 3410.0], [84932.5, 11370.0], [84942.5, 3520.0], [84945.0, 11740.0], [84947.5, 40.0], [84950.0, 11450.0]]}}}
{"jsonrpc": "2.0", "method": "subscription", "params": {"channel": "book.BTC-11APR25.none.20.100ms", "data": {"timestamp": 1743521509835, "change_id": 95128831091, "instrument_name": "BTC-11APR25", "bids": [[84937.5, 11730.0], [84935.0, 5910.0], [84932.5, 1900.0], [84930.0, 4420.0], [84927.5, 8400.0], [84920.0, 17210.0], [84917.5, 8400.0], [84915.0, 53570.0], [84912.5, 11900.0], [84910.0, 10.0], [84907.5, 2560.0], [84905.0, 8520.0], [84895.0, 2520.0], [84892.5, 8400.0], [84885.0, 2610.0], [84882.5, 8690.0], [84880.0, 20.0], [84855.0, 2570.0], [84852.5, 8570.0], [84840.0, 2570.0]], "asks": [[84942.5, 120.0], [84947.5, 1900.0], [84950.0, 9700.0], [84952.5, 3570.0], [84955.0, 28490.0], [84957.5, 84950.0], [84960.0, 18400.0], [84965.0, 1430.0], [84967.5, 4770.0], [84972.5, 2500.0], [84975.0, 8320.0], [84980.0, 5100.0], [84982.5, 6400.0], [84985.0, 10600.0], [84992.5, 2570.0], [84995.0, 8570.0], [85007.5, 2550.0], [85010.0, 8510.0], [85015.0, 20.0], [85037.5, 2500.0]]}}}
{"jsonrpc": "2.0", "method": "subscription", "params": {"channel": "book.BTC-4APR25.none.20.100ms", "data": {"timestamp": 1743521510175, "change_id": 95128832121, "instrument_name": "BTC-4APR25", "bids": [[84865.0, 2610.0], [84862.5, 19650.0], [84860.0, 780.0], [84855.0, 9830.0], [84852.5, 12600.0], [84850.0, 11500.0], [84847.5, 15680.0], [84845.0, 80680.0], [84842.5, 84840.0], [84835.0, 7420.0], [84832.5, 12850.0], [84830.0, 11480.0], [84817.5, 3440.0], [84815.0, 11480.0], [84802.5, 3440.0], [84800.0, 11480.0], [84790.0, 3440.0], [84787.5, 11480.0], [84777.5, 3390.0], [84775.0, 11300.0]], "asks": [[84867.5, 120.0], [84880.0, 40.0], [84882.5, 2600.0], [84890.0, 3000.0], [84892.5, 10000.0], [84895.0, 8210.0], [84897.5, 11480.0], [84902.5, 600.0], [84905.0, 5440.0], [84907.5, 11480.0], [84925.0, 7400.0], [84927.5, 24680.0], [84930.0, 3410.0], [84932.5, 11370.0], [84942.5, 3520.0], [84945.0, 11740.0], [84947.5, 40.0], [84950.0, 11450.0], [84952.5, 26470.0], [84955.0, 11680.0]]}}}
{"jsonrpc": "2.0", "method": "subscription", "params": {"channel": "book.BTC-11APR25.none.20.100ms", "data": {"timestamp": 1743521510221, "change_id": 95128832122, "instrument_name": "BTC-11APR25", "bids": [[84940.0, 10410.0], [84937.5, 20230.0], [84935.0, 20770.0], [84932.5, 1900.0], [84930.0, 54420.0], [84927.5, 8400.0], [84925.0, 3000.0], [84922.5, 10000.0], [84920.0, 2520.0], [84917.5, 8400.0], [84915.0, 570.0], [84912.5, 1900.0], [84907.5, 2560.0], [84905.0, 8520.0], [84895.0, 2520.0], [84892.5, 8400.0], [84885.0, 2610.0], [84882.5, 8690.0], [84880.0, 20.0], [84855.0, 2570.0]], "asks": [[84942.5, 120.0], [84955.0, 28490.0], [84957.5, 84950.0], [84960.0, 8400.0], [84970.0, 6930.0], [84972.5, 10000.0], [84975.0, 13090.0], [84980.0, 5100.0], [84982.5, 6400.0], [84985.0, 10600.0], [84992.5, 2570.0], [84995.0, 8570.0], [85007.5, 2550.0], [85010.0, 8510.0], [85015.0, 20.0], [85037.5, 2500.0], [85040.0, 8320.0], [85047.5, 2520.0], [85050.0, 13850.0], [85052.5, 18180.0]]}}}
{"jsonrpc": "2.0", "method": "subscription", "params": {"channel": "book.BTC-11APR25.none.20.100ms", "data": {"timestamp": 1743521510566, "change_id": 95128833776, "instrument_name": "BTC-11APR25", "bids": [[84952.5, 10.0], [84950.0, 3040.0], [84947.5, 1900.0], [84945.0, 1900.0], [84942.5, 4180.0], [84940.0, 20810.0], [84937.5, 18800.0], [84935.0, 16140.0], [84932.5, 51900.0], [84930.0, 4420.0], [84927.5, 8400.0], [84925.0, 3000.0], [84922.5, 10000.0], [84920.0, 2520.0], [84917.5, 8400.0], [84915.0, 120.0], [84907.5, 2560.0], [84905.0, 8400.0], [84895.0, 2520.0], [84892.5, 8400.0]], "asks": [[84955.0, 120.0], [84957.5, 87470.0], [84960.0, 8400.0], [84970.0, 6930.0], [84972.5, 10000.0], [84975.0, 13090.0], [84980.0, 5100.0], [84982.5, 6400.0], [84985.0, 10600.0], [84992.5, 2570.0], [84995.0, 8570.0], [85007.5, 2550.0], [85010.0, 8510.0], [85015.0, 20.0], [85037.5, 2500.0], [85040.0, 8320.0], [85047.5, 2520.0], [85050.0, 13850.0], [85052.5, 18180.0], [85057.5, 2550.0]]}}}
{"jsonrpc": "2.0", "method": "subscription", "params": {"channel": "book.BTC-4APR25.none.20.100ms", "data": {"timestamp": 1743521510567, "change_id": 95128833778, "instrument_name": "BTC-4APR25", "bids": [[84875.0, 2610.0], [84872.5, 780.0], [84870.0, 2600.0], [84867.5, 780.0], [84865.0, 8260.0], [84862.5, 18870.0], [84860.0, 15680.0], [84855.0, 59830.0], [84852.5, 12600.0], [84850.0, 11500.0], [84845.0, 25080.0], [84842.5, 84840.0], [84840.0, 11480.0], [84835.0, 6990.0], [84830.0, 24330.0], [84817.5, 3440.0], [84815.0, 11480.0], [84802.5, 3440.0], [84800.0, 11480.0], [84790.0, 3440.0]], "asks": [[84877.5, 2600.0], [84880.0, 11660.0], [84882.5, 2600.0], [84890.0, 3000.0], [84892.5, 10000.0], [84895.0, 8210.0], [84897.5, 11480.0], [84902.5, 600.0], [84905.0, 5440.0], [84907.5, 11480.0], [84925.0, 7400.0], [84927.5, 24680.0], [84930.0, 3410.0], [84932.5, 11370.0], [84942.5, 3520.0], [84945.0, 11740.0], [84947.5, 40.0], [84950.0, 11450.0], [84952.5, 26470.0], [84955.0, 11680.0]]}}}
{"jsonrpc": "2.0", "method": "subscription", "params": {"channel": "book.BTC-11APR25.none.20.100ms", "data": {"timestamp": 1743521510862, "change_id": 95128834926, "instrument_name": "BTC-11APR25", "bids": [[84950.0, 1910.0], [84947.5, 2470.0], [84945.0, 1900.0], [84942.5, 2000.0], [84940.0, 12310.0], [84937.5, 18800.0], [84935.0, 16140.0], [84932.5, 61900.0], [84930.0, 4420.0], [84927.5, 8400.0], [84920.0, 2520.0], [84917.5, 8400.0], [84915.0, 120.0], [84907.5, 2560.0], [84905.0, 8400.0], [84895.0, 2520.0], [84892.5, 8400.0], [84885.0, 2610.0], [84882.5, 8690.0], [84880.0, 20.0]], "asks": [[84952.5, 1910.0], [84955.0, 8620.0], [84957.5, 2520.0], [84960.0, 8400.0], [84970.0, 6930.0], [84972.5, 10000.0], [84975.0, 13090.0], [84980.0, 5100.0], [84982.5, 6400.0], [84985.0, 10600.0], [84992.5, 2570.0], [84995.0, 8570.0], [85007.5, 2550.0], [85010.0, 8510.0], [85015.0, 20.0], [85037.5, 2500.0], [85040.0, 8320.0], [85047.5, 2520.0], [85050.0, 13850.0], [85052.5, 18180.0]]}}}
{"jsonrpc": "2.0", "method": "subscription", "params": {"channel": "book.BTC-4APR25.none.20.100ms", "data": {"timestamp": 1743521510855, "change_id": 95128834859, "instrument_name": "BTC-4APR25", "bids": [[84877.5, 2610.0], [84875.0, 2600.0], [84867.5, 780.0], [84865.0, 8260.0], [84862.5, 18870.0], [84860.0, 14900.0], [84855.0, 59830.0], [84852.5, 10000.0], [84850.0, 11500.0], [84847.5, 120.0], [84845.0, 3440.0], [84840.0, 11480.0], [84835.0, 6870.0], [84830.0, 24330.0], [84817.5, 3440.0], [84815.0, 11480.0], [84802.5, 3440.0], [84800.0, 11480.0], [84790.0, 3440.0], [84787.5, 11480.0]], "asks": [[84880.0, 14260.0], [84890.0, 1430.0], [84895.0, 4770.0], [84902.5, 3600.0], [84905.0, 15440.0], [84907.5, 11480.0], [84925.0, 7400.0], [84927.5, 24680.0], [84930.0, 3410.0], [84932.5, 11370.0], [84942.5, 3520.0], [84945.0, 11740.0], [84947.5, 40.0], [84950.0, 11450.0], [84952.5, 26470.0], [84955.0, 11680.0], [84997.5, 7400.0], [85000.0, 24660.0], [85002.5, 3370.0], [85005.0, 11240.0]]}}}
{"jsonrpc": "2.0", "method": "subscription", "params": {"channel": "book.BTC-11APR25.none.20.100ms", "data": {"timestamp": 1743521511101, "change_id": 95128836107, "instrument_name": "BTC-11APR25", "bids": [[84950.0, 18810.0], [84947.5, 2470.0], [84945.0, 1900.0], [84942.5, 2000.0], [84940.0, 12310.0], [84937.5, 18800.0], [84935.0, 16140.0], [84932.5, 61900.0], [84930.0, 4420.0], [84927.5, 8400.0], [84920.0, 2520.0], [84917.5, 8400.0], [84915.0, 120.0], [84907.5, 2560.0], [84905.0, 8400.0], [84895.0, 2520.0], [84892.5, 8400.0], [84885.0, 2610.0], [84882.5, 8690.0], [84880.0, 20.0]], "asks": [[84952.5, 10.0], [84967.5, 10180.0], [84972.5, 120.0], [84975.0, 4770.0], [84980.0, 5100.0], [84982.5, 6400.0], [84985.0, 10600.0], [84990.0, 5570.0], [84992.5, 10000.0], [84995.0, 8570.0], [85007.5, 2550.0], [85010.0, 8510.0], [85015.0, 20.0], [85037.5, 2500.0], [85040.0, 8320.0], [85047.5, 2520.0], [85050.0, 13850.0], [85052.5, 18180.0], [85057.5, 2550.0], [85060.0, 8490.0]]}}}
{"jsonrpc": "2.0", "method": "subscription", "params": {"channel": "book.BTC-4APR25.none.20.100ms", "data": {"timestamp": 1743521511209, "change_id": 95128836068, "instrument_name": "BTC-4APR25", "bids": [[84877.5, 14100.0], [84875.0, 2600.0], [84867.5, 780.0], [84865.0, 8260.0], [84862.5, 18870.0], [84860.0, 42480.0], [84857.5, 11370.0], [84855.0, 137450.0], [84852.5, 10000.0], [84847.5, 120.0], [84845.0, 3440.0], [84840.0, 11480.0], [84830.0, 24330.0], [84817.5, 3440.0], [84815.0, 11480.0], [84800.0, 11480.0], [84787.5, 11480.0], [84775.0, 11300.0], [84765.0, 11300.0], [84762.5, 24940.0]], "asks": [[84880.0, 40.0], [84895.0, 4770.0], [84897.5, 120.0], [84905.0, 2000.0], [84917.5, 10000.0], [84920.0, 11370.0], [84925.0, 7400.0], [84927.5, 24680.0], [84930.0, 3410.0], [84932.5, 11370.0], [84945.0, 11740.0], [84947.5, 40.0], [84952.5, 3500.0], [84955.0, 11680.0], [84997.5, 7400.0], [85000.0, 24660.0], [85005.0, 11240.0], [85015.0, 11710.0], [85025.0, 26460.0], [85032.5, 3520.0]]}}}
{"jsonrpc": "2.0", "method": "subscription", "params": {"channel": "book.BTC-11APR25.none.20.100ms", "data": {"timestamp": 1743521511556, "change_id": 95128837785, "instrument_name": "BTC-11APR25", "bids": [[84950.0, 18810.0], [84947.5, 3830.0], [84945.0, 9640.0], [84942.5, 10000.0], [84940.0, 7540.0], [84937.5, 18800.0], [84935.0, 16140.0], [84932.5, 51900.0], [84930.0, 1900.0], [84927.5, 8520.0], [84920.0, 2520.0], [84917.5, 8400.0], [84905.0, 8400.0], [84895.0, 2520.0], [84892.5, 8400.0], [84885.0, 2610.0], [84882.5, 8690.0], [84880.0, 20.0], [84867.5, 6230.0], [84852.5, 8570.0]], "asks": [[84952.5, 10.0], [84972.5, 120.0], [84980.0, 2580.0], [84985.0, 8600.0], [84987.5, 1430.0], [84990.0, 10340.0], [84992.5, 10000.0], [84995.0, 8570.0], [85007.5, 2550.0], [85010.0, 10510.0], [85015.0, 6420.0], [85020.0, 8400.0], [85037.5, 2500.0], [85040.0, 8320.0], [85047.5, 2520.0], [85050.0, 8400.0], [85060.0, 8490.0], [85070.0, 2580.0], [85072.5, 8600.0], [85082.5, 2590.0]]}}}
{"jsonrpc": "2.0", "method": "subscription", "params": {"channel": "book.BTC-4APR25.none.20.100ms", "data": {"timestamp": 1743521511458, "change_id": 95128837654, "instrument_name": "BTC-4APR25", "bids": [[84877.5, 18880.0], [84875.0, 2600.0], [84870.0, 4190.0], [84867.5, 11370.0], [84865.0, 24830.0], [84862.5, 24100.0], [84860.0, 54230.0], [84857.5, 11490.0], [84855.0, 2600.0], [84850.0, 3860.0], [84847.5, 12850.0], [84845.0, 3440.0], [84840.0, 11480.0], [84832.5, 3440.0], [84830.0, 11480.0], [84817.5, 3440.0], [84815.0, 11480.0], [84800.0, 11480.0], [84790.0, 10930.0], [84787.5, 11480.0]], "asks": [[84880.0, 40.0], [84897.5, 120.0], [84917.5, 10000.0], [84920.0, 11370.0], [84930.0, 2000.0], [84932.5, 11370.0], [84945.0, 11740.0], [84947.5, 40.0], [84955.0, 11680.0], [84997.5, 24680.0], [85000.0, 24660.0], [85005.0, 11240.0], [85015.0, 11710.0], [85025.0, 26460.0], [85035.0, 11740.0], [85055.0, 11750.0], [85067.5, 49040.0], [85082.5, 11450.0], [85085.0, 40.0], [85092.5, 11630.0]]}}}
{"jsonrpc": "2.0", "method": "subscription", "params": {"channel": "book.BTC-4APR25.none.20.100ms", "data": {"timestamp": 1743521511850, "change_id": 95128839041, "instrument_name": "BTC-4APR25", "bids": [[84877.5, 18880.0], [84875.0, 5600.0], [84872.5, 10000.0], [84870.0, 4190.0], [84867.5, 11370.0], [84865.0, 24830.0], [84862.5, 14100.0], [84860.0, 54230.0], [84857.5, 11490.0], [84850.0, 3860.0], [84847.5, 12850.0], [84845.0, 3440.0], [84840.0, 11480.0], [84832.5, 3440.0], [84830.0, 11480.0], [84817.5, 3440.0], [84815.0, 11480.0], [84802.5, 3440.0], [84800.0, 11480.0], [84790.0, 10930.0]], "asks": [[84880.0, 40.0], [84897.5, 120.0], [84912.5, 1430.0], [84915.0, 11180.0], [84917.5, 10000.0], [84920.0, 11370.0], [84927.5, 600.0], [84930.0, 5410.0], [84932.5, 11370.0], [84942.5, 3520.0], [84945.0, 11740.0], [84947.5, 40.0], [84952.5, 3500.0], [84955.0, 11680.0], [84997.5, 24680.0], [85000.0, 24660.0], [85005.0, 11240.0], [85015.0, 11710.0], [85025.0, 26460.0], [85035.0, 11740.0]]}}}
{"jsonrpc": "2.0", "method": "subscription", "params": {"channel": "book.BTC-11APR25.none.20.100ms", "data": {"timestamp": 1743521511850, "change_id": 95128838956, "instrument_name": "BTC-11APR25", "bids": [[84950.0, 18810.0], [84947.5, 3830.0], [84945.0, 9640.0], [84942.5, 11900.0], [84940.0, 7540.0], [84937.5, 18800.0], [84935.0, 16140.0], [84932.5, 50000.0], [84930.0, 4460.0], [84927.5, 8520.0], [84905.0, 8400.0], [84895.0, 2520.0], [84892.5, 8400.0], [84885.0, 2610.0], [84882.5, 8690.0], [84880.0, 20.0], [84870.0, 1870.0], [84867.5, 6230.0], [84852.5, 8570.0], [84840.0, 2570.0]], "asks": [[84952.5, 10.0], [84972.5, 120.0], [84980.0, 2580.0], [84985.0, 8600.0], [84990.0, 5570.0], [84992.5, 10000.0], [84995.0, 13340.0], [85007.5, 2550.0], [85010.0, 10510.0], [85015.0, 6420.0], [85020.0, 8400.0], [85037.5, 2500.0], [85040.0, 8320.0], [85057.5, 2550.0], [85060.0, 8490.0], [85070.0, 2580.0], [85072.5, 8600.0], [85082.5, 2590.0], [85085.0, 8620.0], [85092.5, 5450.0]]}}}
{"jsonrpc": "2.0", "method": "subscription", "params": {"channel": "book.BTC-11APR25.none.20.100ms", "data": {"timestamp": 1743521512148, "change_id": 95128841068, "instrument_name": "BTC-11APR25", "bids": [[84972.5, 8500.0], [84970.0, 18800.0], [84967.5, 4770.0], [84962.5, 1900.0], [84960.0, 8400.0], [84955.0, 50000.0], [84952.5, 11900.0], [84950.0, 10310.0], [84947.5, 1900.0], [84945.0, 1900.0], [84940.0, 1900.0], [84937.5, 10420.0], [84927.5, 93320.0], [84905.0, 8400.0], [84892.5, 8400.0], [84882.5, 8690.0], [84880.0, 20.0], [84875.0, 6230.0], [84852.5, 8570.0], [84837.5, 8570.0]], "asks": [[84985.0, 120.0], [84995.0, 8570.0], [85002.5, 4770.0], [85005.0, 10000.0], [85007.5, 3150.0], [85010.0, 10510.0], [85015.0, 6420.0], [85017.5, 2520.0], [85020.0, 8400.0], [85037.5, 2500.0], [85040.0, 8320.0], [85060.0, 8490.0], [85072.5, 8600.0], [85085.0, 8620.0], [85095.0, 26580.0], [85105.0, 8430.0], [85125.0, 8620.0], [85132.5, 16710.0], [85135.0, 46950.0], [85147.5, 8390.0]]}}}
{"jsonrpc": "2.0", "method": "subscription", "params": {"channel": "book.BTC-4APR25.none.20.100ms", "data": {"timestamp": 1743521512220, "change_id": 95128841242, "instrument_name": "BTC-4APR25", "bids": [[84900.0, 11510.0], [84895.0, 4230.0], [84892.5, 11500.0], [84890.0, 8930.0], [84887.5, 2600.0], [84885.0, 22080.0], [84882.5, 62600.0], [84880.0, 13970.0], [84877.5, 2600.0], [84875.0, 2600.0], [84870.0, 89060.0], [84867.5, 11490.0], [84860.0, 4230.0], [84857.5, 11370.0], [84855.0, 3860.0], [84852.5, 12850.0], [84845.0, 3440.0], [84840.0, 11480.0], [84832.5, 3440.0], [84830.0, 11480.0]], "asks": [[84910.0, 2720.0], [84922.5, 4770.0], [84927.5, 600.0], [84930.0, 12000.0], [84932.5, 11370.0], [84942.5, 3520.0], [84945.0, 11740.0], [84947.5, 40.0], [84952.5, 3500.0], [84955.0, 11680.0], [84985.0, 7400.0], [84987.5, 24680.0], [84995.0, 11370.0], [85002.5, 3370.0], [85005.0, 11240.0], [85015.0, 11710.0], [85025.0, 26460.0], [85032.5, 3520.0], [85035.0, 11740.0], [85055.0, 11300.0]]}}}
{"jsonrpc": "2.0", "method": "subscription", "params": {"channel": "book.BTC-11APR25.none.20.100ms", "data": {"timestamp": 1743521512542, "change_id": 95128842735, "instrument_name": "BTC-11APR25", "bids": [[84982.5, 16900.0], [84970.0, 10300.0], [84962.5, 1900.0], [84960.0, 8400.0], [84952.5, 61900.0], [84950.0, 10310.0], [84947.5, 2020.0], [84945.0, 1900.0], [84940.0, 1900.0], [84937.5, 10300.0], [84927.5, 93320.0], [84905.0, 8400.0], [84892.5, 8400.0], [84882.5, 8690.0], [84880.0, 20.0], [84852.5, 8570.0], [84837.5, 8570.0], [84827.5, 8600.0], [84815.0, 6370.0], [84812.5, 8620.0]], "asks": [[84997.5, 1930.0], [85000.0, 120.0], [85010.0, 8510.0], [85015.0, 6420.0], [85020.0, 8400.0], [85040.0, 8320.0], [85060.0, 8490.0], [85072.5, 8600.0], [85085.0, 8620.0], [85095.0, 26580.0], [85105.0, 8430.0], [85125.0, 8620.0], [85132.5, 16710.0], [85135.0, 46950.0], [85147.5, 8390.0], [85150.0, 2550.0], [85152.5, 20.0], [85157.5, 8430.0], [85187.5, 8400.0], [85197.5, 8680.0]]}}}
{"jsonrpc": "2.0", "method": "subscription", "params": {"channel": "book.BTC-4APR25.none.20.100ms", "data": {"timestamp": 1743521512533, "change_id": 95128842727, "instrument_name": "BTC-4APR25", "bids": [[84907.5, 10.0], [84905.0, 11500.0], [84900.0, 4770.0], [84890.0, 2600.0], [84887.5, 2600.0], [84885.0, 2600.0], [84882.5, 12600.0], [84880.0, 13970.0], [84877.5, 52720.0], [84875.0, 15450.0], [84870.0, 84870.0], [84867.5, 11370.0], [84857.5, 11370.0], [84840.0, 11480.0], [84830.0, 11480.0], [84815.0, 11480.0], [84812.5, 40.0], [84805.0, 24940.0], [84800.0, 11480.0], [84787.5, 11480.0]], "asks": [[84925.0, 2720.0], [84942.5, 11500.0], [84947.5, 40.0], [84955.0, 11680.0], [84985.0, 11370.0], [84987.5, 24680.0], [84995.0, 11370.0], [85005.0, 11240.0], [85015.0, 11710.0], [85025.0, 37830.0], [85035.0, 11740.0], [85055.0, 11300.0], [85062.5, 24660.0], [85067.5, 49040.0], [85082.5, 11450.0], [85085.0, 40.0], [85092.5, 11630.0], [85102.5, 11410.0], [85112.5, 11570.0], [85122.5, 11630.0]]}}}
{"jsonrpc": "2.0", "method": "subscription", "params": {"channel": "book.BTC-4APR25.none.20.100ms", "data": {"timestamp": 1743521512884, "change_id": 95128844917, "instrument_name": "BTC-4APR25", "bids": [[84920.0, 1430.0], [84917.5, 4770.0], [84912.5, 3450.0], [84910.0, 11500.0], [84895.0, 4230.0], [84892.5, 11370.0], [84890.0, 2720.0], [84887.5, 18380.0], [84885.0, 52600.0], [84882.5, 25450.0], [84880.0, 11370.0], [84867.5, 11370.0], [84857.5, 11370.0], [84840.0, 11480.0], [84830.0, 11480.0], [84815.0, 11480.0], [84812.5, 24980.0], [84800.0, 11480.0], [84787.5, 11480.0], [84775.0, 11300.0]], "asks": [[84925.0, 2600.0], [84937.5, 120.0], [84940.0, 3450.0], [84942.5, 11500.0], [84947.5, 4810.0], [84955.0, 11680.0], [84985.0, 11370.0], [84987.5, 24680.0], [84995.0, 11370.0], [85005.0, 11240.0], [85015.0, 11710.0], [85025.0, 37830.0], [85035.0, 11740.0], [85055.0, 11300.0], [85062.5, 24660.0], [85067.5, 49040.0], [85082.5, 11450.0], [85085.0, 40.0], [85092.5, 11630.0], [85102.5, 11410.0]]}}}
{"jsonrpc": "2.0", "method": "subscription", "params": {"channel": "book.BTC-11APR25.none.20.100ms", "data": {"timestamp": 1743521512857, "change_id": 95128844823, "instrument_name": "BTC-11APR25", "bids": [[85000.0, 4520.0], [84997.5, 8400.0], [84995.0, 6670.0], [84972.5, 5070.0], [84970.0, 16900.0], [84962.5, 19110.0], [84960.0, 58400.0], [84957.5, 120.0], [84952.5, 11900.0], [84950.0, 8410.0], [84940.0, 1900.0], [84937.5, 8400.0], [84927.5, 8400.0], [84905.0, 8400.0], [84892.5, 8400.0], [84882.5, 8690.0], [84880.0, 20.0], [84852.5, 8570.0], [84837.5, 8570.0], [84835.0, 6370.0]], "asks": [[85005.0, 1900.0], [85010.0, 9090.0], [85012.5, 2020.0], [85015.0, 20.0], [85020.0, 8400.0], [85030.0, 13170.0], [85037.5, 2000.0], [85040.0, 8320.0], [85057.5, 6400.0], [85060.0, 8490.0], [85072.5, 8600.0], [85085.0, 8620.0], [85095.0, 26580.0], [85105.0, 8430.0], [85125.0, 8620.0], [85135.0, 8570.0], [85147.5, 8390.0], [85150.0, 2550.0], [85152.5, 20.0], [85155.0, 2530.0]]}}}
{"jsonrpc": "2.0", "method": "subscription", "params": {"channel": "book.BTC-11APR25.none.20.100ms", "data": {"timestamp": 1743521513208, "change_id": 95128846381, "instrument_name": "BTC-11APR25", "bids": [[84995.0, 1900.0], [84992.5, 2520.0], [84990.0, 9830.0], [84987.5, 4770.0], [84972.5, 5070.0], [84970.0, 16900.0], [84967.5, 120.0], [84962.5, 19110.0], [84960.0, 83890.0], [84957.5, 84950.0], [84955.0, 6090.0], [84952.5, 11900.0], [84950.0, 8410.0], [84940.0, 4420.0], [84937.5, 8400.0], [84930.0, 2520.0], [84927.5, 8400.0], [84905.0, 8400.0], [84892.5, 8400.0], [84882.5, 8690.0]], "asks": [[85000.0, 10300.0], [85005.0, 10400.0], [85010.0, 9090.0], [85012.5, 2020.0], [85015.0, 25070.0], [85020.0, 8400.0], [85022.5, 4770.0], [85030.0, 8400.0], [85037.5, 2000.0], [85040.0, 8320.0], [85057.5, 6400.0], [85060.0, 8490.0], [85072.5, 8600.0], [85085.0, 8620.0], [85095.0, 26580.0], [85105.0, 8430.0], [85125.0, 8620.0], [85135.0, 8570.0], [85147.5, 8390.0], [85150.0, 2550.0]]}}}
{"jsonrpc": "2.0", "method": "subscription", "params": {"channel": "book.BTC-4APR25.none.20.100ms", "data": {"timestamp": 1743521513123, "change_id": 95128846325, "instrument_name": "BTC-4APR25", "bids": [[84920.0, 2600.0], [84910.0, 16270.0], [84900.0, 50000.0], [84897.5, 84890.0], [84892.5, 11370.0], [84890.0, 2720.0], [84887.5, 2600.0], [84885.0, 2600.0], [84882.5, 25450.0], [84880.0, 11370.0], [84867.5, 11370.0], [84857.5, 11370.0], [84847.5, 26420.0], [84840.0, 11480.0], [84830.0, 11480.0], [84815.0, 11480.0], [84812.5, 24980.0], [84800.0, 11480.0], [84787.5, 11480.0], [84775.0, 11300.0]], "asks": [[84922.5, 2610.0], [84935.0, 11500.0], [84937.5, 120.0], [84940.0, 4770.0], [84942.5, 11500.0], [84945.0, 11370.0], [84947.5, 40.0], [84955.0, 11680.0], [84957.5, 2000.0], [84985.0, 11370.0], [84987.5, 24680.0], [84995.0, 11370.0], [85005.0, 11240.0], [85015.0, 11710.0], [85025.0, 11370.0], [85035.0, 11740.0], [85055.0, 11300.0], [85062.5, 24660.0], [85067.5, 49040.0], [85082.5, 11450.0]]}}}
{"jsonrpc": "2.0", "method": "subscription", "params": {"channel": "book.BTC-11APR25.none.20.100ms", "data": {"timestamp": 1743521513542, "change_id": 95128847247, "instrument_name": "BTC-11APR25", "bids": [[85002.5, 10870.0], [85000.0, 2470.0], [84997.5, 1900.0], [84992.5, 2520.0], [84990.0, 9830.0], [84987.5, 4770.0], [84982.5, 3000.0], [84980.0, 25000.0], [84977.5, 50000.0], [84972.5, 5070.0], [84970.0, 16900.0], [84967.5, 120.0], [84962.5, 2520.0], [84960.0, 33890.0], [84957.5, 84950.0], [84952.5, 2520.0], [84950.0, 8410.0], [84940.0, 2520.0], [84937.5, 8400.0], [84927.5, 8400.0]], "asks": [[85007.5, 14490.0], [85010.0, 8510.0], [85012.5, 2020.0], [85015.0, 25070.0], [85017.5, 2520.0], [85020.0, 9830.0], [85022.5, 4770.0], [85025.0, 5520.0], [85027.5, 10000.0], [85030.0, 8400.0], [85037.5, 4500.0], [85040.0, 8320.0], [85055.0, 4470.0], [85057.5, 6400.0], [85060.0, 8490.0], [85070.0, 2580.0], [85072.5, 8600.0], [85085.0, 8620.0], [85092.5, 7970.0], [85095.0, 26580.0]]}}}
{"jsonrpc": "2.0", "method": "subscription", "params": {"channel": "book.BTC-4APR25.none.20.100ms", "data": {"timestamp": 1743521513552, "change_id": 95128847267, "instrument_name": "BTC-4APR25", "bids": [[84925.0, 4160.0], [84922.5, 2610.0], [84920.0, 2600.0], [84912.5, 4880.0], [84910.0, 16270.0], [84907.5, 3000.0], [84905.0, 10000.0], [84902.5, 15000.0], [84900.0, 75470.0], [84897.5, 84890.0], [84892.5, 11370.0], [84890.0, 2720.0], [84887.5, 2600.0], [84885.0, 15450.0], [84882.5, 2600.0], [84880.0, 11370.0], [84867.5, 11370.0], [84857.5, 11370.0], [84847.5, 26420.0], [84840.0, 11480.0]], "asks": [[84932.5, 11500.0], [84937.5, 1550.0], [84940.0, 4770.0], [84947.5, 40.0], [84950.0, 6500.0], [84952.5, 10000.0], [84955.0, 11680.0], [84957.5, 2000.0], [84985.0, 18770.0], [84987.5, 24680.0], [84995.0, 11370.0], [85005.0, 11240.0], [85015.0, 11710.0], [85025.0, 11370.0], [85035.0, 11740.0], [85055.0, 11300.0], [85062.5, 24660.0], [85067.5, 49040.0], [85082.5, 11450.0], [85085.0, 40.0]]}}}
{"jsonrpc": "2.0", "method": "subscription", "params": {"channel": "book.BTC-11APR25.none.20.100ms", "data": {"timestamp": 1743521513864, "change_id": 95128848921, "instrument_name": "BTC-11APR25", "bids": [[85007.5, 570.0], [85005.0, 5560.0], [85002.5, 10300.0], [85000.0, 1900.0], [84992.5, 2520.0], [84990.0, 8400.0], [84982.5, 3000.0], [84980.0, 10000.0], [84972.5, 2520.0], [84970.0, 8400.0], [84967.5, 120.0], [84962.5, 2520.0], [84960.0, 33890.0], [84957.5, 84950.0], [84952.5, 2520.0], [84950.0, 8410.0], [84927.5, 8400.0], [84905.0, 8400.0], [84892.5, 8400.0], [84882.5, 8690.0]], "asks": [[85012.5, 120.0], [85015.0, 25070.0], [85017.5, 1900.0], [85020.0, 8400.0], [85025.0, 5520.0], [85027.5, 10000.0], [85030.0, 8400.0], [85032.5, 4770.0], [85037.5, 4500.0], [85040.0, 8320.0], [85055.0, 4470.0], [85057.5, 6400.0], [85060.0, 8490.0], [85070.0, 52580.0], [85072.5, 8600.0], [85082.5, 2590.0], [85085.0, 8620.0], [85092.5, 7970.0], [85095.0, 26580.0], [85105.0, 8430.0]]}}}
{"jsonrpc": "2.0", "method": "subscription", "params": {"channel": "book.BTC-4APR25.none.20.100ms", "data": {"timestamp": 1743521513864, "change_id": 95128848902, "instrument_name": "BTC-4APR25", "bids": [[84930.0, 2600.0], [84927.5, 2600.0], [84910.0, 11500.0], [84907.5, 11370.0], [84905.0, 10000.0], [84900.0, 120.0], [84897.5, 84890.0], [84892.5, 11370.0], [84885.0, 12850.0], [84880.0, 11370.0], [84867.5, 11370.0], [84857.5, 11370.0], [84847.5, 26420.0], [84840.0, 11480.0], [84830.0, 11480.0], [84815.0, 36420.0], [84812.5, 40.0], [84800.0, 11480.0], [84787.5, 11480.0], [84775.0, 11300.0]], "asks": [[84937.5, 120.0], [84947.5, 2640.0], [84952.5, 14770.0], [84957.5, 2000.0], [84967.5, 11370.0], [84985.0, 11370.0], [84987.5, 24680.0], [84995.0, 61370.0], [85005.0, 11240.0], [85015.0, 11710.0], [85025.0, 11370.0], [85035.0, 11740.0], [85055.0, 11300.0], [85062.5, 24660.0], [85067.5, 49040.0], [85082.5, 11450.0], [85085.0, 40.0], [85092.5, 11630.0], [85102.5, 11410.0], [85112.5, 11570.0]]}}}
{"jsonrpc": "2.0", "method": "subscription", "params": {"channel": "book.BTC-4APR25.none.20.100ms", "data": {"timestamp": 1743521514150, "change_id": 95128850090, "instrument_name": "BTC-4APR25", "bids": [[84930.0, 2600.0], [84927.5, 2600.0], [84920.0, 4770.0], [84910.0, 11500.0], [84905.0, 10000.0], [84900.0, 120.0], [84897.5, 84890.0], [84892.5, 11370.0], [84885.0, 12850.0], [84880.0, 11370.0], [84867.5, 11370.0], [84857.5, 11370.0], [84847.5, 26420.0], [84840.0, 11480.0], [84830.0, 11480.0], [84815.0, 36420.0], [84812.5, 40.0], [84800.0, 11480.0], [84787.5, 11480.0], [84775.0, 11300.0]], "asks": [[84932.5, 10.0], [84937.5, 11620.0], [84947.5, 2640.0], [84952.5, 14770.0], [84957.5, 2000.0], [84967.5, 11370.0], [84985.0, 11370.0], [84987.5, 24680.0], [84995.0, 61370.0], [85005.0, 11240.0], [85015.0, 11710.0], [85025.0, 11370.0], [85035.0, 11740.0], [85055.0, 11300.0], [85062.5, 24660.0], [85067.5, 49040.0], [85082.5, 11450.0], [85085.0, 40.0], [85092.5, 11630.0], [85102.5, 11410.0]]}}}
{"jsonrpc": "2.0", "method": "subscription", "params": {"channel": "book.BTC-11APR25.none.20.100ms", "data": {"timestamp": 1743521514203, "change_id": 95128850253, "instrument_name": "BTC-11APR25", "bids": [[85007.5, 1910.0], [85005.0, 5560.0], [85002.5, 10300.0], [85000.0, 1430.0], [84997.5, 4770.0], [84992.5, 2520.0], [84990.0, 8400.0], [84982.5, 3000.0], [84980.0, 10000.0], [84972.5, 2520.0], [84970.0, 8400.0], [84967.5, 120.0], [84962.5, 2520.0], [84960.0, 33890.0], [84957.5, 84950.0], [84952.5, 2520.0], [84950.0, 8400.0], [84930.0, 2520.0], [84927.5, 8400.0], [84907.5, 2520.0]], "asks": [[85010.0, 10.0], [85012.5, 120.0], [85015.0, 20.0], [85017.5, 4420.0], [85020.0, 8400.0], [85025.0, 5520.0], [85027.5, 10000.0], [85030.0, 9830.0], [85032.5, 4770.0], [85037.5, 4500.0], [85040.0, 8320.0], [85055.0, 4470.0], [85057.5, 6400.0], [85060.0, 8490.0], [85067.5, 15000.0], [85070.0, 52580.0], [85072.5, 8600.0], [85082.5, 2590.0], [85085.0, 8620.0], [85092.5, 7970.0]]}}}
{"jsonrpc": "2.0", "method": "subscription", "params": {"channel": "book.BTC-4APR25.none.20.100ms", "data": {"timestamp": 1743521514327, "change_id": 95128851163, "instrument_name": "BTC-4APR25", "bids": [[84932.5, 2600.0], [84930.0, 2600.0], [84920.0, 1430.0], [84917.5, 4770.0], [84912.5, 3450.0], [84910.0, 11500.0], [84907.5, 3000.0], [84905.0, 13450.0], [84902.5, 11370.0], [84900.0, 120.0], [84895.0, 3410.0], [84892.5, 11370.0], [84887.5, 3860.0], [84885.0, 12850.0], [84867.5, 11370.0], [84857.5, 11370.0], [84847.5, 26420.0], [84840.0, 53900.0], [84830.0, 11480.0], [84815.0, 36420.0]], "asks": [[84935.0, 10.0], [84937.5, 11620.0], [84947.5, 40.0], [84950.0, 7290.0], [84952.5, 14770.0], [84955.0, 11970.0], [84957.5, 2000.0], [84982.5, 3410.0], [84985.0, 11370.0], [84987.5, 24680.0], [84992.5, 18410.0], [84995.0, 61370.0], [85005.0, 11240.0], [85015.0, 11710.0], [85025.0, 11370.0], [85035.0, 11740.0], [85055.0, 11300.0], [85062.5, 24660.0], [85065.0, 11370.0], [85067.5, 49040.0]]}}}
{"jsonrpc": "2.0", "method": "subscription", "params": {"channel": "book.BTC-11APR25.none.20.100ms", "data": {"timestamp": 1743521514502, "change_id": 95128851164, "instrument_name": "BTC-11APR25", "bids": [[85007.5, 1900.0], [85005.0, 2470.0], [85002.5, 1900.0], [84995.0, 4770.0], [84992.5, 2520.0], [84990.0, 8400.0], [84982.5, 3000.0], [84980.0, 10000.0], [84972.5, 2520.0], [84970.0, 8400.0], [84967.5, 120.0], [84962.5, 2520.0], [84960.0, 8400.0], [84952.5, 2520.0], [84950.0, 8400.0], [84937.5, 12740.0], [84935.0, 42460.0], [84930.0, 2520.0], [84927.5, 8400.0], [84907.5, 2520.0]], "asks": [[85010.0, 8600.0], [85012.5, 120.0], [85015.0, 20.0], [85017.5, 4420.0], [85020.0, 8400.0], [85025.0, 5520.0], [85027.5, 10000.0], [85030.0, 9830.0], [85032.5, 4770.0], [85037.5, 4500.0], [85040.0, 8320.0], [85055.0, 4470.0], [85057.5, 6400.0], [85060.0, 8490.0], [85067.5, 15000.0], [85070.0, 52580.0], [85072.5, 8600.0], [85082.5, 2590.0], [85085.0, 8620.0], [85092.5, 7970.0]]}}}
{"jsonrpc": "2.0", "method": "subscription", "params": {"channel": "book.BTC-4APR25.none.20.100ms", "data": {"timestamp": 1743521514739, "change_id": 95128852040, "instrument_name": "BTC-4APR25", "bids": [[84932.5, 2600.0], [84920.0, 1430.0], [84917.5, 4770.0], [84912.5, 3450.0], [84910.0, 11500.0], [84907.5, 3000.0], [84905.0, 98350.0], [84902.5, 11370.0], [84900.0, 120.0], [84895.0, 3410.0], [84892.5, 11370.0], [84887.5, 3860.0], [84885.0, 12850.0], [84870.0, 3410.0], [84867.5, 11370.0], [84860.0, 3410.0], [84857.5, 11370.0], [84850.0, 7930.0], [84847.5, 26420.0], [84842.5, 16170.0]], "asks": [[84935.0, 2610.0], [84937.5, 120.0], [84942.5, 1430.0], [84945.0, 4770.0], [84947.5, 40.0], [84950.0, 3000.0], [84952.5, 10000.0], [84955.0, 600.0], [84957.5, 2000.0], [84965.0, 11370.0], [84985.0, 11370.0], [84987.5, 24680.0], [84992.5, 18410.0], [84995.0, 61370.0], [85005.0, 11240.0], [85015.0, 11710.0], [85025.0, 11370.0], [85035.0, 11740.0], [85055.0, 11300.0], [85062.5, 24660.0]]}}}
{"jsonrpc": "2.0", "method": "subscription", "params": {"channel": "book.BTC-11APR25.none.20.100ms", "data": {"timestamp": 1743521514799, "change_id": 95128852033, "instrument_name": "BTC-11APR25", "bids": [[85010.0, 1900.0], [85007.5, 1900.0], [85002.5, 2580.0], [85000.0, 8590.0], [84997.5, 3330.0], [84995.0, 4770.0], [84992.5, 2520.0], [84990.0, 8400.0], [84982.5, 3000.0], [84980.0, 10000.0], [84972.5, 2520.0], [84970.0, 8400.0], [84967.5, 120.0], [84962.5, 2520.0], [84960.0, 8400.0], [84952.5, 2520.0], [84950.0, 8400.0], [84937.5, 12740.0], [84935.0, 42460.0], [84930.0, 2520.0]], "asks": [[85012.5, 130.0], [85015.0, 1920.0], [85017.5, 4420.0], [85020.0, 10070.0], [85022.5, 5550.0], [85025.0, 5520.0], [85027.5, 10000.0], [85030.0, 9830.0], [85032.5, 4770.0], [85037.5, 4500.0], [85040.0, 8320.0], [85055.0, 4470.0], [85057.5, 6400.0], [85060.0, 8490.0], [85067.5, 15000.0], [85070.0, 52580.0], [85072.5, 8600.0], [85082.5, 2590.0], [85085.0, 8620.0], [85092.5, 7970.0]]}}}
{"jsonrpc": "2.0", "method": "subscription", "params": {"channel": "book.BTC-4APR25.none.20.100ms", "data": {"timestamp": 1743521514874, "change_id": 95128852047, "instrument_name": "BTC-4APR25", "bids": [[84932.5, 2600.0], [84920.0, 1430.0], [84917.5, 4770.0], [84912.5, 3450.0], [84910.0, 11500.0], [84907.5, 28100.0], [84905.0, 98350.0], [84902.5, 11370.0], [84900.0, 120.0], [84895.0, 3410.0], [84892.5, 11370.0], [84887.5, 3860.0], [84885.0, 12850.0], [84870.0, 3410.0], [84867.5, 11370.0], [84860.0, 3410.0], [84857.5, 11370.0], [84850.0, 7930.0], [84847.5, 26420.0], [84842.5, 16170.0]], "asks": [[84935.0, 2610.0], [84937.5, 120.0], [84942.5, 1430.0], [84945.0, 4770.0], [84947.5, 40.0], [84950.0, 3000.0], [84952.5, 10000.0], [84955.0, 600.0], [84957.5, 2000.0], [84965.0, 11370.0], [84985.0, 11370.0], [84987.5, 24680.0], [84992.5, 18410.0], [84995.0, 61370.0], [85005.0, 11240.0], [85015.0, 11710.0], [85025.0, 11370.0], [85035.0, 11740.0], [85055.0, 11300.0], [85062.5, 24660.0]]}}}
{"jsonrpc": "2.0", "method": "subscription", "params": {"channel": "book.BTC-11APR25.none.20.100ms", "data": {"timestamp": 1743521515159, "change_id": 95128852570, "instrument_name": "BTC-11APR25", "bids": [[85010.0, 1900.0], [85007.5, 1900.0], [85002.5, 2580.0], [85000.0, 8590.0], [84997.5, 3330.0], [84995.0, 4770.0], [84992.5, 2520.0], [84990.0, 8400.0], [84982.5, 3000.0], [84980.0, 10000.0], [84972.5, 2520.0], [84970.0, 8400.0], [84967.5, 120.0], [84962.5, 2520.0], [84960.0, 8400.0], [84952.5, 2520.0], [84950.0, 8400.0], [84937.5, 12740.0], [84935.0, 42460.0], [84930.0, 2520.0]], "asks": [[85012.5, 130.0], [85015.0, 1920.0], [85017.5, 4420.0], [85020.0, 10070.0], [85022.5, 5550.0], [85025.0, 5520.0], [85027.5, 10000.0], [85030.0, 9830.0], [85032.5, 4770.0], [85037.5, 4500.0], [85040.0, 8320.0], [85055.0, 4470.0], [85057.5, 6400.0], [85060.0, 8490.0], [85070.0, 17260.0], [85072.5, 58600.0], [85082.5, 2590.0], [85085.0, 8620.0], [85092.5, 7970.0], [85095.0, 26580.0]]}}}
{"jsonrpc": "2.0", "method": "subscription", "params": {"channel": "book.BTC-4APR25.none.20.100ms", "data": {"timestamp": 1743521515414, "change_id": 95128853511, "instrument_name": "BTC-4APR25", "bids": [[84935.0, 2600.0], [84932.5, 2600.0], [84920.0, 1430.0], [84917.5, 4770.0], [84912.5, 3450.0], [84910.0, 11500.0], [84907.5, 1970.0], [84905.0, 13450.0], [84902.5, 11370.0], [84900.0, 120.0], [84895.0, 15720.0], [84892.5, 11370.0], [84890.0, 42440.0], [84887.5, 3860.0], [84885.0, 12850.0], [84870.0, 3410.0], [84867.5, 11370.0], [84860.0, 3410.0], [84857.5, 11370.0], [84850.0, 7930.0]], "asks": [[84937.5, 130.0], [84947.5, 40.0], [84950.0, 1430.0], [84952.5, 4770.0], [84955.0, 600.0], [84957.5, 2000.0], [84962.5, 3410.0], [84965.0, 11370.0], [84982.5, 3410.0], [84985.0, 18770.0], [84987.5, 24680.0], [84992.5, 3410.0], [84995.0, 26370.0], [84997.5, 50000.0], [85002.5, 3370.0], [85005.0, 11240.0], [85012.5, 3510.0], [85015.0, 11710.0], [85022.5, 3410.0], [85025.0, 11370.0]]}}}
{"jsonrpc": "2.0", "method": "subscription", "params": {"channel": "book.BTC-11APR25.none.20.100ms", "data": {"timestamp": 1743521515450, "change_id": 95128853519, "instrument_name": "BTC-11APR25", "bids": [[85010.0, 1910.0], [85007.5, 1900.0], [85002.5, 2580.0], [85000.0, 8590.0], [84997.5, 3330.0], [84995.0, 4770.0], [84992.5, 2520.0], [84990.0, 8400.0], [84985.0, 15740.0], [84982.5, 42480.0], [84980.0, 10000.0], [84972.5, 2520.0], [84970.0, 8400.0], [84967.5, 120.0], [84962.5, 2520.0], [84960.0, 8400.0], [84952.5, 2520.0], [84950.0, 8400.0], [84930.0, 2520.0], [84927.5, 8400.0]], "asks": [[85012.5, 130.0], [85015.0, 20.0], [85017.5, 4420.0], [85020.0, 8400.0], [85025.0, 2520.0], [85030.0, 9830.0], [85032.5, 4770.0], [85037.5, 4500.0], [85040.0, 8320.0], [85055.0, 4470.0], [85057.5, 6400.0], [85060.0, 8490.0], [85070.0, 17260.0], [85072.5, 58600.0], [85082.5, 2590.0], [85085.0, 8620.0], [85092.5, 7970.0], [85095.0, 26580.0], [85102.5, 2530.0], [85105.0, 8430.0]]}}}
{"jsonrpc": "2.0", "method": "subscription", "params": {"channel": "book.BTC-11APR25.none.20.100ms", "data": {"timestamp": 1743521515816, "change_id": 95128854495, "instrument_name": "BTC-11APR25", "bids": [[85010.0, 1910.0], [85007.5, 570.0], [85005.0, 1900.0], [85002.5, 2580.0], [85000.0, 8590.0], [84997.5, 3330.0], [84995.0, 4770.0], [84992.5, 2520.0], [84990.0, 8400.0], [84985.0, 15740.0], [84982.5, 42480.0], [84980.0, 10000.0], [84977.5, 120.0], [84972.5, 2520.0], [84970.0, 8400.0], [84962.5, 2520.0], [84960.0, 8400.0], [84952.5, 2520.0], [84950.0, 8400.0], [84930.0, 2520.0]], "asks": [[85012.5, 130.0], [85015.0, 7980.0], [85017.5, 18120.0], [85020.0, 8400.0], [85025.0, 2520.0], [85027.5, 1900.0], [85030.0, 9830.0], [85032.5, 4770.0], [85037.5, 4500.0], [85040.0, 8320.0], [85055.0, 4470.0], [85057.5, 6400.0], [85060.0, 8490.0], [85070.0, 17260.0], [85072.5, 58600.0], [85082.5, 2590.0], [85085.0, 8620.0], [85092.5, 7970.0], [85095.0, 26580.0], [85102.5, 2530.0]]}}}
{"jsonrpc": "2.0", "method": "subscription", "params": {"channel": "book.BTC-4APR25.none.20.100ms", "data": {"timestamp": 1743521515726, "change_id": 95128854290, "instrument_name": "BTC-4APR25", "bids": [[84935.0, 2600.0], [84920.0, 1430.0], [84917.5, 4770.0], [84912.5, 3450.0], [84910.0, 11500.0], [84907.5, 2750.0], [84905.0, 13450.0], [84902.5, 11370.0], [84900.0, 120.0], [84895.0, 15720.0], [84892.5, 11370.0], [84890.0, 42440.0], [84887.5, 3860.0], [84885.0, 12850.0], [84870.0, 3410.0], [84867.5, 11370.0], [84860.0, 3410.0], [84857.5, 11370.0], [84850.0, 7930.0], [84847.5, 26420.0]], "asks": [[84937.5, 14230.0], [84945.0, 790.0], [84947.5, 2640.0], [84950.0, 1430.0], [84952.5, 4770.0], [84955.0, 600.0], [84957.5, 2000.0], [84962.5, 3410.0], [84965.0, 11370.0], [84982.5, 3410.0], [84985.0, 18770.0], [84987.5, 24680.0], [84992.5, 3410.0], [84995.0, 26370.0], [84997.5, 50000.0], [85002.5, 3370.0], [85005.0, 11240.0], [85012.5, 3510.0], [85015.0, 11710.0], [85022.5, 3410.0]]}}}
{"jsonrpc": "2.0", "method": "subscription", "params": {"channel": "book.BTC-4APR25.none.20.100ms", "data": {"timestamp": 1743521516042, "change_id": 95128855452, "instrument_name": "BTC-4APR25", "bids": [[84935.0, 2600.0], [84927.5, 1430.0], [84925.0, 4770.0], [84912.5, 3450.0], [84910.0, 11500.0], [84907.5, 2750.0], [84905.0, 13450.0], [84902.5, 11370.0], [84900.0, 120.0], [84895.0, 15720.0], [84892.5, 11370.0], [84890.0, 42440.0], [84887.5, 3860.0], [84885.0, 12850.0], [84870.0, 3410.0], [84867.5, 11370.0], [84860.0, 3410.0], [84857.5, 11370.0], [84850.0, 7930.0], [84847.5, 26420.0]], "asks": [[84937.5, 130.0], [84945.0, 790.0], [84947.5, 2640.0], [84950.0, 1430.0], [84952.5, 4770.0], [84955.0, 600.0], [84957.5, 2000.0], [84962.5, 3410.0], [84965.0, 11370.0], [84982.5, 3410.0], [84985.0, 18770.0], [84987.5, 24680.0], [84992.5, 3410.0], [84995.0, 11370.0], [85002.5, 3370.0], [85005.0, 26240.0], [85007.5, 50000.0], [85012.5, 3510.0], [85015.0, 11710.0], [85022.5, 3410.0]]}}}
{"jsonrpc": "2.0", "method": "subscription", "params": {"channel": "book.BTC-11APR25.none.20.100ms", "data": {"timestamp": 1743521516197, "change_id": 95128855481, "instrument_name": "BTC-11APR25", "bids": [[85010.0, 1910.0], [85007.5, 570.0], [85005.0, 5910.0], [85002.5, 4770.0], [85000.0, 9160.0], [84997.5, 1900.0], [84992.5, 2520.0], [84990.0, 8400.0], [84985.0, 15740.0], [84982.5, 42480.0], [84980.0, 10000.0], [84977.5, 120.0], [84972.5, 2520.0], [84970.0, 8400.0], [84962.5, 2520.0], [84960.0, 8400.0], [84952.5, 2520.0], [84950.0, 8400.0], [84930.0, 2520.0], [84927.5, 8400.0]], "asks": [[85012.5, 130.0], [85015.0, 20.0], [85017.5, 16220.0], [85020.0, 8400.0], [85025.0, 2520.0], [85027.5, 1900.0], [85030.0, 9830.0], [85032.5, 4770.0], [85037.5, 4500.0], [85040.0, 8320.0], [85055.0, 4470.0], [85057.5, 6400.0], [85060.0, 8490.0], [85070.0, 2580.0], [85072.5, 8600.0], [85082.5, 17260.0], [85085.0, 58620.0], [85092.5, 7970.0], [85095.0, 26580.0], [85102.5, 2530.0]]}}}
{"jsonrpc": "2.0", "method": "subscription", "params": {"channel": "book.BTC-11APR25.none.20.100ms", "data": {"timestamp": 1743521516512, "change_id": 95128856229, "instrument_name": "BTC-11APR25", "bids": [[85010.0, 1900.0], [85007.5, 570.0], [85005.0, 5910.0], [85002.5, 4770.0], [85000.0, 9160.0], [84997.5, 1900.0], [84992.5, 2520.0], [84990.0, 8400.0], [84985.0, 15740.0], [84982.5, 42480.0], [84980.0, 10000.0], [84977.5, 120.0], [84972.5, 2520.0], [84970.0, 8400.0], [84962.5, 2520.0], [84960.0, 8400.0], [84952.5, 2520.0], [84950.0, 8400.0], [84930.0, 2520.0], [84927.5, 8400.0]], "asks": [[85012.5, 130.0], [85015.0, 6440.0], [85017.5, 16220.0], [85020.0, 8400.0], [85025.0, 2520.0], [85027.5, 1900.0], [85030.0, 9830.0], [85032.5, 4770.0], [85037.5, 4500.0], [85040.0, 8320.0], [85055.0, 4470.0], [85057.5, 6400.0], [85060.0, 8490.0], [85070.0, 2580.0], [85072.5, 8600.0], [85082.5, 17260.0], [85085.0, 58620.0], [85092.5, 7970.0], [85095.0, 26580.0], [85102.5, 2530.0]]}}}
{"jsonrpc": "2.0", "method": "subscription", "params": {"channel": "book.BTC-4APR25.none.20.100ms", "data": {"timestamp": 1743521516517, "change_id": 95128856253, "instrument_name": "BTC-4APR25", "bids": [[84935.0, 2600.0], [84927.5, 1430.0], [84925.0, 4770.0], [84912.5, 3450.0], [84910.0, 11500.0], [84907.5, 2750.0], [84905.0, 13450.0], [84902.5, 11370.0], [84900.0, 120.0], [84895.0, 15720.0], [84892.5, 11370.0], [84890.0, 42440.0], [84887.5, 3860.0], [84885.0, 12850.0], [84870.0, 3410.0], [84867.5, 11370.0], [84860.0, 3410.0], [84857.5, 11370.0], [84850.0, 7930.0], [84847.5, 26420.0]], "asks": [[84937.5, 11630.0], [84945.0, 790.0], [84947.5, 2640.0], [84950.0, 1430.0], [84952.5, 4770.0], [84955.0, 600.0], [84957.5, 2000.0], [84962.5, 3410.0], [84965.0, 11370.0], [84982.5, 3410.0], [84985.0, 18770.0], [84987.5, 24680.0], [84992.5, 3410.0], [84995.0, 11370.0], [85002.5, 3370.0], [85005.0, 26240.0], [85007.5, 50000.0], [85012.5, 3510.0], [85015.0, 11710.0], [85022.5, 3410.0]]}}}
{"jsonrpc": "2.0", "method": "subscription", "params": {"channel": "book.BTC-4APR25.none.20.100ms", "data": {"timestamp": 1743521516849, "change_id": 95128857444, "instrument_name": "BTC-4APR25", "bids": [[84927.5, 10.0], [84925.0, 3390.0], [84922.5, 2600.0], [84920.0, 1560.0], [84917.5, 2600.0], [84915.0, 7180.0], [84912.5, 16270.0], [84910.0, 2600.0], [84907.5, 2750.0], [84905.0, 10000.0], [84900.0, 120.0], [84895.0, 12310.0], [84892.5, 11370.0], [84890.0, 42440.0], [84887.5, 3860.0], [84885.0, 12850.0], [84870.0, 3410.0], [84867.5, 11370.0], [84860.0, 3410.0], [84857.5, 11370.0]], "asks": [[84932.5, 17400.0], [84935.0, 14100.0], [84937.5, 120.0], [84940.0, 1430.0], [84942.5, 4770.0], [84945.0, 790.0], [84947.5, 2640.0], [84950.0, 3230.0], [84955.0, 11970.0], [84957.5, 2000.0], [84962.5, 3410.0], [84965.0, 11370.0], [84982.5, 3410.0], [84985.0, 18770.0], [84987.5, 24680.0], [84992.5, 3410.0], [84995.0, 11370.0], [85002.5, 3370.0], [85005.0, 26240.0], [85007.5, 50000.0]]}}}
{"jsonrpc": "2.0", "method": "subscription", "params": {"channel": "book.BTC-11APR25.none.20.100ms", "data": {"timestamp": 1743521516793, "change_id": 95128857391, "instrument_name": "BTC-11APR25", "bids": [[85007.5, 1900.0], [85005.0, 1900.0], [84997.5, 570.0], [84995.0, 1900.0], [84992.5, 3640.0], [84990.0, 13170.0], [84985.0, 15740.0], [84982.5, 42480.0], [84980.0, 10000.0], [84977.5, 120.0], [84972.5, 2520.0], [84970.0, 8400.0], [84962.5, 2520.0], [84960.0, 8400.0], [84952.5, 2520.0], [84950.0, 8400.0], [84930.0, 2520.0], [84927.5, 8400.0], [84907.5, 2520.0], [84905.0, 8400.0]], "asks": [[85010.0, 19000.0], [85012.5, 120.0], [85015.0, 7410.0], [85017.5, 16220.0], [85020.0, 9830.0], [85022.5, 4770.0], [85025.0, 2520.0], [85027.5, 1900.0], [85030.0, 8400.0], [85037.5, 4500.0], [85040.0, 8320.0], [85055.0, 4470.0], [85057.5, 6400.0], [85060.0, 8490.0], [85070.0, 2580.0], [85072.5, 8600.0], [85082.5, 17260.0], [85085.0, 58620.0], [85092.5, 7970.0], [85095.0, 26580.0]]}}}
{"jsonrpc": "2.0", "method": "subscription", "params": {"channel": "book.BTC-4APR25.none.20.100ms", "data": {"timestamp": 1743521517020, "change_id": 95128857943, "instrument_name": "BTC-4APR25", "bids": [[84925.0, 2600.0], [84922.5, 2600.0], [84920.0, 1560.0], [84917.5, 2600.0], [84915.0, 7180.0], [84912.5, 16270.0], [84910.0, 2600.0], [84907.5, 2750.0], [84905.0, 10000.0], [84902.5, 3950.0], [84900.0, 13170.0], [84892.5, 11370.0], [84887.5, 3860.0], [84885.0, 12850.0], [84882.5, 42440.0], [84870.0, 3410.0], [84867.5, 11370.0], [84860.0, 3410.0], [84857.5, 11370.0], [84850.0, 7930.0]], "asks": [[84927.5, 11510.0], [84930.0, 5010.0], [84932.5, 14100.0], [84935.0, 2600.0], [84937.5, 120.0], [84940.0, 1430.0], [84942.5, 4770.0], [84945.0, 790.0], [84947.5, 2640.0], [84950.0, 3230.0], [84955.0, 11970.0], [84957.5, 2000.0], [84962.5, 3410.0], [84965.0, 11370.0], [84982.5, 3410.0], [84985.0, 18770.0], [84987.5, 24680.0], [84992.5, 3410.0], [84995.0, 11370.0], [85002.5, 3370.0]]}}}
{"jsonrpc": "2.0", "method": "subscription", "params": {"channel": "book.BTC-11APR25.none.20.100ms", "data": {"timestamp": 1743521517146, "change_id": 95128858103, "instrument_name": "BTC-11APR25", "bids": [[85002.5, 10.0], [85000.0, 1140.0], [84997.5, 1900.0], [84995.0, 1900.0], [84992.5, 3640.0], [84990.0, 13170.0], [84985.0, 3000.0], [84980.0, 10000.0], [84977.5, 12740.0], [84975.0, 42480.0], [84972.5, 2520.0], [84970.0, 8400.0], [84965.0, 120.0], [84962.5, 2520.0], [84960.0, 8400.0], [84952.5, 2520.0], [84950.0, 8400.0], [84930.0, 2520.0], [84927.5, 8400.0], [84907.5, 2520.0]], "asks": [[85005.0, 1900.0], [85007.5, 16140.0], [85010.0, 18990.0], [85012.5, 120.0], [85015.0, 2540.0], [85020.0, 9830.0], [85022.5, 4770.0], [85025.0, 2520.0], [85027.5, 1900.0], [85030.0, 8400.0], [85037.5, 4500.0], [85040.0, 8320.0], [85055.0, 4470.0], [85057.5, 6400.0], [85060.0, 8490.0], [85070.0, 2580.0], [85072.5, 8600.0], [85082.5, 17260.0], [85085.0, 58620.0], [85092.5, 7970.0]]}}}
{"jsonrpc": "2.0", "method": "subscription", "params": {"channel": "book.BTC-4APR25.none.20.100ms", "data": {"timestamp": 1743521517473, "change_id": 95128858620, "instrument_name": "BTC-4APR25", "bids": [[84925.0, 2600.0], [84922.5, 2600.0], [84920.0, 1560.0], [84917.5, 2600.0], [84915.0, 5020.0], [84912.5, 4770.0], [84910.0, 2600.0], [84907.5, 2750.0], [84905.0, 10000.0], [84902.5, 3950.0], [84900.0, 13170.0], [84892.5, 11370.0], [84890.0, 12850.0], [84882.5, 42440.0], [84870.0, 3410.0], [84867.5, 11370.0], [84860.0, 3410.0], [84857.5, 11370.0], [84850.0, 7930.0], [84847.5, 26420.0]], "asks": [[84927.5, 11510.0], [84932.5, 14100.0], [84935.0, 2600.0], [84937.5, 120.0], [84940.0, 1430.0], [84942.5, 4770.0], [84945.0, 790.0], [84947.5, 2640.0], [84950.0, 3230.0], [84955.0, 11970.0], [84957.5, 2000.0], [84962.5, 3410.0], [84965.0, 11370.0], [84982.5, 3410.0], [84985.0, 18770.0], [84987.5, 24680.0], [84992.5, 3410.0], [84995.0, 11370.0], [85002.5, 3370.0], [85005.0, 26240.0]]}}}
{"jsonrpc": "2.0", "method": "subscription", "params": {"channel": "book.BTC-11APR25.none.20.100ms", "data": {"timestamp": 1743521517483, "change_id": 95128858625, "instrument_name": "BTC-11APR25", "bids": [[84997.5, 2470.0], [84995.0, 1900.0], [84992.5, 3640.0], [84990.0, 13170.0], [84985.0, 3000.0], [84980.0, 10000.0], [84977.5, 12740.0], [84975.0, 42480.0], [84972.5, 2520.0], [84970.0, 8400.0], [84965.0, 120.0], [84962.5, 2520.0], [84960.0, 8400.0], [84952.5, 2520.0], [84950.0, 8400.0], [84930.0, 2520.0], [84927.5, 8400.0], [84907.5, 2520.0], [84905.0, 8400.0], [84895.0, 2520.0]], "asks": [[85002.5, 10.0], [85005.0, 1910.0], [85007.5, 24490.0], [85010.0, 18990.0], [85012.5, 120.0], [85015.0, 2540.0], [85017.5, 2460.0], [85020.0, 9830.0], [85022.5, 4770.0], [85025.0, 2520.0], [85027.5, 1900.0], [85030.0, 8400.0], [85037.5, 4500.0], [85040.0, 8320.0], [85055.0, 4470.0], [85057.5, 6400.0], [85060.0, 8490.0], [85070.0, 2580.0], [85072.5, 8600.0], [85080.0, 17590.0]]}}}
{"jsonrpc": "2.0", "method": "subscription", "params": {"channel": "book.BTC-4APR25.none.20.100ms", "data": {"timestamp": 1743521517848, "change_id": 95128859675, "instrument_name": "BTC-4APR25", "bids": [[84922.5, 2600.0], [84920.0, 1560.0], [84917.5, 2600.0], [84915.0, 5020.0], [84912.5, 4770.0], [84910.0, 2600.0], [84907.5, 5350.0], [84905.0, 10000.0], [84902.5, 3950.0], [84900.0, 13170.0], [84892.5, 11370.0], [84890.0, 12850.0], [84882.5, 42440.0], [84870.0, 3410.0], [84867.5, 11370.0], [84860.0, 3410.0], [84857.5, 11370.0], [84850.0, 7930.0], [84847.5, 26420.0], [84842.5, 3440.0]], "asks": [[84925.0, 10.0], [84930.0, 6440.0], [84932.5, 14100.0], [84935.0, 2600.0], [84937.5, 120.0], [84940.0, 4840.0], [84942.5, 4770.0], [84945.0, 12160.0], [84947.5, 2640.0], [84950.0, 3230.0], [84955.0, 11970.0], [84957.5, 2000.0], [84962.5, 3410.0], [84965.0, 11370.0], [84982.5, 3410.0], [84985.0, 18770.0], [84987.5, 24680.0], [84992.5, 3410.0], [84995.0, 11370.0], [85002.5, 3370.0]]}}}
{"jsonrpc": "2.0", "method": "subscription", "params": {"channel": "book.BTC-11APR25.none.20.100ms", "data": {"timestamp": 1743521517849, "change_id": 95128859678, "instrument_name": "BTC-11APR25", "bids": [[84997.5, 1900.0], [84995.0, 1900.0], [84992.5, 3640.0], [84990.0, 13170.0], [84985.0, 3000.0], [84980.0, 10000.0], [84977.5, 12740.0], [84975.0, 42480.0], [84972.5, 2520.0], [84970.0, 8400.0], [84965.0, 120.0], [84962.5, 2520.0], [84960.0, 8400.0], [84952.5, 2520.0], [84950.0, 8400.0], [84930.0, 2520.0], [84927.5, 8400.0], [84907.5, 2520.0], [84905.0, 8400.0], [84895.0, 2520.0]], "asks": [[85000.0, 8590.0], [85005.0, 20890.0], [85007.5, 24490.0], [85010.0, 10490.0], [85012.5, 120.0], [85015.0, 2540.0], [85020.0, 9830.0], [85022.5, 4770.0], [85025.0, 2520.0], [85027.5, 1900.0], [85030.0, 8400.0], [85037.5, 4500.0], [85040.0, 8320.0], [85055.0, 4470.0], [85057.5, 6400.0], [85060.0, 8490.0], [85070.0, 2580.0], [85072.5, 8600.0], [85082.5, 50000.0], [85085.0, 8620.0]]}}}
{"jsonrpc": "2.0", "method": "subscription", "params": {"channel": "book.BTC-11APR25.none.20.100ms", "data": {"timestamp": 1743521518116, "change_id": 95128860531, "instrument_name": "BTC-11APR25", "bids": [[85002.5, 1910.0], [85000.0, 3040.0], [84997.5, 1900.0], [84995.0, 1900.0], [84992.5, 2520.0], [84990.0, 9830.0], [84987.5, 4770.0], [84982.5, 3000.0], [84980.0, 10000.0], [84977.5, 12740.0], [84975.0, 42480.0], [84970.0, 8400.0], [84965.0, 120.0], [84960.0, 8400.0], [84950.0, 8400.0], [84930.0, 2520.0], [84927.5, 8400.0], [84907.5, 2520.0], [84905.0, 8400.0], [84902.5, 6230.0]], "asks": [[85005.0, 1910.0], [85007.5, 19180.0], [85010.0, 10490.0], [85012.5, 120.0], [85015.0, 20.0], [85017.5, 2520.0], [85020.0, 9830.0], [85022.5, 4770.0], [85025.0, 2520.0], [85027.5, 1900.0], [85030.0, 8400.0], [85037.5, 4500.0], [85040.0, 8320.0], [85055.0, 4470.0], [85057.5, 6400.0], [85060.0, 8490.0], [85072.5, 8600.0], [85080.0, 50000.0], [85085.0, 8620.0], [85095.0, 26580.0]]}}}
{"jsonrpc": "2.0", "method": "subscription", "params": {"channel": "book.BTC-4APR25.none.20.100ms", "data": {"timestamp": 1743521518134, "change_id": 95128860577, "instrument_name": "BTC-4APR25", "bids": [[84925.0, 2600.0], [84922.5, 2600.0], [84920.0, 930.0], [84917.5, 2600.0], [84915.0, 2600.0], [84912.5, 2210.0], [84910.0, 7370.0], [84907.5, 5350.0], [84905.0, 10000.0], [84900.0, 120.0], [84892.5, 11370.0], [84885.0, 12850.0], [84882.5, 42440.0], [84870.0, 3410.0], [84867.5, 11370.0], [84857.5, 11370.0], [84850.0, 7930.0], [84847.5, 26420.0], [84840.0, 11480.0], [84830.0, 11480.0]], "asks": [[84927.5, 2610.0], [84930.0, 6440.0], [84932.5, 11500.0], [84935.0, 2600.0], [84937.5, 120.0], [84940.0, 4840.0], [84942.5, 4770.0], [84945.0, 12160.0], [84947.5, 2640.0], [84950.0, 3230.0], [84955.0, 11970.0], [84957.5, 2000.0], [84962.5, 3410.0], [84965.0, 11370.0], [84982.5, 3410.0], [84985.0, 18770.0], [84987.5, 24680.0], [84992.5, 3410.0], [84995.0, 11370.0], [85002.5, 53370.0]]}}}
{"jsonrpc": "2.0", "method": "subscription", "params": {"channel": "book.BTC-4APR25.none.20.100ms", "data": {"timestamp": 1743521518408, "change_id": 95128861063, "instrument_name": "BTC-4APR25", "bids": [[84925.0, 2600.0], [84922.5, 2600.0], [84920.0, 1440.0], [84917.5, 2600.0], [84915.0, 2600.0], [84912.5, 2210.0], [84910.0, 7370.0], [84907.5, 5350.0], [84905.0, 10000.0], [84900.0, 120.0], [84892.5, 11370.0], [84885.0, 12850.0], [84882.5, 42440.0], [84870.0, 3410.0], [84867.5, 11370.0], [84857.5, 11370.0], [84850.0, 7930.0], [84847.5, 26420.0], [84840.0, 11480.0], [84830.0, 11480.0]], "asks": [[84927.5, 10.0], [84930.0, 6830.0], [84932.5, 11500.0], [84935.0, 2600.0], [84937.5, 120.0], [84940.0, 1430.0], [84942.5, 4770.0], [84945.0, 790.0], [84947.5, 2640.0], [84950.0, 3230.0], [84955.0, 11970.0], [84957.5, 2000.0], [84962.5, 3410.0], [84965.0, 11370.0], [84982.5, 3410.0], [84985.0, 18770.0], [84987.5, 24680.0], [84992.5, 3410.0], [84995.0, 11370.0], [85002.5, 53370.0]]}}}
{"jsonrpc": "2.0", "method": "subscription", "params": {"channel": "book.BTC-11APR25.none.20.100ms", "data": {"timestamp": 1743521518424, "change_id": 95128861086, "instrument_name": "BTC-11APR25", "bids": [[85002.5, 10500.0], [85000.0, 3040.0], [84997.5, 1900.0], [84995.0, 1900.0], [84992.5, 2520.0], [84990.0, 9830.0], [84987.5, 4770.0], [84982.5, 5200.0], [84980.0, 18590.0], [84977.5, 12740.0], [84975.0, 42480.0], [84970.0, 8400.0], [84965.0, 120.0], [84950.0, 8400.0], [84930.0, 2520.0], [84927.5, 8400.0], [84907.5, 2520.0], [84905.0, 8400.0], [84902.5, 6230.0], [84895.0, 2520.0]], "asks": [[85005.0, 10.0], [85007.5, 17280.0], [85010.0, 10490.0], [85012.5, 120.0], [85015.0, 20.0], [85017.5, 2520.0], [85020.0, 9830.0], [85022.5, 4770.0], [85025.0, 2520.0], [85027.5, 1900.0], [85030.0, 8400.0], [85037.5, 4500.0], [85040.0, 8320.0], [85055.0, 4470.0], [85057.5, 6400.0], [85060.0, 8490.0], [85072.5, 8600.0], [85080.0, 50000.0], [85085.0, 8620.0], [85095.0, 26580.0]]}}}
{"jsonrpc": "2.0", "method": "subscription", "params": {"channel": "book.BTC-4APR25.none.20.100ms", "data": {"timestamp": 1743521518644, "change_id": 95128861786, "instrument_name": "BTC-4APR25", "bids": [[84925.0, 2600.0], [84922.5, 2600.0], [84920.0, 930.0], [84915.0, 2600.0], [84912.5, 4810.0], [84910.0, 7370.0], [84907.5, 5350.0], [84905.0, 10000.0], [84900.0, 27110.0], [84892.5, 11370.0], [84885.0, 25580.0], [84882.5, 42440.0], [84857.5, 11370.0], [84850.0, 7930.0], [84847.5, 26420.0], [84842.5, 3440.0], [84840.0, 11480.0], [84830.0, 11480.0], [84822.5, 7480.0], [84820.0, 24940.0]], "asks": [[84927.5, 2610.0], [84930.0, 2600.0], [84932.5, 11500.0], [84935.0, 2600.0], [84937.5, 120.0], [84940.0, 1430.0], [84942.5, 4770.0], [84945.0, 790.0], [84947.5, 2640.0], [84950.0, 6010.0], [84952.5, 10000.0], [84955.0, 11970.0], [84957.5, 2000.0], [84962.5, 3410.0], [84965.0, 11370.0], [84982.5, 3410.0], [84985.0, 18770.0], [84987.5, 24680.0], [84992.5, 3410.0], [84995.0, 11370.0]]}}}
{"jsonrpc": "2.0", "method": "subscription", "params": {"channel": "book.BTC-11APR25.none.20.100ms", "data": {"timestamp": 1743521518818, "change_id": 95128861875, "instrument_name": "BTC-11APR25", "bids": [[85005.0, 1900.0], [85002.5, 1900.0], [85000.0, 570.0], [84995.0, 1900.0], [84992.5, 4420.0], [84990.0, 9830.0], [84987.5, 4770.0], [84982.5, 5200.0], [84980.0, 18590.0], [84977.5, 12740.0], [84975.0, 42480.0], [84970.0, 8400.0], [84965.0, 120.0], [84950.0, 8400.0], [84930.0, 2520.0], [84927.5, 8400.0], [84907.5, 2520.0], [84905.0, 8400.0], [84902.5, 6230.0], [84895.0, 2520.0]], "asks": [[85007.5, 14100.0], [85010.0, 10490.0], [85012.5, 120.0], [85015.0, 20.0], [85017.5, 4420.0], [85020.0, 9830.0], [85022.5, 4770.0], [85025.0, 5780.0], [85027.5, 11900.0], [85030.0, 8400.0], [85037.5, 4500.0], [85040.0, 8320.0], [85055.0, 4470.0], [85057.5, 6400.0], [85060.0, 8490.0], [85072.5, 8600.0], [85080.0, 50000.0], [85085.0, 8620.0], [85095.0, 26580.0], [85102.5, 2530.0]]}}}
{"jsonrpc": "2.0", "method": "subscription", "params": {"channel": "book.BTC-4APR25.none.20.100ms", "data": {"timestamp": 1743521519149, "change_id": 95128862647, "instrument_name": "BTC-4APR25", "bids": [[84925.0, 2600.0], [84922.5, 2600.0], [84920.0, 930.0], [84915.0, 2600.0], [84912.5, 4810.0], [84910.0, 7370.0], [84907.5, 5350.0], [84905.0, 10000.0], [84900.0, 27110.0], [84892.5, 11370.0], [84885.0, 25580.0], [84882.5, 42440.0], [84857.5, 11370.0], [84850.0, 7930.0], [84847.5, 26420.0], [84842.5, 3440.0], [84840.0, 11480.0], [84830.0, 11480.0], [84822.5, 7480.0], [84820.0, 24940.0]], "asks": [[84927.5, 2730.0], [84930.0, 6830.0], [84932.5, 11500.0], [84935.0, 2600.0], [84940.0, 1430.0], [84942.5, 4770.0], [84945.0, 790.0], [84947.5, 2640.0], [84950.0, 6010.0], [84952.5, 10000.0], [84955.0, 11970.0], [84957.5, 2000.0], [84962.5, 3410.0], [84965.0, 11370.0], [84982.5, 3410.0], [84985.0, 18770.0], [84987.5, 24680.0], [84992.5, 3410.0], [84995.0, 11370.0], [85002.5, 53370.0]]}}}
{"jsonrpc": "2.0", "method": "subscription", "params": {"channel": "book.BTC-11APR25.none.20.100ms", "data": {"timestamp": 1743521518993, "change_id": 95128862357, "instrument_name": "BTC-11APR25", "bids": [[85005.0, 1900.0], [85002.5, 1900.0], [85000.0, 570.0], [84995.0, 1900.0], [84992.5, 4420.0], [84990.0, 9830.0], [84987.5, 4770.0], [84982.5, 5200.0], [84980.0, 18590.0], [84977.5, 12740.0], [84975.0, 42480.0], [84972.5, 2520.0], [84970.0, 8400.0], [84965.0, 120.0], [84950.0, 8400.0], [84930.0, 2520.0], [84927.5, 8400.0], [84907.5, 2520.0], [84905.0, 10270.0], [84902.5, 6230.0]], "asks": [[85007.5, 22600.0], [85010.0, 10490.0], [85012.5, 120.0], [85015.0, 20.0], [85017.5, 4420.0], [85020.0, 9830.0], [85022.5, 4770.0], [85025.0, 5780.0], [85027.5, 11900.0], [85030.0, 8400.0], [85037.5, 4500.0], [85040.0, 8320.0], [85055.0, 4470.0], [85057.5, 6400.0], [85060.0, 8490.0], [85072.5, 8600.0], [85077.5, 15000.0], [85080.0, 50000.0], [85085.0, 8620.0], [85095.0, 26580.0]]}}}
{"jsonrpc": "2.0", "method": "subscription", "params": {"channel": "book.BTC-4APR25.none.20.100ms", "data": {"timestamp": 1743521519427, "change_id": 95128863685, "instrument_name": "BTC-4APR25", "bids": [[84920.0, 2600.0], [84917.5, 3380.0], [84915.0, 2600.0], [84912.5, 4810.0], [84910.0, 7370.0], [84907.5, 5350.0], [84905.0, 10000.0], [84890.0, 6820.0], [84885.0, 37070.0], [84882.5, 42440.0], [84877.5, 3410.0], [84875.0, 11370.0], [84860.0, 3410.0], [84857.5, 11370.0], [84850.0, 7930.0], [84847.5, 26420.0], [84842.5, 3440.0], [84840.0, 11480.0], [84832.5, 3440.0], [84830.0, 11480.0]], "asks": [[84922.5, 2610.0], [84925.0, 2600.0], [84927.5, 14220.0], [84940.0, 4840.0], [84942.5, 16140.0], [84945.0, 790.0], [84947.5, 2640.0], [84950.0, 6010.0], [84952.5, 10000.0], [84955.0, 11970.0], [84957.5, 2000.0], [84962.5, 3410.0], [84965.0, 11370.0], [84982.5, 3410.0], [84985.0, 18770.0], [84987.5, 24680.0], [84992.5, 3410.0], [84995.0, 11370.0], [85000.0, 18370.0], [85002.5, 50000.0]]}}}
{"jsonrpc": "2.0", "method": "subscription", "params": {"channel": "book.BTC-11APR25.none.20.100ms", "data": {"timestamp": 1743521519426, "change_id": 95128863678, "instrument_name": "BTC-11APR25", "bids": [[85000.0, 1900.0], [84997.5, 5050.0], [84995.0, 11060.0], [84992.5, 1900.0], [84990.0, 1430.0], [84987.5, 4770.0], [84982.5, 5200.0], [84980.0, 18590.0], [84977.5, 12740.0], [84975.0, 42480.0], [84972.5, 2520.0], [84970.0, 8400.0], [84965.0, 120.0], [84950.0, 8400.0], [84930.0, 2520.0], [84927.5, 8400.0], [84907.5, 2520.0], [84905.0, 8400.0], [84897.5, 6230.0], [84895.0, 2520.0]], "asks": [[85002.5, 2030.0], [85005.0, 8700.0], [85007.5, 14090.0], [85010.0, 8590.0], [85015.0, 20.0], [85017.5, 4420.0], [85020.0, 9830.0], [85022.5, 4770.0], [85025.0, 5780.0], [85027.5, 10000.0], [85030.0, 8400.0], [85037.5, 4500.0], [85040.0, 8320.0], [85055.0, 4470.0], [85057.5, 6400.0], [85060.0, 8490.0], [85072.5, 8600.0], [85080.0, 50000.0], [85085.0, 8620.0], [85095.0, 8400.0]]}}}
{"jsonrpc": "2.0", "method": "subscription", "params": {"channel": "book.BTC-4APR25.none.20.100ms", "data": {"timestamp": 1743521519738, "change_id": 95128864520, "instrument_name": "BTC-4APR25", "bids": [[84920.0, 2600.0], [84917.5, 780.0], [84915.0, 2600.0], [84912.5, 4810.0], [84910.0, 7370.0], [84907.5, 5350.0], [84905.0, 10000.0], [84890.0, 6820.0], [84885.0, 37070.0], [84882.5, 42440.0], [84877.5, 3410.0], [84875.0, 11370.0], [84860.0, 3410.0], [84857.5, 11370.0], [84850.0, 7930.0], [84847.5, 26420.0], [84842.5, 3440.0], [84840.0, 11480.0], [84832.5, 3440.0], [84830.0, 11480.0]], "asks": [[84922.5, 14110.0], [84925.0, 6870.0], [84927.5, 11620.0], [84937.5, 15000.0], [84940.0, 54840.0], [84942.5, 16140.0], [84945.0, 790.0], [84947.5, 2640.0], [84950.0, 6010.0], [84952.5, 10000.0], [84955.0, 11970.0], [84957.5, 2000.0], [84962.5, 3410.0], [84965.0, 11370.0], [84982.5, 3410.0], [84985.0, 18770.0], [84987.5, 24680.0], [84992.5, 3410.0], [84995.0, 11370.0], [85002.5, 3370.0]]}}}
{"jsonrpc": "2.0", "method": "subscription", "params": {"channel": "book.BTC-11APR25.none.20.100ms", "data": {"timestamp": 1743521519824, "change_id": 95128864688, "instrument_name": "BTC-11APR25", "bids": [[84997.5, 1910.0], [84995.0, 4980.0], [84992.5, 1900.0], [84990.0, 10020.0], [84987.5, 4770.0], [84985.0, 1900.0], [84982.5, 5200.0], [84980.0, 18590.0], [84977.5, 12740.0], [84975.0, 42480.0], [84972.5, 2520.0], [84970.0, 8400.0], [84965.0, 120.0], [84950.0, 8400.0], [84930.0, 2520.0], [84927.5, 8400.0], [84907.5, 2520.0], [84905.0, 8400.0], [84897.5, 6230.0], [84895.0, 2520.0]], "asks": [[85000.0, 10500.0], [85002.5, 2020.0], [85005.0, 4480.0], [85010.0, 8590.0], [85015.0, 17720.0], [85017.5, 1900.0], [85020.0, 59830.0], [85022.5, 4770.0], [85025.0, 5780.0], [85027.5, 10000.0], [85030.0, 8400.0], [85037.5, 4500.0], [85040.0, 8320.0], [85055.0, 4470.0], [85057.5, 6400.0], [85060.0, 8490.0], [85072.5, 8600.0], [85085.0, 8620.0], [85095.0, 8400.0], [85102.5, 2530.0]]}}}
{"jsonrpc": "2.0", "method": "subscription", "params": {"channel": "book.BTC-11APR25.none.20.100ms", "data": {"timestamp": 1743521520125, "change_id": 95128865601, "instrument_name": "BTC-11APR25", "bids": [[84997.5, 1900.0], [84995.0, 4980.0], [84992.5, 1900.0], [84990.0, 10020.0], [84985.0, 1900.0], [84982.5, 5200.0], [84980.0, 23360.0], [84977.5, 12740.0], [84975.0, 42480.0], [84972.5, 2520.0], [84970.0, 8400.0], [84965.0, 120.0], [84952.5, 2520.0], [84950.0, 8400.0], [84930.0, 2520.0], [84927.5, 8400.0], [84907.5, 2520.0], [84905.0, 8400.0], [84900.0, 1870.0], [84897.5, 6230.0]], "asks": [[85000.0, 8600.0], [85002.5, 2020.0], [85005.0, 6840.0], [85010.0, 8590.0], [85012.5, 1440.0], [85015.0, 22490.0], [85017.5, 1900.0], [85020.0, 59830.0], [85025.0, 5780.0], [85027.5, 10000.0], [85030.0, 8400.0], [85037.5, 4500.0], [85040.0, 8320.0], [85055.0, 4470.0], [85057.5, 6400.0], [85060.0, 8490.0], [85070.0, 2580.0], [85072.5, 8600.0], [85085.0, 8620.0], [85095.0, 8400.0]]}}}
{"jsonrpc": "2.0", "method": "subscription", "params": {"channel": "book.BTC-4APR25.none.20.100ms", "data": {"timestamp": 1743521520065, "change_id": 95128865426, "instrument_name": "BTC-4APR25", "bids": [[84920.0, 2600.0], [84917.5, 780.0], [84915.0, 2600.0], [84912.5, 4810.0], [84910.0, 7370.0], [84907.5, 5350.0], [84905.0, 10000.0], [84890.0, 6820.0], [84885.0, 37070.0], [84882.5, 42440.0], [84877.5, 3410.0], [84875.0, 11370.0], [84860.0, 3410.0], [84857.5, 11370.0], [84850.0, 7930.0], [84847.5, 26420.0], [84842.5, 3440.0], [84840.0, 11480.0], [84832.5, 3440.0], [84830.0, 11480.0]], "asks": [[84922.5, 10.0], [84925.0, 6870.0], [84927.5, 11620.0], [84937.5, 15000.0], [84940.0, 54840.0], [84942.5, 16140.0], [84945.0, 790.0], [84947.5, 2640.0], [84950.0, 6010.0], [84952.5, 10000.0], [84955.0, 11970.0], [84957.5, 2000.0], [84962.5, 3410.0], [84965.0, 11370.0], [84982.5, 3410.0], [84985.0, 18770.0], [84987.5, 24680.0], [84992.5, 3410.0], [84995.0, 11370.0], [85002.5, 3370.0]]}}}
{"jsonrpc": "2.0", "method": "subscription", "params": {"channel": "book.BTC-4APR25.none.20.100ms", "data": {"timestamp": 1743521520492, "change_id": 95128866391, "instrument_name": "BTC-4APR25", "bids": [[84920.0, 2600.0], [84917.5, 780.0], [84915.0, 2600.0], [84912.5, 4810.0], [84910.0, 7370.0], [84907.5, 5350.0], [84905.0, 10000.0], [84890.0, 3890.0], [84885.0, 24220.0], [84882.5, 42440.0], [84880.0, 12850.0], [84877.5, 3410.0], [84875.0, 11370.0], [84860.0, 3410.0], [84857.5, 11370.0], [84850.0, 7930.0], [84847.5, 26420.0], [84842.5, 3440.0], [84840.0, 11480.0], [84832.5, 3440.0]], "asks": [[84922.5, 14110.0], [84925.0, 6090.0], [84927.5, 11620.0], [84937.5, 1430.0], [84940.0, 3410.0], [84942.5, 11370.0], [84945.0, 15690.0], [84947.5, 2640.0], [84950.0, 56010.0], [84952.5, 10000.0], [84955.0, 11970.0], [84957.5, 2000.0], [84962.5, 3410.0], [84965.0, 11370.0], [84982.5, 3410.0], [84985.0, 18770.0], [84987.5, 24680.0], [84992.5, 3410.0], [84995.0, 11370.0], [85002.5, 3370.0]]}}}
{"jsonrpc": "2.0", "method": "subscription", "params": {"channel": "book.BTC-11APR25.none.20.100ms", "data": {"timestamp": 1743521520488, "change_id": 95128866385, "instrument_name": "BTC-11APR25", "bids": [[84997.5, 1900.0], [84995.0, 4980.0], [84992.5, 1900.0], [84990.0, 10020.0], [84985.0, 1900.0], [84982.5, 5200.0], [84980.0, 23360.0], [84977.5, 12740.0], [84975.0, 42480.0], [84972.5, 2520.0], [84970.0, 8400.0], [84965.0, 120.0], [84952.5, 2520.0], [84950.0, 8400.0], [84930.0, 2520.0], [84927.5, 8400.0], [84907.5, 2520.0], [84905.0, 8400.0], [84895.0, 8750.0], [84892.5, 8400.0]], "asks": [[85000.0, 17100.0], [85002.5, 16530.0], [85005.0, 6840.0], [85010.0, 8590.0], [85015.0, 17720.0], [85017.5, 6670.0], [85020.0, 59830.0], [85025.0, 5780.0], [85027.5, 10000.0], [85030.0, 8400.0], [85037.5, 4500.0], [85040.0, 8320.0], [85055.0, 4470.0], [85057.5, 6400.0], [85060.0, 8490.0], [85070.0, 2580.0], [85072.5, 8600.0], [85085.0, 8620.0], [85095.0, 8400.0], [85102.5, 2530.0]]}}}
{"jsonrpc": "2.0", "method": "subscription", "params": {"channel": "book.BTC-4APR25.none.20.100ms", "data": {"timestamp": 1743521520812, "change_id": 95128867105, "instrument_name": "BTC-4APR25", "bids": [[84922.5, 2600.0], [84920.0, 2600.0], [84915.0, 2600.0], [84912.5, 4810.0], [84910.0, 7370.0], [84907.5, 5350.0], [84905.0, 10000.0], [84890.0, 3890.0], [84885.0, 24220.0], [84882.5, 42440.0], [84880.0, 12850.0], [84877.5, 3410.0], [84875.0, 11370.0], [84860.0, 3410.0], [84857.5, 11370.0], [84850.0, 7930.0], [84847.5, 26420.0], [84842.5, 3440.0], [84840.0, 11480.0], [84832.5, 3440.0]], "asks": [[84925.0, 14110.0], [84927.5, 11620.0], [84935.0, 2210.0], [84937.5, 2600.0], [84940.0, 4770.0], [84945.0, 15690.0], [84947.5, 2640.0], [84950.0, 56010.0], [84952.5, 10000.0], [84955.0, 11970.0], [84957.5, 2000.0], [84962.5, 3410.0], [84965.0, 11370.0], [84982.5, 3410.0], [84985.0, 18770.0], [84987.5, 24680.0], [84992.5, 3410.0], [84995.0, 11370.0], [85002.5, 3370.0], [85005.0, 11240.0]]}}}
{"jsonrpc": "2.0", "method": "subscription", "params": {"channel": "book.BTC-11APR25.none.20.100ms", "data": {"timestamp": 1743521520813, "change_id": 95128867090, "instrument_name": "BTC-11APR25", "bids": [[85000.0, 1900.0], [84997.5, 1900.0], [84995.0, 1900.0], [84992.5, 10490.0], [84990.0, 570.0], [84985.0, 1900.0], [84982.5, 7100.0], [84980.0, 23360.0], [84977.5, 12740.0], [84975.0, 42480.0], [84972.5, 2520.0], [84970.0, 8400.0], [84965.0, 120.0], [84952.5, 2520.0], [84950.0, 8400.0], [84905.0, 8400.0], [84895.0, 6230.0], [84892.5, 8400.0], [84882.5, 8690.0], [84880.0, 20.0]], "asks": [[85002.5, 23140.0], [85005.0, 4940.0], [85007.5, 1900.0], [85010.0, 23600.0], [85015.0, 53110.0], [85017.5, 6670.0], [85020.0, 8400.0], [85025.0, 5110.0], [85027.5, 10000.0], [85030.0, 8400.0], [85037.5, 4500.0], [85040.0, 8320.0], [85057.5, 6400.0], [85060.0, 8490.0], [85070.0, 2580.0], [85072.5, 8600.0], [85085.0, 8620.0], [85095.0, 8400.0], [85102.5, 2530.0], [85105.0, 8430.0]]}}}
{"jsonrpc": "2.0", "method": "subscription", "params": {"channel": "book.BTC-4APR25.none.20.100ms", "data": {"timestamp": 1743521521035, "change_id": 95128867890, "instrument_name": "BTC-4APR25", "bids": [[84915.0, 2600.0], [84912.5, 3380.0], [84910.0, 2600.0], [84907.5, 5350.0], [84905.0, 10000.0], [84902.5, 1430.0], [84900.0, 4770.0], [84887.5, 3570.0], [84885.0, 24630.0], [84882.5, 42440.0], [84880.0, 12850.0], [84877.5, 3410.0], [84875.0, 11370.0], [84860.0, 3410.0], [84857.5, 11370.0], [84850.0, 7930.0], [84847.5, 26420.0], [84842.5, 3440.0], [84840.0, 11480.0], [84832.5, 3440.0]], "asks": [[84917.5, 2610.0], [84922.5, 14100.0], [84925.0, 2600.0], [84927.5, 1550.0], [84930.0, 4770.0], [84935.0, 15680.0], [84937.5, 2600.0], [84940.0, 56410.0], [84942.5, 10000.0], [84945.0, 12160.0], [84947.5, 2640.0], [84950.0, 3230.0], [84955.0, 11970.0], [84957.5, 2000.0], [84962.5, 3410.0], [84965.0, 11370.0], [84982.5, 3410.0], [84985.0, 18770.0], [84987.5, 24680.0], [84992.5, 3410.0]]}}}
{"jsonrpc": "2.0", "method": "subscription", "params": {"channel": "book.BTC-11APR25.none.20.100ms", "data": {"timestamp": 1743521521039, "change_id": 95128867928, "instrument_name": "BTC-11APR25", "bids": [[84992.5, 1900.0], [84990.0, 570.0], [84985.0, 1900.0], [84982.5, 7100.0], [84980.0, 18590.0], [84977.5, 12740.0], [84975.0, 46430.0], [84972.5, 4770.0], [84970.0, 8400.0], [84965.0, 120.0], [84952.5, 2520.0], [84950.0, 8400.0], [84907.5, 2520.0], [84905.0, 8400.0], [84895.0, 6230.0], [84892.5, 8400.0], [84882.5, 8690.0], [84880.0, 20.0], [84855.0, 2570.0], [84852.5, 8570.0]], "asks": [[84995.0, 10.0], [84997.5, 1900.0], [85000.0, 10490.0], [85002.5, 14630.0], [85005.0, 6620.0], [85007.5, 1900.0], [85010.0, 28370.0], [85015.0, 55720.0], [85017.5, 11900.0], [85020.0, 8400.0], [85025.0, 3260.0], [85030.0, 8400.0], [85037.5, 4500.0], [85040.0, 8320.0], [85055.0, 4470.0], [85057.5, 6400.0], [85060.0, 8490.0], [85070.0, 2580.0], [85072.5, 8600.0], [85085.0, 8620.0]]}}}
{"jsonrpc": "2.0", "method": "subscription", "params": {"channel": "book.BTC-11APR25.none.20.100ms", "data": {"timestamp": 1743521521428, "change_id": 95128868629, "instrument_name": "BTC-11APR25", "bids": [[84995.0, 1910.0], [84992.5, 10490.0], [84990.0, 570.0], [84985.0, 1900.0], [84982.5, 7100.0], [84980.0, 23360.0], [84977.5, 12740.0], [84975.0, 45000.0], [84970.0, 8400.0], [84965.0, 120.0], [84952.5, 2520.0], [84950.0, 8400.0], [84907.5, 2520.0], [84905.0, 8400.0], [84895.0, 6230.0], [84892.5, 8400.0], [84882.5, 8690.0], [84880.0, 20.0], [84855.0, 2570.0], [84852.5, 8570.0]], "asks": [[84997.5, 10.0], [85000.0, 7000.0], [85002.5, 14630.0], [85005.0, 6620.0], [85007.5, 1900.0], [85010.0, 28370.0], [85015.0, 55720.0], [85017.5, 11900.0], [85020.0, 8400.0], [85025.0, 3260.0], [85030.0, 8400.0], [85037.5, 4500.0], [85040.0, 8320.0], [85055.0, 4470.0], [85057.5, 6400.0], [85060.0, 8490.0], [85070.0, 2580.0], [85072.5, 8600.0], [85085.0, 8620.0], [85092.5, 2520.0]]}}}
{"jsonrpc": "2.0", "method": "subscription", "params": {"channel": "book.BTC-4APR25.none.20.100ms", "data": {"timestamp": 1743521521307, "change_id": 95128868445, "instrument_name": "BTC-4APR25", "bids": [[84915.0, 4170.0], [84912.5, 2600.0], [84910.0, 2600.0], [84907.5, 5350.0], [84905.0, 10000.0], [84902.5, 1430.0], [84900.0, 4770.0], [84887.5, 3570.0], [84885.0, 24630.0], [84882.5, 42440.0], [84880.0, 12850.0], [84877.5, 3410.0], [84875.0, 11370.0], [84860.0, 3410.0], [84857.5, 11370.0], [84850.0, 7930.0], [84847.5, 26420.0], [84842.5, 3440.0], [84840.0, 11480.0], [84832.5, 3440.0]], "asks": [[84922.5, 2600.0], [84925.0, 2600.0], [84927.5, 1550.0], [84930.0, 4770.0], [84935.0, 780.0], [84937.5, 2600.0], [84940.0, 20610.0], [84942.5, 60000.0], [84945.0, 12160.0], [84947.5, 2640.0], [84950.0, 3230.0], [84955.0, 11970.0], [84957.5, 2000.0], [84962.5, 3410.0], [84965.0, 11370.0], [84982.5, 3410.0], [84985.0, 18770.0], [84987.5, 24680.0], [84992.5, 3410.0], [84995.0, 11370.0]]}}}
{"jsonrpc": "2.0", "method": "subscription", "params": {"channel": "book.BTC-11APR25.none.20.100ms", "data": {"timestamp": 1743521521765, "change_id": 95128869697, "instrument_name": "BTC-11APR25", "bids": [[85000.0, 10410.0], [84997.5, 10400.0], [84995.0, 1900.0], [84992.5, 10490.0], [84987.5, 4770.0], [84985.0, 1900.0], [84982.5, 1900.0], [84980.0, 18590.0], [84975.0, 42480.0], [84970.0, 8400.0], [84965.0, 120.0], [84950.0, 8400.0], [84905.0, 8400.0], [84895.0, 6230.0], [84892.5, 8400.0], [84882.5, 8690.0], [84880.0, 20.0], [84852.5, 8570.0], [84837.5, 8570.0], [84830.0, 6370.0]], "asks": [[85002.5, 120.0], [85015.0, 20.0], [85017.5, 11900.0], [85020.0, 8400.0], [85022.5, 4770.0], [85030.0, 8400.0], [85037.5, 2000.0], [85040.0, 8320.0], [85057.5, 6400.0], [85060.0, 8490.0], [85072.5, 8600.0], [85075.0, 50000.0], [85085.0, 8620.0], [85095.0, 8400.0], [85105.0, 8430.0], [85125.0, 8620.0], [85135.0, 26750.0], [85147.5, 8390.0], [85150.0, 2550.0], [85152.5, 20.0]]}}}
{"jsonrpc": "2.0", "method": "subscription", "params": {"channel": "book.BTC-4APR25.none.20.100ms", "data": {"timestamp": 1743521521771, "change_id": 95128869715, "instrument_name": "BTC-4APR25", "bids": [[84925.0, 2610.0], [84922.5, 3150.0], [84920.0, 3380.0], [84917.5, 2600.0], [84915.0, 1560.0], [84912.5, 2600.0], [84910.0, 7810.0], [84907.5, 7370.0], [84905.0, 10000.0], [84897.5, 3530.0], [84895.0, 11780.0], [84887.5, 3570.0], [84885.0, 24630.0], [84882.5, 42440.0], [84880.0, 12850.0], [84877.5, 3410.0], [84875.0, 11370.0], [84860.0, 3410.0], [84857.5, 11370.0], [84850.0, 7930.0]], "asks": [[84927.5, 120.0], [84937.5, 2600.0], [84940.0, 5600.0], [84942.5, 10000.0], [84945.0, 5560.0], [84947.5, 2640.0], [84950.0, 3230.0], [84955.0, 11970.0], [84957.5, 2000.0], [84962.5, 3410.0], [84965.0, 11370.0], [84982.5, 3410.0], [84985.0, 18770.0], [84987.5, 24680.0], [84992.5, 3410.0], [84995.0, 11370.0], [84997.5, 15000.0], [85000.0, 50000.0], [85002.5, 3370.0], [85005.0, 11240.0]]}}}
{"jsonrpc": "2.0", "method": "subscription", "params": {"channel": "book.BTC-4APR25.none.20.100ms", "data": {"timestamp": 1743521521844, "change_id": 95128870811, "instrument_name": "BTC-4APR25", "bids": [[84925.0, 14110.0], [84922.5, 4740.0], [84920.0, 8150.0], [84917.5, 2600.0], [84915.0, 1460.0], [84912.5, 2600.0], [84910.0, 9440.0], [84907.5, 2600.0], [84905.0, 21780.0], [84897.5, 3530.0], [84895.0, 11900.0], [84887.5, 3570.0], [84885.0, 28370.0], [84882.5, 42440.0], [84880.0, 12850.0], [84877.5, 3410.0], [84875.0, 11370.0], [84860.0, 3410.0], [84857.5, 11370.0], [84850.0, 7930.0]], "asks": [[84927.5, 120.0], [84940.0, 2600.0], [84945.0, 2120.0], [84947.5, 2640.0], [84950.0, 8000.0], [84955.0, 10600.0], [84957.5, 2000.0], [84962.5, 3410.0], [84965.0, 11370.0], [84982.5, 3410.0], [84985.0, 18770.0], [84987.5, 24680.0], [84992.5, 3410.0], [84995.0, 11370.0], [84997.5, 15000.0], [85000.0, 50000.0], [85002.5, 3370.0], [85005.0, 11240.0], [85012.5, 3510.0], [85015.0, 11710.0]]}}}
{"jsonrpc": "2.0", "method": "subscription", "params": {"channel": "book.BTC-11APR25.none.20.100ms", "data": {"timestamp": 1743521522006, "change_id": 95128870791, "instrument_name": "BTC-11APR25", "bids": [[85000.0, 10410.0], [84997.5, 10400.0], [84995.0, 6670.0], [84992.5, 10490.0], [84985.0, 1900.0], [84982.5, 1900.0], [84980.0, 18590.0], [84975.0, 42480.0], [84970.0, 8400.0], [84965.0, 120.0], [84950.0, 8400.0], [84905.0, 8400.0], [84895.0, 6230.0], [84892.5, 8400.0], [84882.5, 8690.0], [84880.0, 20.0], [84852.5, 8570.0], [84837.5, 8570.0], [84830.0, 6370.0], [84827.5, 8600.0]], "asks": [[85002.5, 120.0], [85012.5, 25050.0], [85015.0, 20.0], [85017.5, 1900.0], [85030.0, 23170.0], [85037.5, 2000.0], [85040.0, 8320.0], [85057.5, 6400.0], [85060.0, 8490.0], [85072.5, 8600.0], [85075.0, 50000.0], [85085.0, 8620.0], [85095.0, 8400.0], [85105.0, 8430.0], [85125.0, 8620.0], [85135.0, 26750.0], [85147.5, 8390.0], [85150.0, 2550.0], [85152.5, 20.0], [85157.5, 8430.0]]}}}
{"jsonrpc": "2.0", "method": "subscription", "params": {"channel": "book.BTC-4APR25.none.20.100ms", "data": {"timestamp": 1743521522454, "change_id": 95128872340, "instrument_name": "BTC-4APR25", "bids": [[84930.0, 5010.0], [84927.5, 14100.0], [84925.0, 5590.0], [84922.5, 2600.0], [84920.0, 8150.0], [84917.5, 2600.0], [84915.0, 780.0], [84912.5, 2600.0], [84907.5, 9130.0], [84905.0, 21780.0], [84895.0, 11900.0], [84885.0, 11780.0], [84882.5, 42440.0], [84880.0, 12850.0], [84875.0, 11370.0], [84857.5, 11370.0], [84847.5, 26420.0], [84840.0, 11480.0], [84830.0, 11480.0], [84815.0, 11480.0]], "asks": [[84940.0, 130.0], [84947.5, 2640.0], [84955.0, 15370.0], [84957.5, 2000.0], [84985.0, 11370.0], [84987.5, 24680.0], [84995.0, 11370.0], [85002.5, 50000.0], [85005.0, 11240.0], [85015.0, 11710.0], [85025.0, 11370.0], [85035.0, 11740.0], [85055.0, 11300.0], [85062.5, 24660.0], [85065.0, 11370.0], [85067.5, 49040.0], [85082.5, 11450.0], [85085.0, 40.0], [85092.5, 11630.0], [85102.5, 11410.0]]}}}
{"jsonrpc": "2.0", "method": "subscription", "params": {"channel": "book.BTC-11APR25.none.20.100ms", "data": {"timestamp": 1743521522432, "change_id": 95128872232, "instrument_name": "BTC-11APR25", "bids": [[85010.0, 10.0], [85007.5, 13040.0], [85005.0, 9640.0], [85002.5, 1900.0], [85000.0, 4470.0], [84997.5, 1900.0], [84995.0, 9250.0], [84992.5, 8590.0], [84982.5, 1900.0], [84980.0, 18590.0], [84975.0, 42480.0], [84970.0, 8400.0], [84965.0, 120.0], [84950.0, 8400.0], [84905.0, 8400.0], [84895.0, 6230.0], [84892.5, 8400.0], [84882.5, 8690.0], [84880.0, 20.0], [84852.5, 8570.0]], "asks": [[85012.5, 25060.0], [85015.0, 140.0], [85027.5, 6950.0], [85030.0, 23170.0], [85037.5, 2500.0], [85040.0, 8320.0], [85057.5, 6400.0], [85060.0, 8490.0], [85065.0, 2000.0], [85072.5, 8600.0], [85077.5, 50000.0], [85085.0, 8620.0], [85095.0, 8400.0], [85105.0, 8430.0], [85125.0, 8620.0], [85135.0, 26750.0], [85147.5, 8390.0], [85150.0, 2550.0], [85152.5, 20.0], [85157.5, 8430.0]]}}}
{"jsonrpc": "2.0", "method": "subscription", "params": {"channel": "book.BTC-11APR25.none.20.100ms", "data": {"timestamp": 1743521522762, "change_id": 95128873222, "instrument_name": "BTC-11APR25", "bids": [[85010.0, 1910.0], [85007.5, 10490.0], [85005.0, 1140.0], [85002.5, 1900.0], [85000.0, 4470.0], [84997.5, 1900.0], [84995.0, 9250.0], [84992.5, 8590.0], [84982.5, 1900.0], [84980.0, 18590.0], [84975.0, 42600.0], [84970.0, 8400.0], [84950.0, 8400.0], [84905.0, 8400.0], [84895.0, 6230.0], [84892.5, 8400.0], [84882.5, 8690.0], [84880.0, 20.0], [84852.5, 8570.0], [84837.5, 8570.0]], "asks": [[85012.5, 10.0], [85015.0, 140.0], [85022.5, 570.0], [85025.0, 1900.0], [85027.5, 6950.0], [85030.0, 23170.0], [85037.5, 2500.0], [85040.0, 8320.0], [85057.5, 6400.0], [85060.0, 8490.0], [85065.0, 2000.0], [85072.5, 8600.0], [85077.5, 50000.0], [85085.0, 8620.0], [85095.0, 8400.0], [85105.0, 8430.0], [85125.0, 8620.0], [85135.0, 26750.0], [85147.5, 8390.0], [85150.0, 2550.0]]}}}
