{"jsonrpc": "2.0", "id": 1, "result": ["book.BTC-18APR25.none.20.100ms"], "usIn": 1744557852625076, "usOut": 1744557852625305, "usDiff": 229, "testnet": false}
{"jsonrpc": "2.0", "method": "subscription", "params": {"channel": "book.BTC-18APR25.none.20.100ms", "data": {"timestamp": 1744557852419, "change_id": 97086461140, "instrument_name": "BTC-18APR25", "bids": [[83917.5, 20840.0], [83915.0, 2530.0], [83912.5, 9200.0], [83910.0, 4660.0], [83907.5, 5440.0], [83905.0, 12860.0], [83902.5, 11910.0], [83900.0, 17470.0], [83897.5, 50000.0], [83895.0, 5520.0], [83892.5, 3790.0], [83890.0, 12640.0], [83887.5, 1620.0], [83885.0, 5410.0], [83882.5, 810.0], [83880.0, 2710.0], [83875.0, 1630.0], [83872.5, 5420.0], [83865.0, 1620.0], [83862.5, 5400.0]], "asks": [[83920.0, 11810.0], [83922.5, 9200.0], [83925.0, 24730.0], [83927.5, 42710.0], [83932.5, 1650.0], [83935.0, 5510.0], [83947.5, 1730.0], [83950.0, 5440.0], [83952.5, 3000.0], [83955.0, 10000.0], [83957.5, 1670.0], [83960.0, 5560.0], [83967.5, 2470.0], [83970.0, 8230.0], [83977.5, 1670.0], [83980.0, 5560.0], [83992.5, 7400.0], [83995.0, 26360.0], [83997.5, 5590.0], [84002.5, 40.0]]}}}
{"jsonrpc": "2.0", "method": "subscription", "params": {"channel": "book.BTC-18APR25.none.20.100ms", "data": {"timestamp": 1744557852773, "change_id": 97086461433, "instrument_name": "BTC-18APR25", "bids": [[83917.5, 20840.0], [83915.0, 3730.0], [83912.5, 9200.0], [83910.0, 8960.0], [83907.5, 5440.0], [83905.0, 12860.0], [83902.5, 11910.0], [83900.0, 17470.0], [83897.5, 50000.0], [83895.0, 5520.0], [83892.5, 3790.0], [83890.0, 12640.0], [83887.5, 1620.0], [83885.0, 5410.0], [83882.5, 810.0], [83880.0, 2710.0], [83875.0, 1630.0], [83872.5, 5420.0], [83865.0, 1620.0], [83862.5, 5400.0]], "asks": [[83920.0, 26510.0], [83922.5, 9200.0], [83925.0, 24730.0], [83927.5, 42710.0], [83932.5, 1650.0], [83935.0, 5510.0], [83947.5, 1730.0], [83950.0, 5440.0], [83952.5, 3000.0], [83955.0, 10000.0], [83957.5, 1670.0], [83960.0, 5560.0], [83967.5, 2470.0], [83970.0, 8230.0], [83977.5, 1670.0], [83980.0, 5560.0], [83992.5, 7400.0], [83995.0, 26360.0], [83997.5, 5590.0], [84002.5, 40.0]]}}}
{"jsonrpc": "2.0", "method": "subscription", "params": {"channel": "book.BTC-18APR25.none.20.100ms", "data": {"timestamp": 1744557853208, "change_id": 97086461815, "instrument_name": "BTC-18APR25", "bids": [[83917.5, 4140.0], [83915.0, 13730.0], [83912.5, 9200.0], [83910.0, 5960.0], [83907.5, 5440.0], [83905.0, 2860.0], [83902.5, 11910.0], [83900.0, 17470.0], [83897.5, 50000.0], [83895.0, 5520.0], [83892.5, 3790.0], [83890.0, 12640.0], [83887.5, 1620.0], [83885.0, 5410.0], [83882.5, 810.0], [83880.0, 2710.0], [83875.0, 1630.0], [83872.5, 5420.0], [83865.0, 1620.0], [83862.5, 5400.0]], "asks": [[83920.0, 26510.0], [83922.5, 9200.0], [83925.0, 24730.0], [83927.5, 42710.0], [83932.5, 1650.0], [83935.0, 5510.0], [83947.5, 1730.0], [83950.0, 5440.0], [83952.5, 3000.0], [83955.0, 10000.0], [83957.5, 1670.0], [83960.0, 5560.0], [83967.5, 2470.0], [83970.0, 8230.0], [83977.5, 1670.0], [83980.0, 5560.0], [83992.5, 7400.0], [83995.0, 26360.0], [83997.5, 5590.0], [84002.5, 40.0]]}}}
{"jsonrpc": "2.0", "method": "subscription", "params": {"channel": "book.BTC-18APR25.none.20.100ms", "data": {"timestamp": 1744557853567, "change_id": 97086462393, "instrument_name": "BTC-18APR25", "bids": [[83917.5, 700.0], [83915.0, 10000.0], [83912.5, 1290.0], [83910.0, 5960.0], [83907.5, 5440.0], [83905.0, 2860.0], [83902.5, 9200.0], [83900.0, 17470.0], [83897.5, 50000.0], [83895.0, 12020.0], [83892.5, 12640.0], [83887.5, 1620.0], [83885.0, 5410.0], [83882.5, 810.0], [83880.0, 2710.0], [83875.0, 1630.0], [83872.5, 5420.0], [83865.0, 1620.0], [83862.5, 5400.0], [83855.0, 9620.0]], "asks": [[83920.0, 26510.0], [83922.5, 9200.0], [83925.0, 24730.0], [83927.5, 42710.0], [83932.5, 1650.0], [83935.0, 5510.0], [83947.5, 1730.0], [83950.0, 5440.0], [83952.5, 3000.0], [83955.0, 10000.0], [83957.5, 1670.0], [83960.0, 5560.0], [83967.5, 2470.0], [83970.0, 8230.0], [83977.5, 1670.0], [83980.0, 5560.0], [83992.5, 7400.0], [83995.0, 26360.0], [83997.5, 5590.0], [84002.5, 40.0]]}}}
{"jsonrpc": "2.0", "method": "subscription", "params": {"channel": "book.BTC-18APR25.none.20.100ms", "data": {"timestamp": 1744557853850, "change_id": 97086462983, "instrument_name": "BTC-18APR25", "bids": [[83917.5, 700.0], [83915.0, 10000.0], [83905.0, 100.0], [83902.5, 9200.0], [83897.5, 17470.0], [83895.0, 59310.0], [83892.5, 12640.0], [83890.0, 2440.0], [83887.5, 2710.0], [83885.0, 5410.0], [83875.0, 1630.0], [83872.5, 5420.0], [83865.0, 1620.0], [83862.5, 5400.0], [83855.0, 9620.0], [83852.5, 32060.0], [83850.0, 2710.0], [83835.0, 1640.0], [83830.0, 5450.0], [83825.0, 9300.0]], "asks": [[83920.0, 29220.0], [83922.5, 9200.0], [83925.0, 24730.0], [83927.5, 40000.0], [83932.5, 1650.0], [83935.0, 5510.0], [83947.5, 1730.0], [83950.0, 5440.0], [83952.5, 3000.0], [83955.0, 10000.0], [83957.5, 1670.0], [83960.0, 5560.0], [83967.5, 2470.0], [83970.0, 8230.0], [83977.5, 1670.0], [83980.0, 5560.0], [83992.5, 7400.0], [83995.0, 26360.0], [83997.5, 5590.0], [84002.5, 40.0]]}}}
{"jsonrpc": "2.0", "method": "subscription", "params": {"channel": "book.BTC-18APR25.none.20.100ms", "data": {"timestamp": 1744557854057, "change_id": 97086464082, "instrument_name": "BTC-18APR25", "bids": [[83917.5, 700.0], [83902.5, 19200.0], [83897.5, 17470.0], [83895.0, 59310.0], [83892.5, 12740.0], [83890.0, 1620.0], [83885.0, 5410.0], [83880.0, 2710.0], [83875.0, 1630.0], [83872.5, 5420.0], [83865.0, 1620.0], [83862.5, 5400.0], [83855.0, 9620.0], [83852.5, 32060.0], [83850.0, 2710.0], [83835.0, 1640.0], [83830.0, 5450.0], [83825.0, 9300.0], [83822.5, 25470.0], [83820.0, 5520.0]], "asks": [[83920.0, 29220.0], [83922.5, 9200.0], [83925.0, 24730.0], [83927.5, 40000.0], [83932.5, 1650.0], [83935.0, 5510.0], [83937.5, 910.0], [83940.0, 2710.0], [83942.5, 3000.0], [83945.0, 10000.0], [83947.5, 1630.0], [83950.0, 5440.0], [83957.5, 1670.0], [83960.0, 5560.0], [83967.5, 1660.0], [83970.0, 5520.0], [83977.5, 1670.0], [83980.0, 5560.0], [83992.5, 7400.0], [83995.0, 26360.0]]}}}
{"jsonrpc": "2.0", "method": "subscription", "params": {"channel": "book.BTC-18APR25.none.20.100ms", "data": {"timestamp": 1744557854516, "change_id": 97086465558, "instrument_name": "BTC-18APR25", "bids": [[83892.5, 100.0], [83887.5, 10000.0], [83885.0, 5410.0], [83872.5, 5420.0], [83867.5, 2710.0], [83862.5, 5400.0], [83852.5, 82060.0], [83850.0, 2710.0], [83830.0, 5450.0], [83820.0, 5520.0], [83807.5, 5470.0], [83800.0, 40.0], [83772.5, 5550.0], [83770.0, 32460.0], [83742.5, 5530.0], [83735.0, 40.0], [83730.0, 13120.0], [83727.5, 50200.0], [83702.5, 5420.0], [83700.0, 100.0]], "asks": [[83895.0, 60390.0], [83902.5, 5500.0], [83905.0, 14640.0], [83917.5, 9200.0], [83920.0, 17350.0], [83922.5, 9200.0], [83925.0, 9200.0], [83935.0, 15510.0], [83937.5, 100.0], [83940.0, 2710.0], [83950.0, 5440.0], [83960.0, 5560.0], [83970.0, 5520.0], [83980.0, 5560.0], [83995.0, 24680.0], [83997.5, 5590.0], [84002.5, 40.0], [84027.5, 5470.0], [84037.5, 8800.0], [84050.0, 5570.0]]}}}
{"jsonrpc": "2.0", "method": "subscription", "params": {"channel": "book.BTC-18APR25.none.20.100ms", "data": {"timestamp": 1744557854903, "change_id": 97086466225, "instrument_name": "BTC-18APR25", "bids": [[83887.5, 15550.0], [83885.0, 5410.0], [83880.0, 100.0], [83875.0, 9200.0], [83872.5, 5420.0], [83867.5, 2710.0], [83862.5, 5400.0], [83852.5, 82060.0], [83850.0, 2710.0], [83830.0, 5450.0], [83820.0, 5520.0], [83807.5, 5470.0], [83800.0, 40.0], [83772.5, 5550.0], [83770.0, 32460.0], [83742.5, 5530.0], [83735.0, 40.0], [83730.0, 13120.0], [83727.5, 50200.0], [83702.5, 5420.0]], "asks": [[83890.0, 14950.0], [83892.5, 14700.0], [83895.0, 45440.0], [83900.0, 2710.0], [83905.0, 5440.0], [83917.5, 9200.0], [83920.0, 5440.0], [83925.0, 9200.0], [83927.5, 100.0], [83935.0, 15510.0], [83940.0, 2710.0], [83950.0, 5440.0], [83960.0, 5560.0], [83970.0, 5520.0], [83980.0, 5560.0], [83995.0, 24680.0], [83997.5, 5590.0], [84002.5, 40.0], [84027.5, 5470.0], [84037.5, 8800.0]]}}}
{"jsonrpc": "2.0", "method": "subscription", "params": {"channel": "book.BTC-18APR25.none.20.100ms", "data": {"timestamp": 1744557855141, "change_id": 97086466720, "instrument_name": "BTC-18APR25", "bids": [[83887.5, 10000.0], [83880.0, 100.0], [83877.5, 2760.0], [83875.0, 10830.0], [83872.5, 5420.0], [83870.0, 15710.0], [83867.5, 2710.0], [83865.0, 51620.0], [83862.5, 5400.0], [83855.0, 10430.0], [83852.5, 32060.0], [83850.0, 2710.0], [83832.5, 1640.0], [83830.0, 5450.0], [83822.5, 1660.0], [83820.0, 5520.0], [83810.0, 1640.0], [83807.5, 5470.0], [83800.0, 40.0], [83772.5, 15290.0]], "asks": [[83890.0, 16640.0], [83892.5, 29150.0], [83895.0, 45440.0], [83900.0, 2710.0], [83902.5, 1630.0], [83905.0, 5440.0], [83915.0, 4390.0], [83917.5, 9200.0], [83920.0, 5440.0], [83922.5, 2760.0], [83925.0, 9200.0], [83927.5, 100.0], [83932.5, 4650.0], [83935.0, 15510.0], [83937.5, 810.0], [83940.0, 2710.0], [83947.5, 1630.0], [83950.0, 5440.0], [83957.5, 1670.0], [83960.0, 5560.0]]}}}
{"jsonrpc": "2.0", "method": "subscription", "params": {"channel": "book.BTC-18APR25.none.20.100ms", "data": {"timestamp": 1744557855277, "change_id": 97086467797, "instrument_name": "BTC-18APR25", "bids": [[83887.5, 10000.0], [83880.0, 100.0], [83877.5, 2760.0], [83875.0, 10830.0], [83872.5, 5420.0], [83870.0, 15710.0], [83865.0, 52230.0], [83862.5, 5400.0], [83860.0, 6500.0], [83857.5, 12640.0], [83855.0, 10430.0], [83852.5, 32060.0], [83832.5, 1640.0], [83830.0, 5450.0], [83822.5, 1660.0], [83820.0, 8230.0], [83810.0, 1640.0], [83807.5, 5470.0], [83800.0, 40.0], [83797.5, 13080.0]], "asks": [[83890.0, 17440.0], [83892.5, 31860.0], [83895.0, 45440.0], [83902.5, 1630.0], [83905.0, 5440.0], [83915.0, 4390.0], [83917.5, 9300.0], [83920.0, 5440.0], [83922.5, 5420.0], [83925.0, 19200.0], [83932.5, 1650.0], [83935.0, 5510.0], [83937.5, 810.0], [83940.0, 2710.0], [83947.5, 1630.0], [83950.0, 5440.0], [83957.5, 1670.0], [83960.0, 5560.0], [83962.5, 7400.0], [83965.0, 24680.0]]}}}
{"jsonrpc": "2.0", "method": "subscription", "params": {"channel": "book.BTC-18APR25.none.20.100ms", "data": {"timestamp": 1744557855736, "change_id": 97086469184, "instrument_name": "BTC-18APR25", "bids": [[83875.0, 10000.0], [83867.5, 2790.0], [83865.0, 10920.0], [83862.5, 5400.0], [83860.0, 14530.0], [83855.0, 52470.0], [83852.5, 8220.0], [83835.0, 12640.0], [83832.5, 1640.0], [83830.0, 5450.0], [83822.5, 2470.0], [83820.0, 8230.0], [83810.0, 1640.0], [83807.5, 5470.0], [83800.0, 1670.0], [83797.5, 5440.0], [83795.0, 7950.0], [83792.5, 26510.0], [83787.5, 5440.0], [83780.0, 25470.0]], "asks": [[83877.5, 21580.0], [83880.0, 29150.0], [83882.5, 48150.0], [83887.5, 2610.0], [83890.0, 14410.0], [83892.5, 9200.0], [83895.0, 5440.0], [83902.5, 1630.0], [83905.0, 5440.0], [83907.5, 810.0], [83910.0, 2710.0], [83915.0, 4420.0], [83917.5, 9300.0], [83920.0, 5440.0], [83922.5, 3000.0], [83925.0, 10000.0], [83932.5, 1650.0], [83935.0, 5510.0], [83947.5, 1630.0], [83950.0, 5440.0]]}}}
{"jsonrpc": "2.0", "method": "subscription", "params": {"channel": "book.BTC-18APR25.none.20.100ms", "data": {"timestamp": 1744557856071, "change_id": 97086469774, "instrument_name": "BTC-18APR25", "bids": [[83875.0, 21070.0], [83867.5, 2790.0], [83865.0, 10920.0], [83862.5, 5400.0], [83860.0, 14530.0], [83855.0, 52470.0], [83852.5, 8220.0], [83837.5, 3790.0], [83835.0, 12640.0], [83832.5, 1640.0], [83830.0, 5450.0], [83822.5, 2470.0], [83820.0, 8230.0], [83810.0, 1640.0], [83807.5, 5470.0], [83800.0, 1670.0], [83797.5, 5440.0], [83795.0, 7950.0], [83792.5, 26510.0], [83790.0, 1630.0]], "asks": [[83877.5, 16080.0], [83880.0, 29150.0], [83882.5, 48150.0], [83887.5, 2610.0], [83890.0, 14410.0], [83892.5, 9200.0], [83895.0, 5440.0], [83902.5, 1630.0], [83905.0, 5440.0], [83907.5, 910.0], [83910.0, 2710.0], [83915.0, 4420.0], [83917.5, 9200.0], [83920.0, 5440.0], [83922.5, 3000.0], [83925.0, 10000.0], [83932.5, 1650.0], [83935.0, 5510.0], [83947.5, 1630.0], [83950.0, 5440.0]]}}}
{"jsonrpc": "2.0", "method": "subscription", "params": {"channel": "book.BTC-18APR25.none.20.100ms", "data": {"timestamp": 1744557856504, "change_id": 97086470460, "instrument_name": "BTC-18APR25", "bids": [[83875.0, 20940.0], [83867.5, 2790.0], [83865.0, 10920.0], [83862.5, 5400.0], [83860.0, 14530.0], [83855.0, 52470.0], [83852.5, 8220.0], [83837.5, 3790.0], [83835.0, 12640.0], [83832.5, 1640.0], [83830.0, 5450.0], [83822.5, 2470.0], [83820.0, 8230.0], [83810.0, 1640.0], [83807.5, 5470.0], [83800.0, 1670.0], [83797.5, 5440.0], [83795.0, 7950.0], [83792.5, 26510.0], [83790.0, 1630.0]], "asks": [[83877.5, 18360.0], [83880.0, 29150.0], [83882.5, 48150.0], [83887.5, 2610.0], [83890.0, 14410.0], [83892.5, 9200.0], [83895.0, 5440.0], [83902.5, 1630.0], [83905.0, 5440.0], [83907.5, 910.0], [83910.0, 2710.0], [83912.5, 3000.0], [83915.0, 14420.0], [83917.5, 9200.0], [83920.0, 5440.0], [83932.5, 1650.0], [83935.0, 5510.0], [83947.5, 1630.0], [83950.0, 5440.0], [83957.5, 1670.0]]}}}
{"jsonrpc": "2.0", "method": "subscription", "params": {"channel": "book.BTC-18APR25.none.20.100ms", "data": {"timestamp": 1744557856691, "change_id": 97086470617, "instrument_name": "BTC-18APR25", "bids": [[83875.0, 29440.0], [83867.5, 2790.0], [83865.0, 13480.0], [83862.5, 14600.0], [83860.0, 14530.0], [83855.0, 52470.0], [83852.5, 8220.0], [83837.5, 3790.0], [83835.0, 12640.0], [83832.5, 1640.0], [83830.0, 5450.0], [83822.5, 2470.0], [83820.0, 8230.0], [83810.0, 1640.0], [83807.5, 5470.0], [83800.0, 1670.0], [83797.5, 5440.0], [83795.0, 7950.0], [83792.5, 26510.0], [83790.0, 1630.0]], "asks": [[83877.5, 16100.0], [83880.0, 29150.0], [83882.5, 48150.0], [83890.0, 5210.0], [83892.5, 9200.0], [83895.0, 5440.0], [83902.5, 1630.0], [83905.0, 5440.0], [83907.5, 910.0], [83910.0, 2710.0], [83912.5, 3000.0], [83915.0, 11630.0], [83920.0, 5440.0], [83932.5, 1650.0], [83935.0, 5510.0], [83947.5, 1630.0], [83950.0, 5440.0], [83957.5, 1670.0], [83960.0, 5560.0], [83962.5, 7400.0]]}}}
{"jsonrpc": "2.0", "method": "subscription", "params": {"channel": "book.BTC-18APR25.none.20.100ms", "data": {"timestamp": 1744557857216, "change_id": 97086471126, "instrument_name": "BTC-18APR25", "bids": [[83875.0, 10000.0], [83867.5, 2790.0], [83865.0, 13480.0], [83862.5, 14600.0], [83860.0, 14530.0], [83855.0, 52470.0], [83852.5, 8220.0], [83837.5, 3790.0], [83835.0, 12640.0], [83832.5, 1640.0], [83830.0, 5450.0], [83822.5, 2470.0], [83820.0, 8230.0], [83810.0, 1640.0], [83807.5, 5470.0], [83800.0, 1670.0], [83797.5, 5440.0], [83795.0, 7950.0], [83792.5, 26510.0], [83790.0, 1630.0]], "asks": [[83877.5, 17320.0], [83880.0, 29150.0], [83882.5, 48150.0], [83890.0, 5210.0], [83892.5, 9200.0], [83895.0, 5440.0], [83902.5, 1630.0], [83905.0, 5440.0], [83907.5, 910.0], [83910.0, 2710.0], [83912.5, 3000.0], [83915.0, 11630.0], [83920.0, 5440.0], [83932.5, 1650.0], [83935.0, 5510.0], [83947.5, 1630.0], [83950.0, 5440.0], [83957.5, 1670.0], [83960.0, 5560.0], [83962.5, 7400.0]]}}}
{"jsonrpc": "2.0", "method": "subscription", "params": {"channel": "book.BTC-18APR25.none.20.100ms", "data": {"timestamp": 1744557857296, "change_id": 97086471312, "instrument_name": "BTC-18APR25", "bids": [[83875.0, 20940.0], [83867.5, 2790.0], [83865.0, 13480.0], [83862.5, 14600.0], [83860.0, 14530.0], [83855.0, 52470.0], [83852.5, 8220.0], [83837.5, 3790.0], [83835.0, 12640.0], [83832.5, 1640.0], [83830.0, 5450.0], [83822.5, 2470.0], [83820.0, 8230.0], [83810.0, 1640.0], [83807.5, 5470.0], [83800.0, 1670.0], [83797.5, 5440.0], [83795.0, 7950.0], [83792.5, 26510.0], [83790.0, 1630.0]], "asks": [[83877.5, 18880.0], [83880.0, 29150.0], [83882.5, 48150.0], [83890.0, 5210.0], [83892.5, 9200.0], [83895.0, 5440.0], [83902.5, 1630.0], [83905.0, 5440.0], [83907.5, 910.0], [83910.0, 2710.0], [83912.5, 3000.0], [83915.0, 11630.0], [83920.0, 5440.0], [83932.5, 1650.0], [83935.0, 5510.0], [83947.5, 1630.0], [83950.0, 5440.0], [83957.5, 1670.0], [83960.0, 5560.0], [83962.5, 7400.0]]}}}
{"jsonrpc": "2.0", "method": "subscription", "params": {"channel": "book.BTC-18APR25.none.20.100ms", "data": {"timestamp": 1744557857774, "change_id": 97086471756, "instrument_name": "BTC-18APR25", "bids": [[83875.0, 30140.0], [83870.0, 4500.0], [83867.5, 5700.0], [83865.0, 13480.0], [83862.5, 14600.0], [83860.0, 14530.0], [83855.0, 52470.0], [83852.5, 8220.0], [83837.5, 3790.0], [83835.0, 12640.0], [83832.5, 1640.0], [83830.0, 5450.0], [83822.5, 2470.0], [83820.0, 8230.0], [83810.0, 1640.0], [83807.5, 5470.0], [83800.0, 1670.0], [83797.5, 5440.0], [83795.0, 7950.0], [83792.5, 26510.0]], "asks": [[83877.5, 20710.0], [83880.0, 29150.0], [83882.5, 45440.0], [83887.5, 810.0], [83890.0, 7920.0], [83892.5, 9200.0], [83895.0, 5440.0], [83902.5, 1630.0], [83905.0, 5440.0], [83907.5, 910.0], [83910.0, 2710.0], [83912.5, 3000.0], [83915.0, 11630.0], [83920.0, 5440.0], [83932.5, 1650.0], [83935.0, 5510.0], [83947.5, 1630.0], [83950.0, 5440.0], [83957.5, 1670.0], [83960.0, 5560.0]]}}}
{"jsonrpc": "2.0", "method": "subscription", "params": {"channel": "book.BTC-18APR25.none.20.100ms", "data": {"timestamp": 1744557857904, "change_id": 97086471784, "instrument_name": "BTC-18APR25", "bids": [[83875.0, 30140.0], [83870.0, 4500.0], [83867.5, 5700.0], [83865.0, 13480.0], [83862.5, 14600.0], [83860.0, 14530.0], [83855.0, 52470.0], [83852.5, 8220.0], [83837.5, 3790.0], [83835.0, 12640.0], [83832.5, 1640.0], [83830.0, 5450.0], [83822.5, 2470.0], [83820.0, 8230.0], [83810.0, 1640.0], [83807.5, 5470.0], [83800.0, 1670.0], [83797.5, 5440.0], [83795.0, 7950.0], [83792.5, 26510.0]], "asks": [[83877.5, 20710.0], [83880.0, 29150.0], [83882.5, 45440.0], [83887.5, 810.0], [83890.0, 7920.0], [83892.5, 9200.0], [83895.0, 5440.0], [83902.5, 1630.0], [83905.0, 5440.0], [83907.5, 910.0], [83910.0, 2710.0], [83912.5, 3000.0], [83915.0, 11630.0], [83920.0, 5440.0], [83932.5, 1650.0], [83935.0, 5510.0], [83947.5, 1630.0], [83950.0, 5440.0], [83957.5, 1670.0], [83960.0, 5560.0]]}}}
{"jsonrpc": "2.0", "method": "subscription", "params": {"channel": "book.BTC-18APR25.none.20.100ms", "data": {"timestamp": 1744557858553, "change_id": 97086472697, "instrument_name": "BTC-18APR25", "bids": [[83875.0, 10000.0], [83867.5, 5700.0], [83865.0, 13480.0], [83862.5, 14600.0], [83860.0, 14530.0], [83855.0, 52470.0], [83852.5, 8220.0], [83837.5, 3790.0], [83835.0, 12640.0], [83832.5, 1640.0], [83830.0, 5450.0], [83822.5, 2470.0], [83820.0, 8230.0], [83810.0, 1640.0], [83807.5, 5470.0], [83800.0, 1670.0], [83797.5, 5440.0], [83795.0, 7950.0], [83792.5, 26510.0], [83790.0, 1630.0]], "asks": [[83877.5, 17320.0], [83880.0, 29150.0], [83882.5, 45440.0], [83887.5, 810.0], [83890.0, 7920.0], [83892.5, 9200.0], [83895.0, 5440.0], [83902.5, 1630.0], [83905.0, 5440.0], [83907.5, 910.0], [83910.0, 2710.0], [83912.5, 3000.0], [83915.0, 11630.0], [83920.0, 5440.0], [83932.5, 1650.0], [83935.0, 5510.0], [83947.5, 1630.0], [83950.0, 5440.0], [83957.5, 1670.0], [83960.0, 5560.0]]}}}
{"jsonrpc": "2.0", "method": "subscription", "params": {"channel": "book.BTC-18APR25.none.20.100ms", "data": {"timestamp": 1744557859164, "change_id": 97086473716, "instrument_name": "BTC-18APR25", "bids": [[83875.0, 11050.0], [83870.0, 4500.0], [83867.5, 5700.0], [83865.0, 16130.0], [83862.5, 24600.0], [83860.0, 14530.0], [83855.0, 52470.0], [83852.5, 8220.0], [83842.5, 5420.0], [83840.0, 12640.0], [83832.5, 1640.0], [83830.0, 5450.0], [83822.5, 2470.0], [83820.0, 8230.0], [83810.0, 1640.0], [83807.5, 5470.0], [83800.0, 1670.0], [83797.5, 5440.0], [83795.0, 7950.0], [83792.5, 26510.0]], "asks": [[83877.5, 11820.0], [83880.0, 29150.0], [83882.5, 45440.0], [83887.5, 810.0], [83890.0, 7920.0], [83892.5, 9200.0], [83895.0, 5440.0], [83902.5, 1630.0], [83905.0, 5440.0], [83907.5, 910.0], [83910.0, 2710.0], [83912.5, 3000.0], [83915.0, 11630.0], [83920.0, 5440.0], [83932.5, 1650.0], [83935.0, 5510.0], [83947.5, 1630.0], [83950.0, 5440.0], [83957.5, 1670.0], [83960.0, 5560.0]]}}}
{"jsonrpc": "2.0", "method": "subscription", "params": {"channel": "book.BTC-18APR25.none.20.100ms", "data": {"timestamp": 1744557859502, "change_id": 97086474251, "instrument_name": "BTC-18APR25", "bids": [[83875.0, 11000.0], [83870.0, 4500.0], [83867.5, 5700.0], [83865.0, 16130.0], [83862.5, 27310.0], [83860.0, 14530.0], [83855.0, 50000.0], [83852.5, 5510.0], [83847.5, 12640.0], [83842.5, 5420.0], [83832.5, 1640.0], [83830.0, 5450.0], [83822.5, 2470.0], [83820.0, 8230.0], [83810.0, 1640.0], [83807.5, 5470.0], [83800.0, 1670.0], [83797.5, 5440.0], [83795.0, 7950.0], [83792.5, 26510.0]], "asks": [[83877.5, 250.0], [83880.0, 23650.0], [83882.5, 40000.0], [83887.5, 810.0], [83890.0, 7920.0], [83892.5, 9200.0], [83895.0, 5440.0], [83902.5, 1630.0], [83905.0, 5440.0], [83907.5, 910.0], [83910.0, 2710.0], [83912.5, 3000.0], [83915.0, 11630.0], [83920.0, 5440.0], [83932.5, 1650.0], [83935.0, 5510.0], [83947.5, 1630.0], [83950.0, 5440.0], [83957.5, 1670.0], [83960.0, 5560.0]]}}}
{"jsonrpc": "2.0", "method": "subscription", "params": {"channel": "book.BTC-18APR25.none.20.100ms", "data": {"timestamp": 1744557859659, "change_id": 97086474644, "instrument_name": "BTC-18APR25", "bids": [[83877.5, 20500.0], [83875.0, 10920.0], [83870.0, 4500.0], [83867.5, 9200.0], [83865.0, 31640.0], [83862.5, 77310.0], [83852.5, 5510.0], [83847.5, 12640.0], [83842.5, 5420.0], [83832.5, 1640.0], [83830.0, 5450.0], [83822.5, 2470.0], [83820.0, 8230.0], [83810.0, 1640.0], [83807.5, 5470.0], [83800.0, 1670.0], [83797.5, 5440.0], [83795.0, 7950.0], [83792.5, 26510.0], [83790.0, 1630.0]], "asks": [[83880.0, 13350.0], [83882.5, 40000.0], [83885.0, 2760.0], [83887.5, 9200.0], [83890.0, 5210.0], [83892.5, 9200.0], [83895.0, 6250.0], [83897.5, 2710.0], [83902.5, 1630.0], [83905.0, 5440.0], [83907.5, 100.0], [83912.5, 3000.0], [83915.0, 11630.0], [83920.0, 5440.0], [83932.5, 1650.0], [83935.0, 5510.0], [83937.5, 810.0], [83940.0, 2710.0], [83947.5, 1630.0], [83950.0, 5440.0]]}}}
{"jsonrpc": "2.0", "method": "subscription", "params": {"channel": "book.BTC-18APR25.none.20.100ms", "data": {"timestamp": 1744557860199, "change_id": 97086475202, "instrument_name": "BTC-18APR25", "bids": [[83877.5, 20500.0], [83875.0, 13920.0], [83872.5, 10000.0], [83870.0, 4500.0], [83867.5, 9200.0], [83865.0, 31640.0], [83862.5, 67310.0], [83852.5, 5510.0], [83850.0, 3790.0], [83847.5, 12640.0], [83842.5, 5420.0], [83832.5, 1640.0], [83830.0, 5450.0], [83822.5, 2470.0], [83820.0, 8230.0], [83810.0, 1640.0], [83807.5, 5470.0], [83800.0, 1670.0], [83797.5, 5440.0], [83795.0, 7950.0]], "asks": [[83880.0, 13350.0], [83882.5, 40000.0], [83885.0, 2760.0], [83887.5, 9200.0], [83890.0, 5210.0], [83892.5, 9200.0], [83895.0, 6250.0], [83897.5, 2710.0], [83902.5, 1630.0], [83905.0, 5440.0], [83907.5, 100.0], [83912.5, 3000.0], [83915.0, 11630.0], [83920.0, 5440.0], [83932.5, 1650.0], [83935.0, 5510.0], [83937.5, 810.0], [83940.0, 2710.0], [83947.5, 1630.0], [83950.0, 5440.0]]}}}
{"jsonrpc": "2.0", "method": "subscription", "params": {"channel": "book.BTC-18APR25.none.20.100ms", "data": {"timestamp": 1744557860501, "change_id": 97086475564, "instrument_name": "BTC-18APR25", "bids": [[83877.5, 20500.0], [83875.0, 13920.0], [83872.5, 10000.0], [83870.0, 4500.0], [83867.5, 9200.0], [83865.0, 31640.0], [83862.5, 67310.0], [83852.5, 5510.0], [83850.0, 3790.0], [83847.5, 12640.0], [83842.5, 5420.0], [83832.5, 1640.0], [83830.0, 5450.0], [83822.5, 2470.0], [83820.0, 8230.0], [83810.0, 1640.0], [83807.5, 5470.0], [83800.0, 1670.0], [83797.5, 5440.0], [83795.0, 7950.0]], "asks": [[83880.0, 24270.0], [83882.5, 40000.0], [83885.0, 2760.0], [83887.5, 9200.0], [83890.0, 5210.0], [83892.5, 9200.0], [83895.0, 6250.0], [83897.5, 2710.0], [83902.5, 1630.0], [83905.0, 5440.0], [83907.5, 100.0], [83912.5, 3000.0], [83915.0, 11630.0], [83920.0, 5440.0], [83932.5, 1650.0], [83935.0, 5510.0], [83937.5, 810.0], [83940.0, 2710.0], [83947.5, 1630.0], [83950.0, 5440.0]]}}}
{"jsonrpc": "2.0", "method": "subscription", "params": {"channel": "book.BTC-18APR25.none.20.100ms", "data": {"timestamp": 1744557860846, "change_id": 97086475874, "instrument_name": "BTC-18APR25", "bids": [[83877.5, 20500.0], [83875.0, 22320.0], [83872.5, 10000.0], [83870.0, 4500.0], [83867.5, 9200.0], [83865.0, 31640.0], [83862.5, 58110.0], [83852.5, 5510.0], [83850.0, 3790.0], [83847.5, 12640.0], [83842.5, 5420.0], [83832.5, 1640.0], [83830.0, 5450.0], [83822.5, 2470.0], [83820.0, 8230.0], [83810.0, 1640.0], [83807.5, 5470.0], [83800.0, 1670.0], [83797.5, 5440.0], [83795.0, 7950.0]], "asks": [[83880.0, 13350.0], [83882.5, 40000.0], [83885.0, 2760.0], [83887.5, 9200.0], [83890.0, 5210.0], [83892.5, 9200.0], [83895.0, 6250.0], [83897.5, 2710.0], [83902.5, 1630.0], [83905.0, 5440.0], [83907.5, 100.0], [83912.5, 3000.0], [83915.0, 11630.0], [83920.0, 5440.0], [83932.5, 1650.0], [83935.0, 5510.0], [83937.5, 810.0], [83940.0, 2710.0], [83947.5, 1630.0], [83950.0, 5440.0]]}}}
{"jsonrpc": "2.0", "method": "subscription", "params": {"channel": "book.BTC-18APR25.none.20.100ms", "data": {"timestamp": 1744557861802, "change_id": 97086477032, "instrument_name": "BTC-18APR25", "bids": [[83877.5, 20500.0], [83875.0, 22320.0], [83872.5, 10000.0], [83870.0, 4500.0], [83867.5, 9200.0], [83865.0, 31640.0], [83862.5, 58110.0], [83852.5, 5510.0], [83850.0, 3790.0], [83847.5, 12640.0], [83842.5, 5420.0], [83832.5, 1640.0], [83830.0, 5450.0], [83822.5, 2470.0], [83820.0, 8230.0], [83810.0, 1640.0], [83807.5, 5470.0], [83800.0, 1670.0], [83797.5, 5440.0], [83795.0, 7950.0]], "asks": [[83880.0, 13350.0], [83882.5, 40000.0], [83885.0, 2760.0], [83887.5, 9200.0], [83890.0, 5210.0], [83892.5, 9200.0], [83895.0, 6250.0], [83897.5, 2710.0], [83902.5, 1630.0], [83905.0, 5440.0], [83907.5, 100.0], [83912.5, 3000.0], [83915.0, 11630.0], [83920.0, 5440.0], [83932.5, 1650.0], [83935.0, 5510.0], [83937.5, 810.0], [83940.0, 2710.0], [83947.5, 1630.0], [83950.0, 5440.0]]}}}
{"jsonrpc": "2.0", "method": "subscription", "params": {"channel": "book.BTC-18APR25.none.20.100ms", "data": {"timestamp": 1744557862112, "change_id": 97086477230, "instrument_name": "BTC-18APR25", "bids": [[83877.5, 20500.0], [83875.0, 22320.0], [83872.5, 10000.0], [83870.0, 2790.0], [83867.5, 9200.0], [83865.0, 22440.0], [83862.5, 58110.0], [83855.0, 1650.0], [83852.5, 5510.0], [83850.0, 3790.0], [83847.5, 12640.0], [83842.5, 5420.0], [83832.5, 1640.0], [83830.0, 5450.0], [83822.5, 2470.0], [83820.0, 8230.0], [83810.0, 1640.0], [83807.5, 5470.0], [83800.0, 1670.0], [83797.5, 5440.0]], "asks": [[83880.0, 24270.0], [83882.5, 40000.0], [83885.0, 2760.0], [83887.5, 9200.0], [83890.0, 5210.0], [83892.5, 9200.0], [83895.0, 6250.0], [83897.5, 2710.0], [83902.5, 1630.0], [83905.0, 5440.0], [83907.5, 100.0], [83912.5, 3000.0], [83915.0, 11630.0], [83920.0, 5440.0], [83932.5, 1650.0], [83935.0, 5510.0], [83937.5, 810.0], [83940.0, 2710.0], [83947.5, 1630.0], [83950.0, 5440.0]]}}}
{"jsonrpc": "2.0", "method": "subscription", "params": {"channel": "book.BTC-18APR25.none.20.100ms", "data": {"timestamp": 1744557862452, "change_id": 97086477778, "instrument_name": "BTC-18APR25", "bids": [[83877.5, 4500.0], [83875.0, 13920.0], [83872.5, 10000.0], [83870.0, 2790.0], [83867.5, 9200.0], [83865.0, 22440.0], [83862.5, 58110.0], [83855.0, 1650.0], [83852.5, 5510.0], [83850.0, 3790.0], [83847.5, 12640.0], [83842.5, 5420.0], [83832.5, 1640.0], [83830.0, 5450.0], [83822.5, 2470.0], [83820.0, 8230.0], [83810.0, 1640.0], [83807.5, 5470.0], [83800.0, 1670.0], [83797.5, 5440.0]], "asks": [[83880.0, 24270.0], [83882.5, 40000.0], [83885.0, 2760.0], [83887.5, 9200.0], [83890.0, 7920.0], [83892.5, 9200.0], [83895.0, 5440.0], [83902.5, 1630.0], [83905.0, 5440.0], [83907.5, 100.0], [83912.5, 3000.0], [83915.0, 11630.0], [83920.0, 5440.0], [83932.5, 1650.0], [83935.0, 5510.0], [83937.5, 810.0], [83940.0, 2710.0], [83947.5, 1630.0], [83950.0, 5440.0], [83957.5, 1670.0]]}}}
{"jsonrpc": "2.0", "method": "subscription", "params": {"channel": "book.BTC-18APR25.none.20.100ms", "data": {"timestamp": 1744557862617, "change_id": 97086477912, "instrument_name": "BTC-18APR25", "bids": [[83877.5, 10280.0], [83875.0, 13920.0], [83872.5, 10000.0], [83870.0, 2790.0], [83867.5, 9200.0], [83865.0, 22440.0], [83862.5, 58110.0], [83855.0, 1650.0], [83852.5, 5510.0], [83850.0, 3790.0], [83847.5, 12640.0], [83842.5, 5420.0], [83832.5, 1640.0], [83830.0, 5450.0], [83822.5, 2470.0], [83820.0, 8230.0], [83810.0, 1640.0], [83807.5, 5470.0], [83800.0, 1670.0], [83797.5, 5440.0]], "asks": [[83880.0, 24270.0], [83882.5, 40000.0], [83885.0, 2760.0], [83887.5, 9200.0], [83890.0, 7920.0], [83892.5, 9200.0], [83895.0, 5440.0], [83902.5, 1630.0], [83905.0, 5440.0], [83907.5, 100.0], [83912.5, 3000.0], [83915.0, 11630.0], [83920.0, 5440.0], [83932.5, 1650.0], [83935.0, 5510.0], [83937.5, 810.0], [83940.0, 2710.0], [83947.5, 1630.0], [83950.0, 5440.0], [83957.5, 1670.0]]}}}
{"jsonrpc": "2.0", "method": "subscription", "params": {"channel": "book.BTC-18APR25.none.20.100ms", "data": {"timestamp": 1744557863123, "change_id": 97086478803, "instrument_name": "BTC-18APR25", "bids": [[83872.5, 10000.0], [83870.0, 2790.0], [83867.5, 9200.0], [83865.0, 1720.0], [83862.5, 5400.0], [83855.0, 16450.0], [83852.5, 8220.0], [83850.0, 53790.0], [83847.5, 12640.0], [83845.0, 1630.0], [83842.5, 5420.0], [83832.5, 1640.0], [83830.0, 5450.0], [83822.5, 2470.0], [83820.0, 8230.0], [83810.0, 1640.0], [83807.5, 5470.0], [83800.0, 1670.0], [83797.5, 5440.0], [83795.0, 7950.0]], "asks": [[83875.0, 14950.0], [83877.5, 32460.0], [83880.0, 14620.0], [83882.5, 42710.0], [83885.0, 2760.0], [83887.5, 9200.0], [83890.0, 5210.0], [83892.5, 9200.0], [83895.0, 5440.0], [83902.5, 1630.0], [83905.0, 5440.0], [83907.5, 910.0], [83910.0, 2710.0], [83912.5, 3000.0], [83915.0, 11630.0], [83920.0, 5440.0], [83932.5, 1650.0], [83935.0, 5510.0], [83947.5, 1630.0], [83950.0, 5440.0]]}}}
{"jsonrpc": "2.0", "method": "subscription", "params": {"channel": "book.BTC-18APR25.none.20.100ms", "data": {"timestamp": 1744557863510, "change_id": 97086479436, "instrument_name": "BTC-18APR25", "bids": [[83872.5, 20920.0], [83870.0, 2790.0], [83867.5, 9200.0], [83865.0, 1720.0], [83862.5, 5400.0], [83855.0, 16450.0], [83852.5, 8220.0], [83850.0, 53790.0], [83845.0, 1630.0], [83842.5, 5420.0], [83832.5, 1640.0], [83830.0, 5450.0], [83822.5, 2470.0], [83820.0, 8230.0], [83810.0, 1640.0], [83807.5, 5470.0], [83800.0, 1670.0], [83797.5, 5440.0], [83795.0, 7950.0], [83792.5, 26510.0]], "asks": [[83875.0, 9450.0], [83877.5, 32460.0], [83880.0, 14620.0], [83882.5, 42710.0], [83885.0, 2760.0], [83887.5, 9200.0], [83890.0, 5210.0], [83892.5, 9200.0], [83895.0, 5440.0], [83902.5, 1630.0], [83905.0, 5440.0], [83907.5, 910.0], [83910.0, 2710.0], [83912.5, 3000.0], [83915.0, 11630.0], [83920.0, 5440.0], [83932.5, 1650.0], [83935.0, 5510.0], [83947.5, 1630.0], [83950.0, 5440.0]]}}}
{"jsonrpc": "2.0", "method": "subscription", "params": {"channel": "book.BTC-18APR25.none.20.100ms", "data": {"timestamp": 1744557863772, "change_id": 97086479823, "instrument_name": "BTC-18APR25", "bids": [[83872.5, 29220.0], [83870.0, 2790.0], [83867.5, 9200.0], [83865.0, 1720.0], [83862.5, 5400.0], [83855.0, 16450.0], [83852.5, 8220.0], [83850.0, 53790.0], [83845.0, 1630.0], [83842.5, 5420.0], [83832.5, 1640.0], [83830.0, 5450.0], [83822.5, 2470.0], [83820.0, 8230.0], [83810.0, 1640.0], [83807.5, 5470.0], [83800.0, 1670.0], [83797.5, 5440.0], [83795.0, 7950.0], [83792.5, 26510.0]], "asks": [[83875.0, 14950.0], [83877.5, 32460.0], [83880.0, 14620.0], [83882.5, 42710.0], [83885.0, 2760.0], [83887.5, 9200.0], [83890.0, 5210.0], [83892.5, 9200.0], [83895.0, 5440.0], [83902.5, 1630.0], [83905.0, 5440.0], [83907.5, 910.0], [83910.0, 2710.0], [83912.5, 3000.0], [83915.0, 11630.0], [83920.0, 5440.0], [83932.5, 1650.0], [83935.0, 5510.0], [83947.5, 1630.0], [83950.0, 5440.0]]}}}
{"jsonrpc": "2.0", "method": "subscription", "params": {"channel": "book.BTC-18APR25.none.20.100ms", "data": {"timestamp": 1744557864134, "change_id": 97086480286, "instrument_name": "BTC-18APR25", "bids": [[83872.5, 10000.0], [83870.0, 2790.0], [83867.5, 9200.0], [83865.0, 1720.0], [83862.5, 5400.0], [83855.0, 16450.0], [83852.5, 8220.0], [83850.0, 53790.0], [83845.0, 1630.0], [83842.5, 5420.0], [83832.5, 1640.0], [83830.0, 5450.0], [83822.5, 2470.0], [83820.0, 8230.0], [83810.0, 1640.0], [83807.5, 5470.0], [83800.0, 1670.0], [83797.5, 5440.0], [83795.0, 7950.0], [83792.5, 26510.0]], "asks": [[83875.0, 16670.0], [83877.5, 32460.0], [83880.0, 14620.0], [83882.5, 42710.0], [83885.0, 2760.0], [83887.5, 9200.0], [83890.0, 5210.0], [83892.5, 9200.0], [83895.0, 5440.0], [83897.5, 100.0], [83902.5, 1630.0], [83905.0, 5440.0], [83907.5, 810.0], [83910.0, 2710.0], [83912.5, 3000.0], [83915.0, 11630.0], [83920.0, 5440.0], [83932.5, 1650.0], [83935.0, 5510.0], [83947.5, 1630.0]]}}}
{"jsonrpc": "2.0", "method": "subscription", "params": {"channel": "book.BTC-18APR25.none.20.100ms", "data": {"timestamp": 1744557864406, "change_id": 97086480847, "instrument_name": "BTC-18APR25", "bids": [[83872.5, 20920.0], [83870.0, 2790.0], [83867.5, 9200.0], [83865.0, 1720.0], [83862.5, 5400.0], [83855.0, 16450.0], [83852.5, 8220.0], [83850.0, 53790.0], [83845.0, 1630.0], [83842.5, 5420.0], [83832.5, 1640.0], [83830.0, 5450.0], [83822.5, 2470.0], [83820.0, 8230.0], [83810.0, 1640.0], [83807.5, 5470.0], [83800.0, 1670.0], [83797.5, 5440.0], [83795.0, 7950.0], [83792.5, 26510.0]], "asks": [[83875.0, 14430.0], [83877.5, 32460.0], [83880.0, 14620.0], [83882.5, 42710.0], [83885.0, 2760.0], [83887.5, 9200.0], [83890.0, 1630.0], [83895.0, 5440.0], [83897.5, 100.0], [83905.0, 5440.0], [83907.5, 810.0], [83910.0, 2710.0], [83912.5, 3000.0], [83915.0, 11630.0], [83920.0, 5440.0], [83932.5, 1650.0], [83935.0, 5510.0], [83947.5, 1630.0], [83950.0, 5440.0], [83957.5, 1670.0]]}}}
{"jsonrpc": "2.0", "method": "subscription", "params": {"channel": "book.BTC-18APR25.none.20.100ms", "data": {"timestamp": 1744557864676, "change_id": 97086481085, "instrument_name": "BTC-18APR25", "bids": [[83872.5, 20920.0], [83870.0, 2790.0], [83867.5, 9200.0], [83865.0, 1720.0], [83862.5, 5400.0], [83860.0, 2760.0], [83857.5, 9200.0], [83855.0, 17260.0], [83852.5, 58220.0], [83845.0, 1630.0], [83842.5, 5420.0], [83832.5, 1640.0], [83830.0, 5450.0], [83822.5, 2470.0], [83820.0, 8230.0], [83810.0, 1640.0], [83807.5, 5470.0], [83800.0, 1670.0], [83797.5, 5440.0], [83795.0, 7950.0]], "asks": [[83875.0, 18680.0], [83877.5, 32460.0], [83880.0, 14620.0], [83882.5, 42710.0], [83885.0, 2760.0], [83887.5, 9200.0], [83890.0, 1630.0], [83895.0, 5440.0], [83897.5, 100.0], [83905.0, 5440.0], [83907.5, 810.0], [83910.0, 2710.0], [83912.5, 3000.0], [83915.0, 11630.0], [83920.0, 5440.0], [83932.5, 1650.0], [83935.0, 5510.0], [83947.5, 1630.0], [83950.0, 5440.0], [83957.5, 1670.0]]}}}
{"jsonrpc": "2.0", "method": "subscription", "params": {"channel": "book.BTC-18APR25.none.20.100ms", "data": {"timestamp": 1744557865168, "change_id": 97086481415, "instrument_name": "BTC-18APR25", "bids": [[83872.5, 20920.0], [83870.0, 2790.0], [83867.5, 9200.0], [83865.0, 1720.0], [83862.5, 5400.0], [83860.0, 2760.0], [83857.5, 9200.0], [83855.0, 17260.0], [83852.5, 58220.0], [83845.0, 1630.0], [83842.5, 5420.0], [83832.5, 1640.0], [83830.0, 5450.0], [83822.5, 2470.0], [83820.0, 8230.0], [83810.0, 1640.0], [83807.5, 5470.0], [83800.0, 1670.0], [83797.5, 5440.0], [83795.0, 7950.0]], "asks": [[83875.0, 18680.0], [83877.5, 32460.0], [83880.0, 14620.0], [83882.5, 42710.0], [83885.0, 2760.0], [83887.5, 9200.0], [83890.0, 1630.0], [83895.0, 5440.0], [83897.5, 100.0], [83902.5, 1630.0], [83905.0, 5440.0], [83907.5, 810.0], [83910.0, 2710.0], [83912.5, 3000.0], [83915.0, 11630.0], [83920.0, 5440.0], [83932.5, 1650.0], [83935.0, 5510.0], [83947.5, 1630.0], [83950.0, 5440.0]]}}}
{"jsonrpc": "2.0", "method": "subscription", "params": {"channel": "book.BTC-18APR25.none.20.100ms", "data": {"timestamp": 1744557865362, "change_id": 97086481759, "instrument_name": "BTC-18APR25", "bids": [[83872.5, 20920.0], [83870.0, 2790.0], [83867.5, 9200.0], [83865.0, 1720.0], [83862.5, 5400.0], [83860.0, 2760.0], [83857.5, 9200.0], [83855.0, 17260.0], [83852.5, 58220.0], [83845.0, 1630.0], [83842.5, 5420.0], [83832.5, 1640.0], [83830.0, 5450.0], [83822.5, 2470.0], [83820.0, 8230.0], [83810.0, 1640.0], [83807.5, 5470.0], [83800.0, 1670.0], [83797.5, 5440.0], [83795.0, 7950.0]], "asks": [[83875.0, 18680.0], [83877.5, 32460.0], [83880.0, 14620.0], [83882.5, 42710.0], [83885.0, 2760.0], [83887.5, 9200.0], [83890.0, 1630.0], [83895.0, 5440.0], [83897.5, 100.0], [83902.5, 1630.0], [83905.0, 5440.0], [83907.5, 810.0], [83910.0, 2710.0], [83912.5, 3000.0], [83915.0, 11630.0], [83920.0, 5440.0], [83932.5, 1650.0], [83935.0, 5510.0], [83947.5, 1630.0], [83950.0, 5440.0]]}}}
{"jsonrpc": "2.0", "method": "subscription", "params": {"channel": "book.BTC-18APR25.none.20.100ms", "data": {"timestamp": 1744557865810, "change_id": 97086482237, "instrument_name": "BTC-18APR25", "bids": [[83872.5, 20920.0], [83870.0, 4390.0], [83867.5, 9200.0], [83865.0, 8220.0], [83862.5, 5400.0], [83860.0, 2760.0], [83857.5, 9200.0], [83855.0, 17260.0], [83852.5, 58220.0], [83845.0, 1630.0], [83842.5, 5420.0], [83832.5, 1640.0], [83830.0, 5450.0], [83822.5, 2470.0], [83820.0, 8230.0], [83810.0, 1640.0], [83807.5, 5470.0], [83800.0, 1670.0], [83797.5, 5440.0], [83795.0, 7950.0]], "asks": [[83875.0, 18680.0], [83877.5, 32460.0], [83880.0, 14620.0], [83882.5, 42710.0], [83885.0, 2760.0], [83887.5, 9200.0], [83890.0, 1630.0], [83895.0, 5440.0], [83897.5, 100.0], [83902.5, 1630.0], [83905.0, 5440.0], [83907.5, 810.0], [83910.0, 2710.0], [83912.5, 3000.0], [83915.0, 11630.0], [83920.0, 5440.0], [83932.5, 1650.0], [83935.0, 5510.0], [83947.5, 1630.0], [83950.0, 5440.0]]}}}
{"jsonrpc": "2.0", "method": "subscription", "params": {"channel": "book.BTC-18APR25.none.20.100ms", "data": {"timestamp": 1744557865972, "change_id": 97086482358, "instrument_name": "BTC-18APR25", "bids": [[83872.5, 20920.0], [83870.0, 4390.0], [83867.5, 9200.0], [83865.0, 8220.0], [83862.5, 5400.0], [83860.0, 2760.0], [83857.5, 9200.0], [83855.0, 17260.0], [83852.5, 58220.0], [83845.0, 1630.0], [83842.5, 5420.0], [83832.5, 1640.0], [83830.0, 5450.0], [83822.5, 2470.0], [83820.0, 8230.0], [83810.0, 1640.0], [83807.5, 5470.0], [83800.0, 1670.0], [83797.5, 5440.0], [83795.0, 7950.0]], "asks": [[83875.0, 18680.0], [83877.5, 32460.0], [83880.0, 14620.0], [83882.5, 42710.0], [83885.0, 2760.0], [83887.5, 9200.0], [83890.0, 1630.0], [83895.0, 5440.0], [83897.5, 100.0], [83902.5, 1630.0], [83905.0, 15440.0], [83907.5, 810.0], [83910.0, 2710.0], [83915.0, 1630.0], [83920.0, 5440.0], [83932.5, 1650.0], [83935.0, 5510.0], [83947.5, 1630.0], [83950.0, 5440.0], [83970.0, 5520.0]]}}}
{"jsonrpc": "2.0", "method": "subscription", "params": {"channel": "book.BTC-18APR25.none.20.100ms", "data": {"timestamp": 1744557866763, "change_id": 97086483105, "instrument_name": "BTC-18APR25", "bids": [[83872.5, 15500.0], [83867.5, 9200.0], [83865.0, 9520.0], [83862.5, 10400.0], [83860.0, 2760.0], [83857.5, 9200.0], [83855.0, 17260.0], [83852.5, 58220.0], [83845.0, 1630.0], [83842.5, 5420.0], [83832.5, 1640.0], [83830.0, 5450.0], [83822.5, 2470.0], [83820.0, 8230.0], [83810.0, 1640.0], [83807.5, 5470.0], [83800.0, 1670.0], [83797.5, 5440.0], [83795.0, 7950.0], [83792.5, 26510.0]], "asks": [[83875.0, 20150.0], [83877.5, 32460.0], [83880.0, 14620.0], [83882.5, 42710.0], [83885.0, 2760.0], [83887.5, 9200.0], [83890.0, 1630.0], [83895.0, 5440.0], [83897.5, 100.0], [83902.5, 4430.0], [83905.0, 15440.0], [83907.5, 810.0], [83910.0, 2710.0], [83915.0, 1630.0], [83920.0, 5440.0], [83932.5, 1650.0], [83935.0, 5510.0], [83947.5, 1630.0], [83950.0, 5440.0], [83967.5, 1660.0]]}}}
{"jsonrpc": "2.0", "method": "subscription", "params": {"channel": "book.BTC-18APR25.none.20.100ms", "data": {"timestamp": 1744557867052, "change_id": 97086483504, "instrument_name": "BTC-18APR25", "bids": [[83872.5, 10000.0], [83867.5, 2190.0], [83865.0, 10420.0], [83862.5, 10400.0], [83860.0, 2760.0], [83857.5, 9200.0], [83855.0, 17260.0], [83852.5, 58220.0], [83845.0, 1630.0], [83842.5, 5420.0], [83832.5, 1640.0], [83830.0, 5450.0], [83822.5, 2470.0], [83820.0, 8230.0], [83810.0, 1640.0], [83807.5, 5470.0], [83800.0, 1670.0], [83797.5, 5440.0], [83795.0, 7950.0], [83792.5, 26510.0]], "asks": [[83875.0, 18310.0], [83877.5, 32460.0], [83880.0, 14620.0], [83882.5, 42710.0], [83885.0, 2760.0], [83887.5, 9200.0], [83890.0, 1630.0], [83895.0, 5440.0], [83897.5, 100.0], [83902.5, 4430.0], [83905.0, 15440.0], [83907.5, 810.0], [83910.0, 2710.0], [83915.0, 1630.0], [83920.0, 5440.0], [83932.5, 1650.0], [83935.0, 5510.0], [83947.5, 1630.0], [83950.0, 5440.0], [83967.5, 1660.0]]}}}
{"jsonrpc": "2.0", "method": "subscription", "params": {"channel": "book.BTC-18APR25.none.20.100ms", "data": {"timestamp": 1744557867660, "change_id": 97086484166, "instrument_name": "BTC-18APR25", "bids": [[83872.5, 20920.0], [83867.5, 2190.0], [83865.0, 10420.0], [83862.5, 10400.0], [83860.0, 2760.0], [83857.5, 9200.0], [83855.0, 17260.0], [83852.5, 58220.0], [83845.0, 1630.0], [83842.5, 5420.0], [83832.5, 1640.0], [83830.0, 5450.0], [83822.5, 2470.0], [83820.0, 8230.0], [83810.0, 1640.0], [83807.5, 5470.0], [83800.0, 1670.0], [83797.5, 5440.0], [83795.0, 7950.0], [83792.5, 26510.0]], "asks": [[83875.0, 20360.0], [83877.5, 32460.0], [83880.0, 14620.0], [83882.5, 42710.0], [83885.0, 2760.0], [83887.5, 9200.0], [83890.0, 1630.0], [83895.0, 5440.0], [83897.5, 100.0], [83902.5, 4430.0], [83905.0, 15440.0], [83907.5, 810.0], [83910.0, 2710.0], [83915.0, 1630.0], [83920.0, 5440.0], [83932.5, 1650.0], [83935.0, 5510.0], [83947.5, 1630.0], [83950.0, 5440.0], [83967.5, 1660.0]]}}}
{"jsonrpc": "2.0", "method": "subscription", "params": {"channel": "book.BTC-18APR25.none.20.100ms", "data": {"timestamp": 1744557868100, "change_id": 97086484497, "instrument_name": "BTC-18APR25", "bids": [[83872.5, 10000.0], [83867.5, 2190.0], [83865.0, 10420.0], [83862.5, 10400.0], [83860.0, 2760.0], [83857.5, 9200.0], [83855.0, 17260.0], [83852.5, 58220.0], [83845.0, 1630.0], [83842.5, 5420.0], [83832.5, 1640.0], [83830.0, 5450.0], [83822.5, 2470.0], [83820.0, 8230.0], [83810.0, 1640.0], [83807.5, 5470.0], [83800.0, 1670.0], [83797.5, 5440.0], [83795.0, 7950.0], [83792.5, 26510.0]], "asks": [[83875.0, 18310.0], [83877.5, 32460.0], [83880.0, 14620.0], [83882.5, 42710.0], [83885.0, 2760.0], [83887.5, 9200.0], [83890.0, 1630.0], [83895.0, 5440.0], [83897.5, 100.0], [83902.5, 4430.0], [83905.0, 15440.0], [83907.5, 810.0], [83910.0, 2710.0], [83915.0, 1630.0], [83920.0, 5440.0], [83932.5, 1650.0], [83935.0, 5510.0], [83947.5, 1630.0], [83950.0, 5440.0], [83967.5, 1660.0]]}}}
{"jsonrpc": "2.0", "method": "subscription", "params": {"channel": "book.BTC-18APR25.none.20.100ms", "data": {"timestamp": 1744557868401, "change_id": 97086485516, "instrument_name": "BTC-18APR25", "bids": [[83865.0, 11690.0], [83862.5, 3000.0], [83860.0, 12760.0], [83857.5, 9200.0], [83855.0, 1650.0], [83852.5, 5610.0], [83850.0, 15810.0], [83847.5, 50000.0], [83845.0, 4340.0], [83842.5, 5420.0], [83832.5, 1640.0], [83830.0, 5450.0], [83822.5, 2470.0], [83820.0, 8230.0], [83810.0, 1640.0], [83807.5, 5470.0], [83800.0, 1670.0], [83797.5, 5440.0], [83795.0, 7950.0], [83792.5, 26510.0]], "asks": [[83867.5, 17210.0], [83870.0, 59530.0], [83872.5, 5500.0], [83875.0, 16050.0], [83877.5, 9200.0], [83880.0, 5420.0], [83885.0, 2760.0], [83887.5, 9200.0], [83890.0, 1630.0], [83895.0, 5440.0], [83897.5, 100.0], [83902.5, 4430.0], [83905.0, 15440.0], [83907.5, 810.0], [83910.0, 2710.0], [83917.5, 1630.0], [83920.0, 5440.0], [83932.5, 1650.0], [83935.0, 5510.0], [83947.5, 1630.0]]}}}
{"jsonrpc": "2.0", "method": "subscription", "params": {"channel": "book.BTC-18APR25.none.20.100ms", "data": {"timestamp": 1744557868551, "change_id": 97086485881, "instrument_name": "BTC-18APR25", "bids": [[83865.0, 20890.0], [83862.5, 7600.0], [83860.0, 12760.0], [83857.5, 9200.0], [83855.0, 1650.0], [83852.5, 5610.0], [83850.0, 15810.0], [83847.5, 50000.0], [83845.0, 4340.0], [83842.5, 5420.0], [83832.5, 1640.0], [83830.0, 5450.0], [83822.5, 2470.0], [83820.0, 8230.0], [83810.0, 1640.0], [83807.5, 5470.0], [83800.0, 1670.0], [83797.5, 5440.0], [83795.0, 7950.0], [83792.5, 26510.0]], "asks": [[83867.5, 19600.0], [83870.0, 57780.0], [83872.5, 5500.0], [83875.0, 6850.0], [83877.5, 9200.0], [83880.0, 5420.0], [83885.0, 2760.0], [83887.5, 9200.0], [83890.0, 1630.0], [83895.0, 5440.0], [83897.5, 100.0], [83902.5, 4430.0], [83905.0, 15440.0], [83907.5, 810.0], [83910.0, 2710.0], [83917.5, 1630.0], [83920.0, 5440.0], [83932.5, 1650.0], [83935.0, 5510.0], [83947.5, 1630.0]]}}}
{"jsonrpc": "2.0", "method": "subscription", "params": {"channel": "book.BTC-18APR25.none.20.100ms", "data": {"timestamp": 1744557869116, "change_id": 97086486350, "instrument_name": "BTC-18APR25", "bids": [[83865.0, 11690.0], [83862.5, 4600.0], [83860.0, 10000.0], [83857.5, 9200.0], [83855.0, 1650.0], [83852.5, 5610.0], [83850.0, 15810.0], [83847.5, 50000.0], [83845.0, 4340.0], [83842.5, 5420.0], [83832.5, 1640.0], [83830.0, 5450.0], [83822.5, 2470.0], [83820.0, 8230.0], [83810.0, 1640.0], [83807.5, 5470.0], [83800.0, 1670.0], [83797.5, 5440.0], [83795.0, 7950.0], [83792.5, 26510.0]], "asks": [[83867.5, 17160.0], [83870.0, 57780.0], [83872.5, 5500.0], [83875.0, 6850.0], [83877.5, 9200.0], [83880.0, 5420.0], [83885.0, 2760.0], [83887.5, 9200.0], [83890.0, 1630.0], [83895.0, 5440.0], [83897.5, 100.0], [83902.5, 4430.0], [83905.0, 15440.0], [83907.5, 810.0], [83910.0, 2710.0], [83917.5, 1630.0], [83920.0, 5440.0], [83932.5, 1650.0], [83935.0, 5510.0], [83947.5, 1630.0]]}}}
{"jsonrpc": "2.0", "method": "subscription", "params": {"channel": "book.BTC-18APR25.none.20.100ms", "data": {"timestamp": 1744557869419, "change_id": 97086486801, "instrument_name": "BTC-18APR25", "bids": [[83865.0, 11690.0], [83862.5, 7600.0], [83860.0, 12760.0], [83857.5, 9200.0], [83855.0, 1650.0], [83852.5, 5610.0], [83850.0, 15810.0], [83847.5, 50000.0], [83845.0, 4340.0], [83842.5, 5420.0], [83832.5, 1640.0], [83830.0, 5450.0], [83822.5, 2470.0], [83820.0, 8230.0], [83810.0, 1640.0], [83807.5, 5470.0], [83800.0, 1670.0], [83797.5, 5440.0], [83795.0, 7950.0], [83792.5, 26510.0]], "asks": [[83867.5, 17160.0], [83870.0, 57780.0], [83872.5, 5500.0], [83875.0, 6850.0], [83877.5, 9200.0], [83880.0, 5420.0], [83885.0, 2760.0], [83887.5, 9200.0], [83890.0, 1630.0], [83895.0, 5440.0], [83897.5, 100.0], [83902.5, 4430.0], [83905.0, 15440.0], [83907.5, 810.0], [83910.0, 2710.0], [83917.5, 1630.0], [83920.0, 5440.0], [83932.5, 1650.0], [83935.0, 5510.0], [83947.5, 1630.0]]}}}
{"jsonrpc": "2.0", "method": "subscription", "params": {"channel": "book.BTC-18APR25.none.20.100ms", "data": {"timestamp": 1744557869545, "change_id": 97086486853, "instrument_name": "BTC-18APR25", "bids": [[83865.0, 11690.0], [83862.5, 7600.0], [83860.0, 15180.0], [83857.5, 9200.0], [83855.0, 10850.0], [83852.5, 5610.0], [83850.0, 15810.0], [83847.5, 50000.0], [83845.0, 4340.0], [83842.5, 5420.0], [83832.5, 1640.0], [83830.0, 5450.0], [83822.5, 2470.0], [83820.0, 8230.0], [83810.0, 1640.0], [83807.5, 5470.0], [83800.0, 1670.0], [83797.5, 5440.0], [83795.0, 7950.0], [83792.5, 26510.0]], "asks": [[83867.5, 11660.0], [83870.0, 57780.0], [83872.5, 5500.0], [83875.0, 6850.0], [83877.5, 9200.0], [83880.0, 5420.0], [83885.0, 2760.0], [83887.5, 9200.0], [83890.0, 1630.0], [83895.0, 5440.0], [83897.5, 100.0], [83902.5, 4430.0], [83905.0, 15440.0], [83907.5, 810.0], [83910.0, 2710.0], [83917.5, 1630.0], [83920.0, 5440.0], [83932.5, 1650.0], [83935.0, 5510.0], [83947.5, 1630.0]]}}}
{"jsonrpc": "2.0", "method": "subscription", "params": {"channel": "book.BTC-18APR25.none.20.100ms", "data": {"timestamp": 1744557870688, "change_id": 97086488102, "instrument_name": "BTC-18APR25", "bids": [[83865.0, 11690.0], [83862.5, 7600.0], [83860.0, 15180.0], [83857.5, 9200.0], [83855.0, 10850.0], [83852.5, 5610.0], [83850.0, 15810.0], [83847.5, 50000.0], [83845.0, 4340.0], [83842.5, 5420.0], [83832.5, 1640.0], [83830.0, 5450.0], [83822.5, 2470.0], [83820.0, 8230.0], [83810.0, 1640.0], [83807.5, 5470.0], [83800.0, 1670.0], [83797.5, 5440.0], [83795.0, 7950.0], [83792.5, 26510.0]], "asks": [[83867.5, 12750.0], [83870.0, 57780.0], [83872.5, 5500.0], [83875.0, 6850.0], [83877.5, 9200.0], [83880.0, 5420.0], [83885.0, 2760.0], [83887.5, 9200.0], [83890.0, 1630.0], [83895.0, 5440.0], [83897.5, 100.0], [83902.5, 4430.0], [83905.0, 15440.0], [83907.5, 810.0], [83910.0, 2710.0], [83917.5, 1630.0], [83920.0, 5440.0], [83932.5, 1650.0], [83935.0, 5510.0], [83947.5, 1630.0]]}}}
{"jsonrpc": "2.0", "method": "subscription", "params": {"channel": "book.BTC-18APR25.none.20.100ms", "data": {"timestamp": 1744557870870, "change_id": 97086488214, "instrument_name": "BTC-18APR25", "bids": [[83865.0, 11690.0], [83862.5, 7600.0], [83860.0, 15180.0], [83857.5, 9200.0], [83855.0, 10850.0], [83852.5, 5610.0], [83850.0, 15810.0], [83847.5, 50000.0], [83845.0, 4340.0], [83842.5, 5420.0], [83832.5, 1640.0], [83830.0, 5450.0], [83822.5, 2470.0], [83820.0, 8230.0], [83810.0, 1640.0], [83807.5, 5470.0], [83800.0, 1670.0], [83797.5, 5440.0], [83795.0, 7950.0], [83792.5, 26510.0]], "asks": [[83867.5, 18250.0], [83870.0, 57780.0], [83872.5, 5500.0], [83875.0, 6850.0], [83877.5, 9200.0], [83880.0, 5420.0], [83885.0, 2760.0], [83887.5, 9200.0], [83890.0, 1630.0], [83895.0, 5440.0], [83897.5, 100.0], [83902.5, 4430.0], [83905.0, 15440.0], [83907.5, 810.0], [83910.0, 2710.0], [83917.5, 1630.0], [83920.0, 5440.0], [83932.5, 1650.0], [83935.0, 5510.0], [83947.5, 1630.0]]}}}
{"jsonrpc": "2.0", "method": "subscription", "params": {"channel": "book.BTC-18APR25.none.20.100ms", "data": {"timestamp": 1744557871430, "change_id": 97086488834, "instrument_name": "BTC-18APR25", "bids": [[83865.0, 2720.0], [83862.5, 7600.0], [83860.0, 15180.0], [83857.5, 9200.0], [83855.0, 10850.0], [83852.5, 5610.0], [83850.0, 15810.0], [83847.5, 50000.0], [83845.0, 4340.0], [83842.5, 5420.0], [83832.5, 1640.0], [83830.0, 5450.0], [83822.5, 2470.0], [83820.0, 8230.0], [83810.0, 1640.0], [83807.5, 5470.0], [83800.0, 1670.0], [83797.5, 5440.0], [83795.0, 7950.0], [83792.5, 26510.0]], "asks": [[83867.5, 16040.0], [83870.0, 57780.0], [83872.5, 5500.0], [83875.0, 6850.0], [83877.5, 9200.0], [83880.0, 5420.0], [83885.0, 2760.0], [83887.5, 9200.0], [83890.0, 1630.0], [83895.0, 5440.0], [83897.5, 100.0], [83902.5, 4430.0], [83905.0, 15440.0], [83907.5, 810.0], [83910.0, 2710.0], [83917.5, 1630.0], [83920.0, 5440.0], [83932.5, 1650.0], [83935.0, 5510.0], [83947.5, 1630.0]]}}}
{"jsonrpc": "2.0", "method": "subscription", "params": {"channel": "book.BTC-18APR25.none.20.100ms", "data": {"timestamp": 1744557871525, "change_id": 97086488882, "instrument_name": "BTC-18APR25", "bids": [[83865.0, 13710.0], [83862.5, 7600.0], [83860.0, 15180.0], [83857.5, 9200.0], [83855.0, 10850.0], [83852.5, 5610.0], [83850.0, 15810.0], [83847.5, 50000.0], [83845.0, 4340.0], [83842.5, 5420.0], [83832.5, 1640.0], [83830.0, 5450.0], [83822.5, 2470.0], [83820.0, 8230.0], [83810.0, 1640.0], [83807.5, 5470.0], [83800.0, 1670.0], [83797.5, 5440.0], [83795.0, 7950.0], [83792.5, 26510.0]], "asks": [[83867.5, 17860.0], [83870.0, 57780.0], [83872.5, 5500.0], [83875.0, 6850.0], [83877.5, 9200.0], [83880.0, 5420.0], [83885.0, 2760.0], [83887.5, 9200.0], [83890.0, 1630.0], [83895.0, 5440.0], [83897.5, 100.0], [83902.5, 4430.0], [83905.0, 15440.0], [83907.5, 810.0], [83910.0, 2710.0], [83917.5, 1630.0], [83920.0, 5440.0], [83932.5, 1650.0], [83935.0, 5510.0], [83947.5, 1630.0]]}}}
{"jsonrpc": "2.0", "method": "subscription", "params": {"channel": "book.BTC-18APR25.none.20.100ms", "data": {"timestamp": 1744557872054, "change_id": 97086489793, "instrument_name": "BTC-18APR25", "bids": [[83865.0, 700.0], [83860.0, 12760.0], [83855.0, 10850.0], [83852.5, 5610.0], [83850.0, 15810.0], [83845.0, 51630.0], [83842.5, 5420.0], [83840.0, 810.0], [83837.5, 2710.0], [83832.5, 1640.0], [83830.0, 5450.0], [83822.5, 2470.0], [83820.0, 8230.0], [83810.0, 1640.0], [83807.5, 5470.0], [83800.0, 1670.0], [83797.5, 5440.0], [83795.0, 7950.0], [83792.5, 26510.0], [83790.0, 1630.0]], "asks": [[83867.5, 18750.0], [83870.0, 56340.0], [83872.5, 5500.0], [83875.0, 4140.0], [83877.5, 9200.0], [83880.0, 5420.0], [83885.0, 2760.0], [83887.5, 9200.0], [83890.0, 1630.0], [83895.0, 5440.0], [83897.5, 100.0], [83902.5, 4430.0], [83905.0, 15440.0], [83907.5, 810.0], [83910.0, 2710.0], [83917.5, 1630.0], [83920.0, 5440.0], [83932.5, 1650.0], [83935.0, 5510.0], [83947.5, 1630.0]]}}}
{"jsonrpc": "2.0", "method": "subscription", "params": {"channel": "book.BTC-18APR25.none.20.100ms", "data": {"timestamp": 1744557872506, "change_id": 97086490467, "instrument_name": "BTC-18APR25", "bids": [[83865.0, 700.0], [83860.0, 12760.0], [83855.0, 13440.0], [83852.5, 14810.0], [83850.0, 15810.0], [83845.0, 51630.0], [83842.5, 5420.0], [83840.0, 810.0], [83837.5, 2710.0], [83832.5, 1640.0], [83830.0, 5450.0], [83822.5, 2470.0], [83820.0, 8230.0], [83810.0, 1640.0], [83807.5, 5470.0], [83800.0, 1670.0], [83797.5, 5440.0], [83795.0, 7950.0], [83792.5, 26510.0], [83790.0, 1630.0]], "asks": [[83867.5, 18750.0], [83870.0, 56340.0], [83872.5, 5500.0], [83875.0, 4140.0], [83877.5, 9200.0], [83880.0, 5420.0], [83885.0, 2760.0], [83887.5, 9200.0], [83890.0, 1630.0], [83895.0, 5440.0], [83897.5, 100.0], [83902.5, 4430.0], [83905.0, 15440.0], [83907.5, 810.0], [83910.0, 2710.0], [83917.5, 1630.0], [83920.0, 5440.0], [83932.5, 1650.0], [83935.0, 5510.0], [83947.5, 1630.0]]}}}
{"jsonrpc": "2.0", "method": "subscription", "params": {"channel": "book.BTC-18APR25.none.20.100ms", "data": {"timestamp": 1744557873363, "change_id": 97086491763, "instrument_name": "BTC-18APR25", "bids": [[83865.0, 700.0], [83847.5, 10000.0], [83845.0, 1630.0], [83842.5, 5420.0], [83840.0, 100.0], [83832.5, 1640.0], [83830.0, 8160.0], [83820.0, 5520.0], [83810.0, 16440.0], [83807.5, 5470.0], [83805.0, 50000.0], [83800.0, 1670.0], [83797.5, 5440.0], [83795.0, 7950.0], [83792.5, 26510.0], [83790.0, 1630.0], [83787.5, 5440.0], [83775.0, 4100.0], [83772.5, 5550.0], [83770.0, 8100.0]], "asks": [[83867.5, 17660.0], [83870.0, 56340.0], [83872.5, 5500.0], [83875.0, 4140.0], [83877.5, 9200.0], [83880.0, 5420.0], [83885.0, 2860.0], [83887.5, 9200.0], [83890.0, 1630.0], [83895.0, 15440.0], [83902.5, 1630.0], [83905.0, 5440.0], [83907.5, 810.0], [83910.0, 2710.0], [83917.5, 1630.0], [83920.0, 5440.0], [83932.5, 1650.0], [83935.0, 5510.0], [83947.5, 1630.0], [83950.0, 5440.0]]}}}
{"jsonrpc": "2.0", "method": "subscription", "params": {"channel": "book.BTC-18APR25.none.20.100ms", "data": {"timestamp": 1744557873651, "change_id": 97086492389, "instrument_name": "BTC-18APR25", "bids": [[83865.0, 700.0], [83855.0, 2760.0], [83852.5, 9200.0], [83850.0, 3000.0], [83847.5, 10000.0], [83845.0, 1630.0], [83842.5, 5420.0], [83840.0, 100.0], [83832.5, 1640.0], [83830.0, 8160.0], [83822.5, 1660.0], [83820.0, 5520.0], [83810.0, 1640.0], [83807.5, 5470.0], [83805.0, 50000.0], [83800.0, 1670.0], [83797.5, 5440.0], [83795.0, 7950.0], [83792.5, 26510.0], [83790.0, 4340.0]], "asks": [[83867.5, 17660.0], [83870.0, 56340.0], [83872.5, 5500.0], [83875.0, 4140.0], [83877.5, 9200.0], [83880.0, 5420.0], [83885.0, 2860.0], [83887.5, 9200.0], [83890.0, 1630.0], [83895.0, 15440.0], [83902.5, 1630.0], [83905.0, 5440.0], [83907.5, 810.0], [83910.0, 2710.0], [83917.5, 1630.0], [83920.0, 5440.0], [83932.5, 1650.0], [83935.0, 5510.0], [83947.5, 1630.0], [83950.0, 5440.0]]}}}
{"jsonrpc": "2.0", "method": "subscription", "params": {"channel": "book.BTC-18APR25.none.20.100ms", "data": {"timestamp": 1744557874068, "change_id": 97086492836, "instrument_name": "BTC-18APR25", "bids": [[83865.0, 700.0], [83855.0, 5490.0], [83852.5, 9200.0], [83847.5, 10000.0], [83845.0, 1630.0], [83842.5, 5420.0], [83840.0, 100.0], [83832.5, 1640.0], [83830.0, 5450.0], [83822.5, 1660.0], [83820.0, 5520.0], [83810.0, 1640.0], [83807.5, 5470.0], [83805.0, 50000.0], [83800.0, 1670.0], [83797.5, 5440.0], [83795.0, 7950.0], [83792.5, 26510.0], [83790.0, 4340.0], [83787.5, 5440.0]], "asks": [[83867.5, 17660.0], [83870.0, 56340.0], [83872.5, 5500.0], [83875.0, 4140.0], [83877.5, 9200.0], [83880.0, 5420.0], [83885.0, 2860.0], [83887.5, 9200.0], [83890.0, 1630.0], [83895.0, 15440.0], [83902.5, 1630.0], [83905.0, 5440.0], [83907.5, 810.0], [83910.0, 2710.0], [83917.5, 1630.0], [83920.0, 5440.0], [83932.5, 1650.0], [83935.0, 5510.0], [83947.5, 1630.0], [83950.0, 5440.0]]}}}
{"jsonrpc": "2.0", "method": "subscription", "params": {"channel": "book.BTC-18APR25.none.20.100ms", "data": {"timestamp": 1744557874200, "change_id": 97086493347, "instrument_name": "BTC-18APR25", "bids": [[83865.0, 700.0], [83855.0, 2760.0], [83852.5, 9200.0], [83850.0, 3000.0], [83847.5, 10000.0], [83845.0, 1630.0], [83842.5, 5420.0], [83840.0, 100.0], [83832.5, 1640.0], [83830.0, 5450.0], [83822.5, 1660.0], [83820.0, 8230.0], [83810.0, 1640.0], [83807.5, 5470.0], [83805.0, 50000.0], [83800.0, 1670.0], [83797.5, 5440.0], [83795.0, 7950.0], [83792.5, 26510.0], [83790.0, 4340.0]], "asks": [[83867.5, 17660.0], [83870.0, 56340.0], [83872.5, 5500.0], [83875.0, 4140.0], [83877.5, 9200.0], [83880.0, 5420.0], [83885.0, 2860.0], [83887.5, 9200.0], [83890.0, 1630.0], [83895.0, 15440.0], [83902.5, 1630.0], [83905.0, 5440.0], [83907.5, 810.0], [83910.0, 2710.0], [83917.5, 1630.0], [83920.0, 5440.0], [83932.5, 1650.0], [83935.0, 5510.0], [83947.5, 1630.0], [83950.0, 5440.0]]}}}
{"jsonrpc": "2.0", "method": "subscription", "params": {"channel": "book.BTC-18APR25.none.20.100ms", "data": {"timestamp": 1744557874663, "change_id": 97086493693, "instrument_name": "BTC-18APR25", "bids": [[83865.0, 700.0], [83855.0, 10670.0], [83852.5, 9200.0], [83850.0, 12200.0], [83847.5, 10000.0], [83845.0, 16450.0], [83842.5, 5420.0], [83840.0, 50100.0], [83832.5, 1640.0], [83830.0, 5450.0], [83822.5, 1660.0], [83820.0, 8230.0], [83810.0, 1640.0], [83807.5, 5470.0], [83800.0, 1670.0], [83797.5, 5440.0], [83795.0, 7950.0], [83792.5, 26510.0], [83790.0, 4340.0], [83787.5, 5440.0]], "asks": [[83867.5, 17660.0], [83870.0, 56340.0], [83872.5, 5500.0], [83875.0, 4140.0], [83877.5, 9200.0], [83880.0, 5420.0], [83885.0, 2860.0], [83887.5, 9200.0], [83890.0, 4430.0], [83895.0, 15440.0], [83902.5, 1630.0], [83905.0, 5440.0], [83907.5, 810.0], [83910.0, 2710.0], [83917.5, 1630.0], [83920.0, 5440.0], [83932.5, 1650.0], [83935.0, 5510.0], [83947.5, 1630.0], [83950.0, 5440.0]]}}}
{"jsonrpc": "2.0", "method": "subscription", "params": {"channel": "book.BTC-18APR25.none.20.100ms", "data": {"timestamp": 1744557874931, "change_id": 97086493787, "instrument_name": "BTC-18APR25", "bids": [[83865.0, 700.0], [83855.0, 8250.0], [83852.5, 9200.0], [83850.0, 3000.0], [83847.5, 10000.0], [83845.0, 16450.0], [83842.5, 5420.0], [83840.0, 50100.0], [83832.5, 1640.0], [83830.0, 5450.0], [83822.5, 1660.0], [83820.0, 8230.0], [83810.0, 1640.0], [83807.5, 5470.0], [83800.0, 1670.0], [83797.5, 5440.0], [83795.0, 7950.0], [83792.5, 26510.0], [83790.0, 4340.0], [83787.5, 5440.0]], "asks": [[83867.5, 17660.0], [83870.0, 56340.0], [83872.5, 5500.0], [83875.0, 4140.0], [83877.5, 9200.0], [83880.0, 5420.0], [83885.0, 2860.0], [83887.5, 9200.0], [83890.0, 4430.0], [83895.0, 15440.0], [83902.5, 1630.0], [83905.0, 5440.0], [83907.5, 810.0], [83910.0, 2710.0], [83917.5, 1630.0], [83920.0, 5440.0], [83932.5, 1650.0], [83935.0, 5510.0], [83947.5, 1630.0], [83950.0, 5440.0]]}}}
{"jsonrpc": "2.0", "method": "subscription", "params": {"channel": "book.BTC-18APR25.none.20.100ms", "data": {"timestamp": 1744557876368, "change_id": 97086495411, "instrument_name": "BTC-18APR25", "bids": [[83855.0, 12870.0], [83852.5, 9200.0], [83850.0, 3420.0], [83847.5, 10000.0], [83845.0, 1630.0], [83842.5, 5420.0], [83840.0, 100.0], [83835.0, 16640.0], [83832.5, 50000.0], [83830.0, 5450.0], [83822.5, 1660.0], [83820.0, 8230.0], [83810.0, 1640.0], [83807.5, 5470.0], [83800.0, 1670.0], [83797.5, 5440.0], [83795.0, 7950.0], [83792.5, 26510.0], [83790.0, 4340.0], [83787.5, 5440.0]], "asks": [[83857.5, 18260.0], [83860.0, 14690.0], [83862.5, 2550.0], [83865.0, 30830.0], [83867.5, 11910.0], [83870.0, 45490.0], [83875.0, 4140.0], [83877.5, 9200.0], [83880.0, 5420.0], [83885.0, 2860.0], [83887.5, 9200.0], [83890.0, 4430.0], [83895.0, 15440.0], [83902.5, 1630.0], [83905.0, 5440.0], [83907.5, 810.0], [83910.0, 2710.0], [83917.5, 1630.0], [83920.0, 5440.0], [83932.5, 1650.0]]}}}
{"jsonrpc": "2.0", "method": "subscription", "params": {"channel": "book.BTC-18APR25.none.20.100ms", "data": {"timestamp": 1744557876665, "change_id": 97086495778, "instrument_name": "BTC-18APR25", "bids": [[83850.0, 7290.0], [83847.5, 10000.0], [83845.0, 1630.0], [83842.5, 5420.0], [83840.0, 100.0], [83835.0, 1640.0], [83830.0, 5450.0], [83822.5, 1660.0], [83820.0, 8230.0], [83817.5, 50000.0], [83810.0, 1640.0], [83807.5, 5470.0], [83800.0, 1670.0], [83797.5, 5440.0], [83795.0, 7950.0], [83792.5, 26510.0], [83790.0, 4340.0], [83787.5, 5440.0], [83775.0, 4100.0], [83772.5, 5550.0]], "asks": [[83852.5, 9450.0], [83855.0, 20820.0], [83857.5, 54700.0], [83860.0, 17450.0], [83862.5, 9200.0], [83865.0, 2460.0], [83867.5, 2710.0], [83870.0, 5490.0], [83875.0, 4140.0], [83877.5, 9200.0], [83880.0, 5420.0], [83885.0, 100.0], [83890.0, 4430.0], [83895.0, 15440.0], [83902.5, 1630.0], [83905.0, 5440.0], [83907.5, 810.0], [83910.0, 2710.0], [83917.5, 1630.0], [83920.0, 5440.0]]}}}
{"jsonrpc": "2.0", "method": "subscription", "params": {"channel": "book.BTC-18APR25.none.20.100ms", "data": {"timestamp": 1744557877328, "change_id": 97086497295, "instrument_name": "BTC-18APR25", "bids": [[83850.0, 6170.0], [83845.0, 1630.0], [83842.5, 5420.0], [83835.0, 19080.0], [83832.5, 10000.0], [83830.0, 55450.0], [83827.5, 24090.0], [83825.0, 2710.0], [83820.0, 5520.0], [83807.5, 5470.0], [83800.0, 1670.0], [83797.5, 5440.0], [83795.0, 7950.0], [83792.5, 26510.0], [83790.0, 2710.0], [83787.5, 5440.0], [83772.5, 5550.0], [83770.0, 8100.0], [83742.5, 5530.0], [83735.0, 40.0]], "asks": [[83852.5, 9200.0], [83855.0, 20820.0], [83857.5, 57410.0], [83860.0, 14690.0], [83865.0, 1650.0], [83870.0, 5490.0], [83875.0, 100.0], [83877.5, 9200.0], [83880.0, 8130.0], [83882.5, 3030.0], [83885.0, 10000.0], [83890.0, 1630.0], [83895.0, 5440.0], [83905.0, 5440.0], [83917.5, 1630.0], [83920.0, 5440.0], [83935.0, 5510.0], [83947.5, 1630.0], [83950.0, 5440.0], [83970.0, 5520.0]]}}}
{"jsonrpc": "2.0", "method": "subscription", "params": {"channel": "book.BTC-18APR25.none.20.100ms", "data": {"timestamp": 1744557877705, "change_id": 97086498270, "instrument_name": "BTC-18APR25", "bids": [[83855.0, 18770.0], [83852.5, 22940.0], [83850.0, 9620.0], [83845.0, 1630.0], [83842.5, 5420.0], [83835.0, 19080.0], [83832.5, 10000.0], [83830.0, 55450.0], [83827.5, 100.0], [83825.0, 2710.0], [83820.0, 5520.0], [83807.5, 5470.0], [83800.0, 40.0], [83797.5, 5440.0], [83795.0, 7950.0], [83792.5, 26510.0], [83790.0, 2710.0], [83787.5, 5440.0], [83772.5, 5550.0], [83770.0, 8100.0]], "asks": [[83857.5, 40000.0], [83865.0, 1650.0], [83870.0, 5490.0], [83875.0, 5300.0], [83877.5, 9200.0], [83880.0, 8130.0], [83882.5, 3030.0], [83885.0, 10000.0], [83890.0, 1630.0], [83895.0, 5440.0], [83905.0, 5440.0], [83917.5, 1630.0], [83920.0, 5440.0], [83935.0, 5510.0], [83947.5, 1630.0], [83950.0, 5440.0], [83970.0, 5520.0], [83980.0, 5560.0], [83995.0, 1680.0], [83997.5, 5590.0]]}}}
{"jsonrpc": "2.0", "method": "subscription", "params": {"channel": "book.BTC-18APR25.none.20.100ms", "data": {"timestamp": 1744557877846, "change_id": 97086498483, "instrument_name": "BTC-18APR25", "bids": [[83855.0, 15700.0], [83852.5, 23080.0], [83850.0, 9620.0], [83845.0, 4630.0], [83842.5, 15420.0], [83837.5, 100.0], [83830.0, 55450.0], [83825.0, 2710.0], [83820.0, 5520.0], [83807.5, 5470.0], [83800.0, 40.0], [83797.5, 5440.0], [83792.5, 26510.0], [83790.0, 2710.0], [83787.5, 5440.0], [83772.5, 5550.0], [83770.0, 8100.0], [83742.5, 5530.0], [83735.0, 40.0], [83702.5, 5420.0]], "asks": [[83857.5, 40000.0], [83867.5, 1650.0], [83870.0, 8200.0], [83875.0, 5300.0], [83877.5, 9200.0], [83880.0, 5420.0], [83885.0, 10000.0], [83895.0, 5440.0], [83905.0, 5440.0], [83910.0, 2710.0], [83920.0, 5440.0], [83935.0, 5510.0], [83950.0, 5440.0], [83970.0, 5520.0], [83980.0, 5560.0], [83997.5, 5590.0], [84002.5, 40.0], [84025.0, 3280.0], [84050.0, 5570.0], [84052.5, 20.0]]}}}
{"jsonrpc": "2.0", "method": "subscription", "params": {"channel": "book.BTC-18APR25.none.20.100ms", "data": {"timestamp": 1744557878355, "change_id": 97086499293, "instrument_name": "BTC-18APR25", "bids": [[83855.0, 14950.0], [83852.5, 20190.0], [83850.0, 420.0], [83845.0, 4630.0], [83842.5, 15420.0], [83837.5, 100.0], [83832.5, 16640.0], [83830.0, 55450.0], [83825.0, 2710.0], [83820.0, 5520.0], [83807.5, 5470.0], [83800.0, 40.0], [83797.5, 5440.0], [83795.0, 8770.0], [83792.5, 26510.0], [83790.0, 2710.0], [83787.5, 5440.0], [83772.5, 5550.0], [83770.0, 8100.0], [83745.0, 1660.0]], "asks": [[83857.5, 40250.0], [83867.5, 1650.0], [83870.0, 8200.0], [83875.0, 5300.0], [83877.5, 9200.0], [83880.0, 5420.0], [83882.5, 3000.0], [83885.0, 10000.0], [83895.0, 5440.0], [83905.0, 5440.0], [83910.0, 2710.0], [83917.5, 1630.0], [83920.0, 5440.0], [83935.0, 5510.0], [83950.0, 5440.0], [83970.0, 5520.0], [83977.5, 1670.0], [83980.0, 5560.0], [83997.5, 5590.0], [84002.5, 40.0]]}}}
{"jsonrpc": "2.0", "method": "subscription", "params": {"channel": "book.BTC-18APR25.none.20.100ms", "data": {"timestamp": 1744557878512, "change_id": 97086499468, "instrument_name": "BTC-18APR25", "bids": [[83855.0, 18220.0], [83852.5, 10990.0], [83850.0, 420.0], [83845.0, 4630.0], [83842.5, 15420.0], [83837.5, 100.0], [83832.5, 16640.0], [83830.0, 69870.0], [83825.0, 2710.0], [83820.0, 5520.0], [83807.5, 5470.0], [83800.0, 40.0], [83797.5, 5440.0], [83795.0, 8770.0], [83792.5, 26510.0], [83790.0, 2710.0], [83787.5, 5440.0], [83772.5, 5550.0], [83770.0, 8100.0], [83745.0, 1660.0]], "asks": [[83857.5, 54950.0], [83865.0, 5220.0], [83867.5, 9200.0], [83870.0, 8200.0], [83875.0, 5300.0], [83877.5, 9200.0], [83880.0, 5420.0], [83882.5, 3000.0], [83885.0, 10000.0], [83895.0, 5440.0], [83905.0, 5440.0], [83910.0, 2710.0], [83917.5, 1630.0], [83920.0, 5440.0], [83935.0, 5510.0], [83950.0, 5440.0], [83970.0, 5520.0], [83977.5, 1670.0], [83980.0, 5560.0], [83997.5, 5590.0]]}}}
{"jsonrpc": "2.0", "method": "subscription", "params": {"channel": "book.BTC-18APR25.none.20.100ms", "data": {"timestamp": 1744557879001, "change_id": 97086499919, "instrument_name": "BTC-18APR25", "bids": [[83855.0, 7860.0], [83852.5, 10990.0], [83850.0, 420.0], [83845.0, 4630.0], [83842.5, 15420.0], [83837.5, 100.0], [83832.5, 16640.0], [83830.0, 69870.0], [83825.0, 2710.0], [83807.5, 5470.0], [83800.0, 40.0], [83797.5, 5440.0], [83795.0, 8770.0], [83792.5, 26510.0], [83790.0, 2710.0], [83787.5, 5440.0], [83772.5, 5550.0], [83770.0, 8100.0], [83745.0, 1660.0], [83742.5, 5530.0]], "asks": [[83857.5, 54950.0], [83865.0, 5220.0], [83867.5, 9200.0], [83870.0, 8200.0], [83875.0, 5300.0], [83877.5, 9200.0], [83880.0, 5420.0], [83882.5, 3000.0], [83885.0, 10000.0], [83905.0, 5440.0], [83910.0, 2710.0], [83917.5, 1630.0], [83920.0, 5440.0], [83935.0, 5510.0], [83950.0, 5440.0], [83970.0, 5520.0], [83977.5, 1670.0], [83980.0, 5560.0], [83997.5, 5590.0], [84002.5, 40.0]]}}}
{"jsonrpc": "2.0", "method": "subscription", "params": {"channel": "book.BTC-18APR25.none.20.100ms", "data": {"timestamp": 1744557879429, "change_id": 97086500509, "instrument_name": "BTC-18APR25", "bids": [[83855.0, 15760.0], [83852.5, 10990.0], [83850.0, 3180.0], [83847.5, 9200.0], [83845.0, 4630.0], [83842.5, 15420.0], [83837.5, 100.0], [83832.5, 16640.0], [83830.0, 69870.0], [83827.5, 810.0], [83825.0, 2710.0], [83807.5, 5470.0], [83800.0, 1670.0], [83797.5, 5440.0], [83795.0, 8770.0], [83792.5, 26510.0], [83790.0, 2710.0], [83787.5, 5440.0], [83772.5, 5550.0], [83770.0, 8100.0]], "asks": [[83857.5, 54950.0], [83860.0, 2760.0], [83862.5, 9200.0], [83865.0, 5220.0], [83867.5, 9200.0], [83870.0, 8200.0], [83875.0, 5300.0], [83877.5, 9200.0], [83880.0, 5420.0], [83882.5, 3000.0], [83885.0, 10000.0], [83902.5, 1630.0], [83905.0, 5440.0], [83910.0, 2710.0], [83917.5, 1630.0], [83920.0, 5440.0], [83932.5, 1650.0], [83935.0, 5510.0], [83950.0, 5440.0], [83967.5, 1660.0]]}}}
{"jsonrpc": "2.0", "method": "subscription", "params": {"channel": "book.BTC-18APR25.none.20.100ms", "data": {"timestamp": 1744557879812, "change_id": 97086500762, "instrument_name": "BTC-18APR25", "bids": [[83855.0, 7860.0], [83852.5, 10990.0], [83850.0, 3180.0], [83847.5, 9200.0], [83845.0, 4630.0], [83842.5, 15420.0], [83837.5, 100.0], [83832.5, 16640.0], [83830.0, 69870.0], [83827.5, 810.0], [83825.0, 2710.0], [83807.5, 5470.0], [83800.0, 1670.0], [83797.5, 5440.0], [83795.0, 8770.0], [83792.5, 26510.0], [83790.0, 2710.0], [83787.5, 5440.0], [83772.5, 5550.0], [83770.0, 8100.0]], "asks": [[83857.5, 49450.0], [83860.0, 2760.0], [83862.5, 9200.0], [83865.0, 5220.0], [83867.5, 9200.0], [83870.0, 8200.0], [83875.0, 5300.0], [83877.5, 9200.0], [83880.0, 5420.0], [83882.5, 3000.0], [83885.0, 10000.0], [83902.5, 1630.0], [83905.0, 5440.0], [83910.0, 2710.0], [83917.5, 1630.0], [83920.0, 5440.0], [83932.5, 1650.0], [83935.0, 5510.0], [83950.0, 5440.0], [83967.5, 1660.0]]}}}
{"jsonrpc": "2.0", "method": "subscription", "params": {"channel": "book.BTC-18APR25.none.20.100ms", "data": {"timestamp": 1744557880081, "change_id": 97086501007, "instrument_name": "BTC-18APR25", "bids": [[83855.0, 7880.0], [83852.5, 10990.0], [83850.0, 3180.0], [83847.5, 9200.0], [83845.0, 4630.0], [83842.5, 15420.0], [83837.5, 100.0], [83832.5, 16640.0], [83830.0, 69870.0], [83827.5, 810.0], [83825.0, 2710.0], [83807.5, 5470.0], [83800.0, 1670.0], [83797.5, 5440.0], [83795.0, 8770.0], [83792.5, 26510.0], [83790.0, 2710.0], [83787.5, 5440.0], [83772.5, 5550.0], [83770.0, 8100.0]], "asks": [[83857.5, 49450.0], [83860.0, 2760.0], [83862.5, 9200.0], [83865.0, 5220.0], [83867.5, 9200.0], [83870.0, 8200.0], [83875.0, 5300.0], [83877.5, 9200.0], [83880.0, 5420.0], [83882.5, 3000.0], [83885.0, 10000.0], [83902.5, 1630.0], [83905.0, 5440.0], [83910.0, 2710.0], [83917.5, 1630.0], [83920.0, 5440.0], [83932.5, 1650.0], [83935.0, 5510.0], [83950.0, 5440.0], [83967.5, 1660.0]]}}}
{"jsonrpc": "2.0", "method": "subscription", "params": {"channel": "book.BTC-18APR25.none.20.100ms", "data": {"timestamp": 1744557880417, "change_id": 97086501500, "instrument_name": "BTC-18APR25", "bids": [[83855.0, 17080.0], [83852.5, 10990.0], [83850.0, 5600.0], [83847.5, 9200.0], [83845.0, 13830.0], [83842.5, 15420.0], [83837.5, 100.0], [83832.5, 16640.0], [83830.0, 69870.0], [83827.5, 810.0], [83825.0, 2710.0], [83807.5, 5470.0], [83800.0, 1670.0], [83797.5, 5440.0], [83795.0, 8770.0], [83792.5, 26510.0], [83790.0, 2710.0], [83787.5, 5440.0], [83772.5, 5550.0], [83770.0, 8100.0]], "asks": [[83857.5, 49450.0], [83860.0, 2760.0], [83862.5, 9200.0], [83865.0, 5220.0], [83867.5, 9200.0], [83870.0, 8200.0], [83875.0, 5300.0], [83877.5, 9200.0], [83880.0, 5420.0], [83882.5, 3000.0], [83885.0, 10000.0], [83902.5, 1630.0], [83905.0, 5440.0], [83910.0, 2710.0], [83917.5, 1630.0], [83920.0, 5440.0], [83932.5, 1650.0], [83935.0, 5510.0], [83950.0, 5440.0], [83967.5, 1660.0]]}}}
{"jsonrpc": "2.0", "method": "subscription", "params": {"channel": "book.BTC-18APR25.none.20.100ms", "data": {"timestamp": 1744557881101, "change_id": 97086502056, "instrument_name": "BTC-18APR25", "bids": [[83855.0, 7860.0], [83852.5, 10990.0], [83850.0, 5600.0], [83847.5, 9200.0], [83845.0, 13830.0], [83842.5, 15420.0], [83837.5, 100.0], [83832.5, 16640.0], [83830.0, 69870.0], [83827.5, 810.0], [83825.0, 2710.0], [83810.0, 1640.0], [83807.5, 5470.0], [83800.0, 1670.0], [83797.5, 5440.0], [83795.0, 8770.0], [83792.5, 26510.0], [83790.0, 2710.0], [83787.5, 5440.0], [83775.0, 4100.0]], "asks": [[83857.5, 54950.0], [83860.0, 2760.0], [83862.5, 9200.0], [83865.0, 5220.0], [83867.5, 9200.0], [83870.0, 8200.0], [83875.0, 5300.0], [83877.5, 9200.0], [83880.0, 5420.0], [83882.5, 3000.0], [83885.0, 10000.0], [83902.5, 1630.0], [83905.0, 5440.0], [83907.5, 810.0], [83910.0, 2710.0], [83917.5, 1630.0], [83920.0, 5440.0], [83932.5, 1650.0], [83935.0, 5510.0], [83947.5, 1630.0]]}}}
{"jsonrpc": "2.0", "method": "subscription", "params": {"channel": "book.BTC-18APR25.none.20.100ms", "data": {"timestamp": 1744557881537, "change_id": 97086502600, "instrument_name": "BTC-18APR25", "bids": [[83855.0, 5500.0], [83852.5, 10990.0], [83850.0, 420.0], [83847.5, 9200.0], [83845.0, 13830.0], [83842.5, 15420.0], [83837.5, 100.0], [83832.5, 16640.0], [83830.0, 69870.0], [83827.5, 810.0], [83825.0, 2710.0], [83810.0, 1640.0], [83807.5, 5470.0], [83800.0, 1670.0], [83797.5, 5440.0], [83795.0, 8770.0], [83792.5, 26510.0], [83790.0, 2710.0], [83787.5, 5440.0], [83775.0, 4100.0]], "asks": [[83857.5, 54950.0], [83860.0, 2760.0], [83862.5, 9200.0], [83865.0, 5220.0], [83867.5, 9200.0], [83870.0, 8200.0], [83875.0, 5300.0], [83877.5, 9200.0], [83880.0, 5420.0], [83882.5, 3000.0], [83885.0, 10000.0], [83902.5, 1630.0], [83905.0, 5440.0], [83907.5, 810.0], [83910.0, 2710.0], [83917.5, 1630.0], [83920.0, 5440.0], [83932.5, 1650.0], [83935.0, 5510.0], [83947.5, 1630.0]]}}}
{"jsonrpc": "2.0", "method": "subscription", "params": {"channel": "book.BTC-18APR25.none.20.100ms", "data": {"timestamp": 1744557881884, "change_id": 97086502966, "instrument_name": "BTC-18APR25", "bids": [[83852.5, 12780.0], [83850.0, 5940.0], [83847.5, 9200.0], [83845.0, 13830.0], [83842.5, 15420.0], [83837.5, 100.0], [83832.5, 16640.0], [83830.0, 69870.0], [83827.5, 810.0], [83825.0, 2710.0], [83810.0, 1640.0], [83807.5, 5470.0], [83800.0, 1670.0], [83797.5, 5440.0], [83795.0, 8770.0], [83792.5, 26510.0], [83790.0, 2710.0], [83787.5, 5440.0], [83775.0, 4100.0], [83772.5, 5550.0]], "asks": [[83855.0, 12830.0], [83857.5, 54700.0], [83860.0, 2760.0], [83862.5, 11910.0], [83865.0, 5220.0], [83867.5, 9200.0], [83870.0, 5490.0], [83875.0, 5300.0], [83877.5, 9200.0], [83880.0, 5420.0], [83882.5, 3000.0], [83885.0, 10000.0], [83902.5, 1630.0], [83905.0, 5440.0], [83907.5, 810.0], [83910.0, 2710.0], [83917.5, 1630.0], [83920.0, 5440.0], [83932.5, 1650.0], [83935.0, 5510.0]]}}}
{"jsonrpc": "2.0", "method": "subscription", "params": {"channel": "book.BTC-18APR25.none.20.100ms", "data": {"timestamp": 1744557882284, "change_id": 97086503329, "instrument_name": "BTC-18APR25", "bids": [[83852.5, 11020.0], [83850.0, 5940.0], [83847.5, 9200.0], [83845.0, 13830.0], [83842.5, 15420.0], [83837.5, 100.0], [83832.5, 16640.0], [83830.0, 55450.0], [83827.5, 810.0], [83825.0, 2710.0], [83810.0, 1640.0], [83807.5, 5470.0], [83800.0, 1670.0], [83797.5, 5440.0], [83795.0, 8770.0], [83792.5, 26510.0], [83790.0, 4340.0], [83787.5, 5440.0], [83775.0, 4100.0], [83772.5, 5550.0]], "asks": [[83855.0, 23850.0], [83857.5, 54700.0], [83860.0, 2760.0], [83862.5, 11910.0], [83865.0, 5220.0], [83867.5, 9200.0], [83870.0, 5490.0], [83875.0, 5300.0], [83877.5, 9200.0], [83880.0, 5420.0], [83882.5, 3000.0], [83885.0, 10000.0], [83902.5, 1630.0], [83905.0, 5440.0], [83907.5, 810.0], [83910.0, 2710.0], [83917.5, 1630.0], [83920.0, 5440.0], [83932.5, 1650.0], [83935.0, 5510.0]]}}}
{"jsonrpc": "2.0", "method": "subscription", "params": {"channel": "book.BTC-18APR25.none.20.100ms", "data": {"timestamp": 1744557882395, "change_id": 97086503566, "instrument_name": "BTC-18APR25", "bids": [[83852.5, 20240.0], [83850.0, 5940.0], [83847.5, 9200.0], [83845.0, 13830.0], [83842.5, 15420.0], [83837.5, 100.0], [83832.5, 16640.0], [83830.0, 55450.0], [83827.5, 810.0], [83825.0, 2710.0], [83810.0, 1640.0], [83807.5, 5470.0], [83800.0, 1670.0], [83797.5, 5440.0], [83795.0, 8770.0], [83792.5, 26510.0], [83790.0, 4340.0], [83787.5, 5440.0], [83775.0, 4100.0], [83772.5, 5550.0]], "asks": [[83855.0, 16810.0], [83857.5, 54700.0], [83860.0, 2760.0], [83862.5, 11910.0], [83865.0, 5220.0], [83867.5, 9200.0], [83870.0, 5490.0], [83875.0, 5300.0], [83877.5, 9200.0], [83880.0, 5420.0], [83882.5, 3000.0], [83885.0, 10000.0], [83902.5, 1630.0], [83905.0, 5440.0], [83907.5, 810.0], [83910.0, 2710.0], [83917.5, 1630.0], [83920.0, 5440.0], [83932.5, 1650.0], [83935.0, 5510.0]]}}}
{"jsonrpc": "2.0", "method": "subscription", "params": {"channel": "book.BTC-18APR25.none.20.100ms", "data": {"timestamp": 1744557882974, "change_id": 97086504243, "instrument_name": "BTC-18APR25", "bids": [[83855.0, 15670.0], [83852.5, 20220.0], [83850.0, 3180.0], [83847.5, 9200.0], [83845.0, 4630.0], [83842.5, 15420.0], [83837.5, 15100.0], [83835.0, 50000.0], [83832.5, 1640.0], [83830.0, 5450.0], [83827.5, 810.0], [83825.0, 2710.0], [83810.0, 1640.0], [83807.5, 5470.0], [83800.0, 1670.0], [83797.5, 5440.0], [83795.0, 8770.0], [83792.5, 26510.0], [83790.0, 4340.0], [83787.5, 5440.0]], "asks": [[83857.5, 40250.0], [83860.0, 2760.0], [83862.5, 9200.0], [83865.0, 5220.0], [83867.5, 9200.0], [83870.0, 8200.0], [83875.0, 5300.0], [83877.5, 9200.0], [83880.0, 5420.0], [83882.5, 3000.0], [83885.0, 10000.0], [83902.5, 1630.0], [83905.0, 5440.0], [83907.5, 810.0], [83910.0, 2710.0], [83917.5, 1630.0], [83920.0, 5440.0], [83932.5, 1650.0], [83935.0, 5510.0], [83947.5, 1630.0]]}}}
{"jsonrpc": "2.0", "method": "subscription", "params": {"channel": "book.BTC-18APR25.none.20.100ms", "data": {"timestamp": 1744557883218, "change_id": 97086504558, "instrument_name": "BTC-18APR25", "bids": [[83855.0, 14700.0], [83852.5, 11020.0], [83850.0, 3180.0], [83847.5, 9200.0], [83845.0, 4630.0], [83842.5, 15420.0], [83837.5, 15100.0], [83835.0, 50000.0], [83832.5, 6250.0], [83830.0, 21500.0], [83827.5, 810.0], [83825.0, 2710.0], [83810.0, 1640.0], [83807.5, 5470.0], [83800.0, 1670.0], [83797.5, 5440.0], [83795.0, 8770.0], [83792.5, 26510.0], [83790.0, 4340.0], [83787.5, 5440.0]], "asks": [[83857.5, 40250.0], [83860.0, 2760.0], [83862.5, 9200.0], [83865.0, 5220.0], [83867.5, 9200.0], [83870.0, 8200.0], [83875.0, 5300.0], [83877.5, 9200.0], [83880.0, 5420.0], [83882.5, 3000.0], [83885.0, 10000.0], [83902.5, 1630.0], [83905.0, 5440.0], [83907.5, 810.0], [83910.0, 2710.0], [83917.5, 1630.0], [83920.0, 5440.0], [83932.5, 1650.0], [83935.0, 5510.0], [83947.5, 1630.0]]}}}
{"jsonrpc": "2.0", "method": "subscription", "params": {"channel": "book.BTC-18APR25.none.20.100ms", "data": {"timestamp": 1744557883559, "change_id": 97086505016, "instrument_name": "BTC-18APR25", "bids": [[83855.0, 14730.0], [83852.5, 11020.0], [83850.0, 5600.0], [83847.5, 9200.0], [83845.0, 13830.0], [83842.5, 15420.0], [83837.5, 15100.0], [83835.0, 50000.0], [83832.5, 6250.0], [83830.0, 21500.0], [83827.5, 810.0], [83825.0, 2710.0], [83810.0, 1640.0], [83807.5, 5470.0], [83800.0, 1670.0], [83797.5, 5440.0], [83795.0, 8770.0], [83792.5, 26510.0], [83790.0, 4340.0], [83787.5, 5440.0]], "asks": [[83857.5, 49450.0], [83860.0, 2760.0], [83862.5, 9200.0], [83865.0, 5220.0], [83867.5, 9200.0], [83870.0, 8200.0], [83875.0, 5300.0], [83877.5, 9200.0], [83880.0, 5420.0], [83882.5, 3000.0], [83885.0, 10000.0], [83902.5, 1630.0], [83905.0, 5440.0], [83907.5, 810.0], [83910.0, 2710.0], [83917.5, 1630.0], [83920.0, 5440.0], [83932.5, 1650.0], [83935.0, 5510.0], [83947.5, 1630.0]]}}}
{"jsonrpc": "2.0", "method": "subscription", "params": {"channel": "book.BTC-18APR25.none.20.100ms", "data": {"timestamp": 1744557886108, "change_id": 97086507365, "instrument_name": "BTC-18APR25", "bids": [[83855.0, 14730.0], [83852.5, 11020.0], [83850.0, 5940.0], [83847.5, 9200.0], [83845.0, 13830.0], [83842.5, 15420.0], [83837.5, 15100.0], [83835.0, 50000.0], [83832.5, 6250.0], [83830.0, 21500.0], [83827.5, 810.0], [83825.0, 2710.0], [83810.0, 1640.0], [83807.5, 5470.0], [83800.0, 1670.0], [83797.5, 5440.0], [83795.0, 8770.0], [83792.5, 26510.0], [83790.0, 4340.0], [83787.5, 5440.0]], "asks": [[83857.5, 49450.0], [83860.0, 2760.0], [83862.5, 9200.0], [83865.0, 5220.0], [83867.5, 9200.0], [83870.0, 8200.0], [83875.0, 5300.0], [83877.5, 9200.0], [83880.0, 5420.0], [83882.5, 3000.0], [83885.0, 10000.0], [83902.5, 1630.0], [83905.0, 5440.0], [83907.5, 810.0], [83910.0, 2710.0], [83917.5, 1630.0], [83920.0, 5440.0], [83932.5, 1650.0], [83935.0, 5510.0], [83947.5, 1630.0]]}}}
{"jsonrpc": "2.0", "method": "subscription", "params": {"channel": "book.BTC-18APR25.none.20.100ms", "data": {"timestamp": 1744557886549, "change_id": 97086507885, "instrument_name": "BTC-18APR25", "bids": [[83855.0, 10280.0], [83852.5, 11020.0], [83850.0, 5940.0], [83847.5, 9200.0], [83845.0, 13830.0], [83842.5, 15420.0], [83837.5, 15100.0], [83835.0, 50000.0], [83832.5, 6250.0], [83830.0, 21500.0], [83827.5, 810.0], [83825.0, 2710.0], [83810.0, 1640.0], [83807.5, 5470.0], [83800.0, 1670.0], [83797.5, 5440.0], [83795.0, 8770.0], [83792.5, 26510.0], [83790.0, 4340.0], [83787.5, 5440.0]], "asks": [[83857.5, 54950.0], [83860.0, 2760.0], [83862.5, 9200.0], [83865.0, 5220.0], [83867.5, 9200.0], [83870.0, 8200.0], [83875.0, 5300.0], [83877.5, 9200.0], [83880.0, 5420.0], [83882.5, 3000.0], [83885.0, 10000.0], [83902.5, 1630.0], [83905.0, 5440.0], [83907.5, 810.0], [83910.0, 2710.0], [83917.5, 1630.0], [83920.0, 5440.0], [83932.5, 1650.0], [83935.0, 5510.0], [83947.5, 1630.0]]}}}
{"jsonrpc": "2.0", "method": "subscription", "params": {"channel": "book.BTC-18APR25.none.20.100ms", "data": {"timestamp": 1744557886925, "change_id": 97086508193, "instrument_name": "BTC-18APR25", "bids": [[83855.0, 5500.0], [83852.5, 11020.0], [83850.0, 5940.0], [83847.5, 9200.0], [83845.0, 13830.0], [83842.5, 15420.0], [83837.5, 15100.0], [83835.0, 50000.0], [83832.5, 1640.0], [83830.0, 5450.0], [83827.5, 810.0], [83825.0, 2710.0], [83810.0, 1640.0], [83807.5, 5470.0], [83800.0, 1670.0], [83797.5, 5440.0], [83795.0, 8770.0], [83792.5, 26510.0], [83790.0, 4340.0], [83787.5, 5440.0]], "asks": [[83857.5, 54950.0], [83860.0, 2760.0], [83862.5, 9200.0], [83865.0, 5220.0], [83867.5, 9200.0], [83870.0, 8200.0], [83875.0, 5300.0], [83877.5, 9200.0], [83880.0, 5420.0], [83882.5, 3000.0], [83885.0, 10000.0], [83902.5, 1630.0], [83905.0, 5440.0], [83907.5, 810.0], [83910.0, 2710.0], [83917.5, 1630.0], [83920.0, 5440.0], [83932.5, 1650.0], [83935.0, 5510.0], [83947.5, 1630.0]]}}}
{"jsonrpc": "2.0", "method": "subscription", "params": {"channel": "book.BTC-18APR25.none.20.100ms", "data": {"timestamp": 1744557887786, "change_id": 97086509153, "instrument_name": "BTC-18APR25", "bids": [[83855.0, 9510.0], [83852.5, 11020.0], [83850.0, 5940.0], [83847.5, 9200.0], [83845.0, 13830.0], [83842.5, 15420.0], [83837.5, 15100.0], [83835.0, 50000.0], [83832.5, 1640.0], [83830.0, 5450.0], [83827.5, 810.0], [83825.0, 2710.0], [83810.0, 1640.0], [83807.5, 5470.0], [83800.0, 1670.0], [83797.5, 5440.0], [83795.0, 8770.0], [83792.5, 26510.0], [83790.0, 4340.0], [83787.5, 5440.0]], "asks": [[83857.5, 49450.0], [83860.0, 2760.0], [83862.5, 9200.0], [83865.0, 5220.0], [83867.5, 9200.0], [83870.0, 8200.0], [83875.0, 5300.0], [83877.5, 9200.0], [83880.0, 5420.0], [83882.5, 3000.0], [83885.0, 10000.0], [83902.5, 1630.0], [83905.0, 5440.0], [83907.5, 810.0], [83910.0, 2710.0], [83917.5, 1630.0], [83920.0, 5440.0], [83932.5, 1650.0], [83935.0, 5510.0], [83947.5, 1630.0]]}}}
{"jsonrpc": "2.0", "method": "subscription", "params": {"channel": "book.BTC-18APR25.none.20.100ms", "data": {"timestamp": 1744557888161, "change_id": 97086509504, "instrument_name": "BTC-18APR25", "bids": [[83855.0, 9760.0], [83852.5, 11020.0], [83850.0, 5940.0], [83847.5, 9200.0], [83845.0, 13830.0], [83842.5, 15420.0], [83837.5, 15100.0], [83835.0, 50000.0], [83832.5, 1640.0], [83830.0, 5450.0], [83827.5, 810.0], [83825.0, 2710.0], [83810.0, 1640.0], [83807.5, 5470.0], [83800.0, 1670.0], [83797.5, 5440.0], [83795.0, 8770.0], [83792.5, 26510.0], [83790.0, 4340.0], [83787.5, 5440.0]], "asks": [[83857.5, 49450.0], [83860.0, 2760.0], [83862.5, 9200.0], [83865.0, 5220.0], [83867.5, 9200.0], [83870.0, 8200.0], [83875.0, 5300.0], [83877.5, 9200.0], [83880.0, 5420.0], [83882.5, 3000.0], [83885.0, 10000.0], [83902.5, 1630.0], [83905.0, 5440.0], [83907.5, 810.0], [83910.0, 2710.0], [83917.5, 1630.0], [83920.0, 5440.0], [83932.5, 1650.0], [83935.0, 5510.0], [83947.5, 1630.0]]}}}
{"jsonrpc": "2.0", "method": "subscription", "params": {"channel": "book.BTC-18APR25.none.20.100ms", "data": {"timestamp": 1744557888326, "change_id": 97086509711, "instrument_name": "BTC-18APR25", "bids": [[83855.0, 18960.0], [83852.5, 11020.0], [83850.0, 5940.0], [83847.5, 9200.0], [83845.0, 13830.0], [83842.5, 15420.0], [83837.5, 15100.0], [83835.0, 50000.0], [83832.5, 1640.0], [83830.0, 5450.0], [83827.5, 810.0], [83825.0, 2710.0], [83810.0, 1640.0], [83807.5, 5470.0], [83800.0, 1670.0], [83797.5, 5440.0], [83795.0, 8770.0], [83792.5, 26510.0], [83790.0, 4340.0], [83787.5, 5440.0]], "asks": [[83857.5, 49450.0], [83860.0, 2760.0], [83862.5, 9200.0], [83865.0, 5220.0], [83867.5, 9200.0], [83870.0, 8200.0], [83875.0, 5300.0], [83877.5, 9200.0], [83880.0, 5420.0], [83882.5, 3000.0], [83885.0, 10000.0], [83902.5, 1630.0], [83905.0, 5440.0], [83907.5, 810.0], [83910.0, 2710.0], [83917.5, 1630.0], [83920.0, 5440.0], [83932.5, 1650.0], [83935.0, 5510.0], [83947.5, 1630.0]]}}}
{"jsonrpc": "2.0", "method": "subscription", "params": {"channel": "book.BTC-18APR25.none.20.100ms", "data": {"timestamp": 1744557889023, "change_id": 97086510285, "instrument_name": "BTC-18APR25", "bids": [[83855.0, 12350.0], [83852.5, 11020.0], [83850.0, 5940.0], [83847.5, 9200.0], [83845.0, 13830.0], [83842.5, 15420.0], [83837.5, 15100.0], [83835.0, 50000.0], [83832.5, 1640.0], [83830.0, 5450.0], [83827.5, 810.0], [83825.0, 2710.0], [83810.0, 1640.0], [83807.5, 5470.0], [83800.0, 1670.0], [83797.5, 5440.0], [83795.0, 8770.0], [83792.5, 26510.0], [83790.0, 4340.0], [83787.5, 5440.0]], "asks": [[83857.5, 49450.0], [83860.0, 2760.0], [83862.5, 9200.0], [83865.0, 5220.0], [83867.5, 9200.0], [83870.0, 8200.0], [83875.0, 5300.0], [83877.5, 9200.0], [83880.0, 5420.0], [83882.5, 3000.0], [83885.0, 10000.0], [83902.5, 1630.0], [83905.0, 5440.0], [83907.5, 810.0], [83910.0, 2710.0], [83917.5, 1630.0], [83920.0, 5440.0], [83932.5, 1650.0], [83935.0, 5510.0], [83947.5, 1630.0]]}}}
{"jsonrpc": "2.0", "method": "subscription", "params": {"channel": "book.BTC-18APR25.none.20.100ms", "data": {"timestamp": 1744557889315, "change_id": 97086510585, "instrument_name": "BTC-18APR25", "bids": [[83855.0, 20050.0], [83852.5, 11020.0], [83850.0, 5940.0], [83847.5, 9200.0], [83845.0, 13830.0], [83842.5, 15420.0], [83837.5, 15100.0], [83835.0, 50000.0], [83832.5, 1640.0], [83830.0, 5450.0], [83827.5, 810.0], [83825.0, 2710.0], [83810.0, 1640.0], [83807.5, 5470.0], [83800.0, 1670.0], [83797.5, 5440.0], [83795.0, 8770.0], [83792.5, 26510.0], [83790.0, 4340.0], [83787.5, 5440.0]], "asks": [[83857.5, 49450.0], [83860.0, 2760.0], [83862.5, 9200.0], [83865.0, 5220.0], [83867.5, 9200.0], [83870.0, 8200.0], [83875.0, 5300.0], [83877.5, 9200.0], [83880.0, 5420.0], [83882.5, 3000.0], [83885.0, 10000.0], [83902.5, 1630.0], [83905.0, 5440.0], [83907.5, 810.0], [83910.0, 2710.0], [83917.5, 1630.0], [83920.0, 5440.0], [83932.5, 1650.0], [83935.0, 5510.0], [83947.5, 1630.0]]}}}
{"jsonrpc": "2.0", "method": "subscription", "params": {"channel": "book.BTC-18APR25.none.20.100ms", "data": {"timestamp": 1744557892254, "change_id": 97086513328, "instrument_name": "BTC-18APR25", "bids": [[83852.5, 5500.0], [83850.0, 420.0], [83847.5, 9200.0], [83845.0, 13830.0], [83842.5, 15420.0], [83837.5, 15100.0], [83835.0, 50000.0], [83832.5, 1640.0], [83830.0, 5450.0], [83827.5, 810.0], [83825.0, 2710.0], [83810.0, 1640.0], [83807.5, 5470.0], [83800.0, 1670.0], [83797.5, 5440.0], [83795.0, 8770.0], [83792.5, 26510.0], [83790.0, 4340.0], [83787.5, 5440.0], [83775.0, 4100.0]], "asks": [[83855.0, 30100.0], [83857.5, 54700.0], [83860.0, 2760.0], [83862.5, 9200.0], [83865.0, 5220.0], [83867.5, 9200.0], [83870.0, 8200.0], [83875.0, 5300.0], [83877.5, 9200.0], [83880.0, 5420.0], [83882.5, 3000.0], [83885.0, 10000.0], [83902.5, 1630.0], [83905.0, 5440.0], [83907.5, 810.0], [83910.0, 2710.0], [83917.5, 1630.0], [83920.0, 5440.0], [83932.5, 1650.0], [83935.0, 5510.0]]}}}
{"jsonrpc": "2.0", "method": "subscription", "params": {"channel": "book.BTC-18APR25.none.20.100ms", "data": {"timestamp": 1744557892460, "change_id": 97086513710, "instrument_name": "BTC-18APR25", "bids": [[83852.5, 11040.0], [83850.0, 5940.0], [83847.5, 9200.0], [83845.0, 15950.0], [83842.5, 15420.0], [83840.0, 9000.0], [83837.5, 15100.0], [83835.0, 50000.0], [83832.5, 1640.0], [83830.0, 5450.0], [83827.5, 810.0], [83825.0, 2710.0], [83810.0, 1640.0], [83807.5, 5470.0], [83800.0, 1670.0], [83797.5, 5440.0], [83795.0, 8770.0], [83792.5, 26510.0], [83790.0, 4340.0], [83787.5, 5440.0]], "asks": [[83855.0, 11260.0], [83857.5, 54700.0], [83860.0, 2760.0], [83862.5, 9200.0], [83865.0, 5220.0], [83867.5, 9200.0], [83870.0, 8200.0], [83875.0, 5300.0], [83877.5, 9200.0], [83880.0, 5420.0], [83882.5, 3000.0], [83885.0, 10000.0], [83902.5, 1630.0], [83905.0, 5440.0], [83907.5, 810.0], [83910.0, 2710.0], [83917.5, 1630.0], [83920.0, 5440.0], [83932.5, 1650.0], [83935.0, 5510.0]]}}}
{"jsonrpc": "2.0", "method": "subscription", "params": {"channel": "book.BTC-18APR25.none.20.100ms", "data": {"timestamp": 1744557892730, "change_id": 97086513902, "instrument_name": "BTC-18APR25", "bids": [[83852.5, 11170.0], [83850.0, 5940.0], [83847.5, 9200.0], [83845.0, 15950.0], [83842.5, 15420.0], [83840.0, 9000.0], [83837.5, 15100.0], [83835.0, 50000.0], [83832.5, 1640.0], [83830.0, 5450.0], [83827.5, 810.0], [83825.0, 2710.0], [83810.0, 1640.0], [83807.5, 5470.0], [83800.0, 1670.0], [83797.5, 5440.0], [83795.0, 8770.0], [83792.5, 26510.0], [83790.0, 4340.0], [83787.5, 5440.0]], "asks": [[83855.0, 11260.0], [83857.5, 49200.0], [83860.0, 2760.0], [83862.5, 9200.0], [83865.0, 5220.0], [83867.5, 9200.0], [83870.0, 8200.0], [83875.0, 5300.0], [83877.5, 9200.0], [83880.0, 5420.0], [83882.5, 3000.0], [83885.0, 10000.0], [83902.5, 1630.0], [83905.0, 5440.0], [83907.5, 810.0], [83910.0, 2710.0], [83917.5, 1630.0], [83920.0, 5440.0], [83932.5, 1650.0], [83935.0, 5510.0]]}}}
{"jsonrpc": "2.0", "method": "subscription", "params": {"channel": "book.BTC-18APR25.none.20.100ms", "data": {"timestamp": 1744557893094, "change_id": 97086514171, "instrument_name": "BTC-18APR25", "bids": [[83852.5, 11170.0], [83850.0, 5940.0], [83847.5, 9200.0], [83845.0, 15950.0], [83842.5, 15420.0], [83840.0, 9000.0], [83837.5, 15100.0], [83835.0, 50000.0], [83832.5, 1640.0], [83830.0, 31410.0], [83827.5, 83820.0], [83825.0, 2710.0], [83810.0, 1640.0], [83807.5, 5470.0], [83800.0, 1670.0], [83797.5, 5440.0], [83795.0, 8770.0], [83792.5, 26510.0], [83790.0, 4340.0], [83787.5, 5440.0]], "asks": [[83855.0, 11260.0], [83857.5, 49200.0], [83860.0, 2760.0], [83862.5, 9200.0], [83865.0, 5220.0], [83867.5, 9200.0], [83870.0, 8200.0], [83875.0, 5300.0], [83877.5, 9200.0], [83880.0, 5420.0], [83882.5, 3000.0], [83885.0, 10000.0], [83902.5, 1630.0], [83905.0, 5440.0], [83907.5, 810.0], [83910.0, 2710.0], [83917.5, 1630.0], [83920.0, 5440.0], [83932.5, 1650.0], [83935.0, 5510.0]]}}}
{"jsonrpc": "2.0", "method": "subscription", "params": {"channel": "book.BTC-18APR25.none.20.100ms", "data": {"timestamp": 1744557893440, "change_id": 97086514631, "instrument_name": "BTC-18APR25", "bids": [[83852.5, 20370.0], [83850.0, 3180.0], [83847.5, 9200.0], [83845.0, 4630.0], [83842.5, 15420.0], [83837.5, 15100.0], [83835.0, 50000.0], [83832.5, 1640.0], [83830.0, 31410.0], [83827.5, 83820.0], [83825.0, 2710.0], [83810.0, 1640.0], [83807.5, 5470.0], [83800.0, 1670.0], [83797.5, 5440.0], [83795.0, 8770.0], [83792.5, 26510.0], [83790.0, 4340.0], [83787.5, 5440.0], [83775.0, 4100.0]], "asks": [[83855.0, 14250.0], [83857.5, 49200.0], [83860.0, 2760.0], [83862.5, 9200.0], [83865.0, 5220.0], [83867.5, 9200.0], [83870.0, 8200.0], [83875.0, 5300.0], [83877.5, 9200.0], [83880.0, 5420.0], [83882.5, 3000.0], [83885.0, 10000.0], [83902.5, 1630.0], [83905.0, 5440.0], [83907.5, 810.0], [83910.0, 2710.0], [83917.5, 1630.0], [83920.0, 5440.0], [83932.5, 1650.0], [83935.0, 5510.0]]}}}
{"jsonrpc": "2.0", "method": "subscription", "params": {"channel": "book.BTC-18APR25.none.20.100ms", "data": {"timestamp": 1744557894899, "change_id": 97086515828, "instrument_name": "BTC-18APR25", "bids": [[83852.5, 20240.0], [83850.0, 3180.0], [83847.5, 9200.0], [83845.0, 4630.0], [83842.5, 15420.0], [83837.5, 15100.0], [83835.0, 50000.0], [83832.5, 1640.0], [83830.0, 31410.0], [83827.5, 83820.0], [83825.0, 2710.0], [83810.0, 1640.0], [83807.5, 5470.0], [83800.0, 1670.0], [83797.5, 5440.0], [83795.0, 8770.0], [83792.5, 26510.0], [83790.0, 4340.0], [83787.5, 5440.0], [83775.0, 4100.0]], "asks": [[83855.0, 14250.0], [83857.5, 49200.0], [83860.0, 2760.0], [83862.5, 9200.0], [83865.0, 5220.0], [83867.5, 9200.0], [83870.0, 8200.0], [83875.0, 5300.0], [83877.5, 9200.0], [83880.0, 5420.0], [83882.5, 3000.0], [83885.0, 10000.0], [83902.5, 1630.0], [83905.0, 5440.0], [83907.5, 810.0], [83910.0, 2710.0], [83917.5, 1630.0], [83920.0, 5440.0], [83932.5, 1650.0], [83935.0, 5510.0]]}}}
{"jsonrpc": "2.0", "method": "subscription", "params": {"channel": "book.BTC-18APR25.none.20.100ms", "data": {"timestamp": 1744557895091, "change_id": 97086516045, "instrument_name": "BTC-18APR25", "bids": [[83852.5, 20150.0], [83850.0, 3180.0], [83847.5, 9200.0], [83845.0, 4630.0], [83842.5, 15420.0], [83837.5, 100.0], [83835.0, 16640.0], [83832.5, 50000.0], [83830.0, 31410.0], [83827.5, 83820.0], [83825.0, 2710.0], [83810.0, 1640.0], [83807.5, 5470.0], [83800.0, 1670.0], [83797.5, 5440.0], [83795.0, 8770.0], [83792.5, 26510.0], [83790.0, 4340.0], [83787.5, 5440.0], [83775.0, 4100.0]], "asks": [[83855.0, 13350.0], [83857.5, 49200.0], [83860.0, 2760.0], [83862.5, 9200.0], [83865.0, 5220.0], [83867.5, 9200.0], [83870.0, 8200.0], [83875.0, 5300.0], [83877.5, 9200.0], [83880.0, 5420.0], [83882.5, 3000.0], [83885.0, 10000.0], [83902.5, 1630.0], [83905.0, 5440.0], [83907.5, 810.0], [83910.0, 2710.0], [83917.5, 1630.0], [83920.0, 5440.0], [83932.5, 1650.0], [83935.0, 5510.0]]}}}
{"jsonrpc": "2.0", "method": "subscription", "params": {"channel": "book.BTC-18APR25.none.20.100ms", "data": {"timestamp": 1744557895248, "change_id": 97086516161, "instrument_name": "BTC-18APR25", "bids": [[83852.5, 23250.0], [83850.0, 3180.0], [83847.5, 9200.0], [83845.0, 4630.0], [83842.5, 15420.0], [83837.5, 100.0], [83835.0, 16640.0], [83832.5, 50000.0], [83830.0, 31410.0], [83827.5, 83820.0], [83825.0, 2710.0], [83810.0, 1640.0], [83807.5, 5470.0], [83800.0, 1670.0], [83797.5, 5440.0], [83795.0, 8770.0], [83792.5, 26510.0], [83790.0, 4340.0], [83787.5, 5440.0], [83775.0, 4100.0]], "asks": [[83855.0, 13350.0], [83857.5, 49200.0], [83860.0, 2760.0], [83862.5, 9200.0], [83865.0, 5220.0], [83867.5, 9200.0], [83870.0, 8200.0], [83875.0, 5300.0], [83877.5, 9200.0], [83880.0, 5420.0], [83882.5, 3000.0], [83885.0, 10000.0], [83902.5, 1630.0], [83905.0, 5440.0], [83907.5, 810.0], [83910.0, 2710.0], [83917.5, 1630.0], [83920.0, 5440.0], [83932.5, 1650.0], [83935.0, 5510.0]]}}}
{"jsonrpc": "2.0", "method": "subscription", "params": {"channel": "book.BTC-18APR25.none.20.100ms", "data": {"timestamp": 1744557896154, "change_id": 97086517070, "instrument_name": "BTC-18APR25", "bids": [[83852.5, 20370.0], [83850.0, 3180.0], [83847.5, 9200.0], [83845.0, 4630.0], [83842.5, 18130.0], [83837.5, 100.0], [83835.0, 16640.0], [83832.5, 50000.0], [83830.0, 31410.0], [83827.5, 83820.0], [83825.0, 2710.0], [83810.0, 1640.0], [83807.5, 5470.0], [83800.0, 1670.0], [83797.5, 5440.0], [83795.0, 8770.0], [83792.5, 26510.0], [83790.0, 1630.0], [83787.5, 5440.0], [83775.0, 4100.0]], "asks": [[83855.0, 12400.0], [83857.5, 49200.0], [83860.0, 2760.0], [83862.5, 9200.0], [83865.0, 5220.0], [83867.5, 9200.0], [83870.0, 8200.0], [83875.0, 5300.0], [83877.5, 9200.0], [83880.0, 5420.0], [83882.5, 3000.0], [83885.0, 10000.0], [83902.5, 1630.0], [83905.0, 5440.0], [83907.5, 810.0], [83910.0, 2710.0], [83917.5, 1630.0], [83920.0, 5440.0], [83932.5, 1650.0], [83935.0, 5510.0]]}}}
{"jsonrpc": "2.0", "method": "subscription", "params": {"channel": "book.BTC-18APR25.none.20.100ms", "data": {"timestamp": 1744557896295, "change_id": 97086517226, "instrument_name": "BTC-18APR25", "bids": [[83852.5, 20370.0], [83850.0, 3180.0], [83847.5, 9200.0], [83845.0, 4630.0], [83842.5, 18130.0], [83837.5, 100.0], [83835.0, 16640.0], [83832.5, 50000.0], [83830.0, 31410.0], [83827.5, 83820.0], [83825.0, 2710.0], [83810.0, 1640.0], [83807.5, 5470.0], [83800.0, 1670.0], [83797.5, 5440.0], [83795.0, 8770.0], [83792.5, 26510.0], [83790.0, 1630.0], [83787.5, 5440.0], [83775.0, 4100.0]], "asks": [[83855.0, 12650.0], [83857.5, 49200.0], [83860.0, 2760.0], [83862.5, 9200.0], [83865.0, 5220.0], [83867.5, 9200.0], [83870.0, 8200.0], [83875.0, 5300.0], [83877.5, 9200.0], [83880.0, 5420.0], [83882.5, 3000.0], [83885.0, 10000.0], [83902.5, 1630.0], [83905.0, 5440.0], [83907.5, 810.0], [83910.0, 2710.0], [83917.5, 1630.0], [83920.0, 5440.0], [83932.5, 1650.0], [83935.0, 5510.0]]}}}
{"jsonrpc": "2.0", "method": "subscription", "params": {"channel": "book.BTC-18APR25.none.20.100ms", "data": {"timestamp": 1744557898221, "change_id": 97086518988, "instrument_name": "BTC-18APR25", "bids": [[83852.5, 20370.0], [83850.0, 3180.0], [83847.5, 9200.0], [83845.0, 4630.0], [83842.5, 18130.0], [83837.5, 100.0], [83835.0, 16640.0], [83832.5, 50000.0], [83830.0, 31410.0], [83827.5, 83820.0], [83825.0, 2710.0], [83810.0, 1640.0], [83807.5, 5470.0], [83800.0, 1670.0], [83797.5, 5440.0], [83795.0, 8770.0], [83792.5, 26510.0], [83790.0, 1630.0], [83787.5, 5440.0], [83775.0, 4100.0]], "asks": [[83855.0, 12400.0], [83857.5, 49200.0], [83860.0, 2760.0], [83862.5, 9200.0], [83865.0, 5220.0], [83867.5, 9200.0], [83870.0, 8200.0], [83875.0, 5300.0], [83877.5, 9200.0], [83880.0, 5420.0], [83882.5, 3000.0], [83885.0, 10000.0], [83902.5, 1630.0], [83905.0, 5440.0], [83907.5, 810.0], [83910.0, 2710.0], [83917.5, 1630.0], [83920.0, 5440.0], [83932.5, 1650.0], [83935.0, 5510.0]]}}}
{"jsonrpc": "2.0", "method": "subscription", "params": {"channel": "book.BTC-18APR25.none.20.100ms", "data": {"timestamp": 1744557899054, "change_id": 97086519748, "instrument_name": "BTC-18APR25", "bids": [[83852.5, 20370.0], [83850.0, 3180.0], [83847.5, 9200.0], [83845.0, 4630.0], [83842.5, 18130.0], [83837.5, 100.0], [83835.0, 16640.0], [83832.5, 50000.0], [83830.0, 31410.0], [83827.5, 83820.0], [83825.0, 2710.0], [83810.0, 1640.0], [83807.5, 5470.0], [83800.0, 1670.0], [83797.5, 5440.0], [83795.0, 8770.0], [83792.5, 26510.0], [83790.0, 1630.0], [83787.5, 5440.0], [83775.0, 4100.0]], "asks": [[83855.0, 12650.0], [83857.5, 49200.0], [83860.0, 2760.0], [83862.5, 9200.0], [83865.0, 5220.0], [83867.5, 9200.0], [83870.0, 8200.0], [83875.0, 5300.0], [83877.5, 9200.0], [83880.0, 5420.0], [83882.5, 3000.0], [83885.0, 10000.0], [83902.5, 1630.0], [83905.0, 5440.0], [83907.5, 810.0], [83910.0, 2710.0], [83917.5, 1630.0], [83920.0, 5440.0], [83932.5, 1650.0], [83935.0, 5510.0]]}}}
{"jsonrpc": "2.0", "method": "subscription", "params": {"channel": "book.BTC-18APR25.none.20.100ms", "data": {"timestamp": 1744557899714, "change_id": 97086520488, "instrument_name": "BTC-18APR25", "bids": [[83852.5, 20370.0], [83850.0, 3180.0], [83847.5, 9200.0], [83845.0, 4630.0], [83842.5, 18130.0], [83837.5, 100.0], [83835.0, 16640.0], [83832.5, 50000.0], [83830.0, 31410.0], [83827.5, 83820.0], [83825.0, 2710.0], [83810.0, 1640.0], [83807.5, 5470.0], [83800.0, 1670.0], [83797.5, 5440.0], [83795.0, 8770.0], [83792.5, 26510.0], [83790.0, 1630.0], [83787.5, 5440.0], [83775.0, 4100.0]], "asks": [[83855.0, 12650.0], [83857.5, 49200.0], [83860.0, 2760.0], [83862.5, 9200.0], [83865.0, 5220.0], [83867.5, 9200.0], [83870.0, 8200.0], [83875.0, 5300.0], [83877.5, 9200.0], [83880.0, 5420.0], [83882.5, 3000.0], [83885.0, 10000.0], [83902.5, 1630.0], [83905.0, 5440.0], [83907.5, 810.0], [83910.0, 2710.0], [83917.5, 1630.0], [83920.0, 5440.0], [83932.5, 1650.0], [83935.0, 5510.0]]}}}
