{"jsonrpc": "2.0", "method": "subscription", "params": {"channel": "book.BTC-14MAR25.none.20.100ms", "data": {"timestamp": 1741244249603, "change_id": 91247056511, "instrument_name": "BTC-14MAR25", "bids": [[92065.0, 9640.0], [92062.5, 10120.0], [92060.0, 740.0], [92057.5, 2480.0], [92055.0, 1260.0], [92052.5, 4200.0], [92045.0, 2000.0], [92042.5, 4200.0], [92040.0, 2480.0], [92037.5, 10.0], [92030.0, 1260.0], [92027.5, 28120.0], [92020.0, 3330.0], [92017.5, 4200.0], [92015.0, 7350.0], [92010.0, 1260.0], [92007.5, 4200.0], [92000.0, 1260.0], [91997.5, 4200.0], [91995.0, 4630.0]], "asks": [[92070.0, 720.0], [92072.5, 2400.0], [92080.0, 200.0], [92085.0, 720.0], [92087.5, 2400.0], [92090.0, 720.0], [92092.5, 2400.0], [92095.0, 1910.0], [92097.5, 4200.0], [92100.0, 2480.0], [92102.5, 120.0], [92105.0, 4100.0], [92107.5, 4200.0], [92110.0, 10760.0], [92115.0, 1260.0], [92117.5, 4200.0], [92125.0, 10.0], [92127.5, 11700.0], [92130.0, 24810.0], [92135.0, 1850.0]]}}}
{"jsonrpc": "2.0", "method": "subscription", "params": {"channel": "book.BTC-14MAR25.none.20.100ms", "data": {"timestamp": 1741244249951, "change_id": 91247056919, "instrument_name": "BTC-14MAR25", "bids": [[92067.5, 2400.0], [92065.0, 9640.0], [92062.5, 10120.0], [92060.0, 740.0], [92057.5, 2480.0], [92055.0, 1260.0], [92052.5, 4200.0], [92050.0, 34750.0], [92047.5, 50000.0], [92045.0, 67830.0], [92042.5, 4200.0], [92040.0, 2480.0], [92037.5, 10.0], [92030.0, 1260.0], [92027.5, 28120.0], [92020.0, 3330.0], [92017.5, 4200.0], [92015.0, 7350.0], [92010.0, 1260.0], [92007.5, 4200.0]], "asks": [[92080.0, 200.0], [92085.0, 720.0], [92087.5, 2400.0], [92090.0, 720.0], [92092.5, 2400.0], [92095.0, 1910.0], [92097.5, 4200.0], [92100.0, 2480.0], [92102.5, 120.0], [92105.0, 4100.0], [92107.5, 4200.0], [92110.0, 10760.0], [92115.0, 1260.0], [92117.5, 4200.0], [92125.0, 10.0], [92127.5, 11700.0], [92130.0, 24810.0], [92135.0, 1850.0], [92137.5, 6680.0], [92145.0, 1260.0]]}}}
{"jsonrpc": "2.0", "method": "subscription", "params": {"channel": "book.BTC-7MAR25.none.20.100ms", "data": {"timestamp": 1741244250015, "change_id": 91247056941, "instrument_name": "BTC-7MAR25", "bids": [[91947.5, 40.0], [91927.5, 6820.0], [91925.0, 2720.0], [91920.0, 6410.0], [91917.5, 15370.0], [91915.0, 9780.0], [91912.5, 10000.0], [91905.0, 15320.0], [91902.5, 6000.0], [91900.0, 45820.0], [91895.0, 1800.0], [91892.5, 6000.0], [91882.5, 1800.0], [91880.0, 6000.0], [91877.5, 2600.0], [91872.5, 6350.0], [91870.0, 21780.0], [91862.5, 1800.0], [91860.0, 6000.0], [91855.0, 2850.0]], "asks": [[91950.0, 10.0], [91952.5, 2600.0], [91962.5, 120.0], [91965.0, 4800.0], [91967.5, 10000.0], [91970.0, 25750.0], [91972.5, 46090.0], [91975.0, 19800.0], [91980.0, 1800.0], [91982.5, 6000.0], [91992.5, 1800.0], [91995.0, 6600.0], [91997.5, 2000.0], [92002.5, 1800.0], [92005.0, 6000.0], [92015.0, 1800.0], [92020.0, 6000.0], [92027.5, 19970.0], [92030.0, 67300.0], [92037.5, 1800.0]]}}}
{"jsonrpc": "2.0", "method": "subscription", "params": {"channel": "book.BTC-14MAR25.none.20.100ms", "data": {"timestamp": 1741244250066, "change_id": 91247056994, "instrument_name": "BTC-14MAR25", "bids": [[92067.5, 2400.0], [92065.0, 5440.0], [92062.5, 10120.0], [92060.0, 740.0], [92057.5, 2480.0], [92055.0, 1260.0], [92052.5, 4200.0], [92050.0, 34750.0], [92047.5, 50000.0], [92045.0, 67830.0], [92042.5, 4200.0], [92040.0, 2480.0], [92037.5, 10.0], [92030.0, 1260.0], [92027.5, 28120.0], [92020.0, 3330.0], [92017.5, 4200.0], [92015.0, 7350.0], [92010.0, 1260.0], [92007.5, 4200.0]], "asks": [[92080.0, 200.0], [92085.0, 720.0], [92087.5, 2400.0], [92090.0, 720.0], [92092.5, 2400.0], [92095.0, 1910.0], [92097.5, 4200.0], [92100.0, 2480.0], [92102.5, 120.0], [92105.0, 4100.0], [92107.5, 4200.0], [92110.0, 10760.0], [92115.0, 1260.0], [92117.5, 4200.0], [92125.0, 10.0], [92127.5, 11700.0], [92130.0, 24810.0], [92135.0, 1850.0], [92137.5, 6680.0], [92145.0, 1260.0]]}}}
{"jsonrpc": "2.0", "method": "subscription", "params": {"channel": "book.BTC-7MAR25.none.20.100ms", "data": {"timestamp": 1741244250295, "change_id": 91247057616, "instrument_name": "BTC-7MAR25", "bids": [[91947.5, 40.0], [91930.0, 3820.0], [91927.5, 6000.0], [91925.0, 2720.0], [91920.0, 6410.0], [91917.5, 15370.0], [91915.0, 9780.0], [91912.5, 10000.0], [91905.0, 15320.0], [91902.5, 6000.0], [91900.0, 45820.0], [91895.0, 1800.0], [91892.5, 6000.0], [91882.5, 1800.0], [91880.0, 6000.0], [91877.5, 2600.0], [91872.5, 6350.0], [91870.0, 21780.0], [91862.5, 1800.0], [91860.0, 6000.0]], "asks": [[91950.0, 1210.0], [91952.5, 2600.0], [91957.5, 17140.0], [91960.0, 57130.0], [91962.5, 120.0], [91965.0, 4800.0], [91967.5, 10000.0], [91970.0, 25750.0], [91972.5, 46090.0], [91975.0, 19800.0], [91980.0, 1800.0], [91982.5, 6000.0], [91992.5, 1800.0], [91995.0, 6600.0], [91997.5, 2000.0], [92002.5, 1800.0], [92005.0, 6000.0], [92015.0, 1800.0], [92020.0, 6000.0], [92027.5, 19970.0]]}}}
{"jsonrpc": "2.0", "method": "subscription", "params": {"channel": "book.BTC-7MAR25.none.20.100ms", "data": {"timestamp": 1741244250499, "change_id": 91247057661, "instrument_name": "BTC-7MAR25", "bids": [[91947.5, 40.0], [91930.0, 2020.0], [91925.0, 2720.0], [91920.0, 6410.0], [91917.5, 15370.0], [91915.0, 9780.0], [91912.5, 10000.0], [91905.0, 15320.0], [91902.5, 6000.0], [91900.0, 45820.0], [91895.0, 1800.0], [91892.5, 6000.0], [91882.5, 1800.0], [91880.0, 6000.0], [91877.5, 2600.0], [91872.5, 6350.0], [91870.0, 21780.0], [91862.5, 1800.0], [91860.0, 6000.0], [91855.0, 2850.0]], "asks": [[91950.0, 1210.0], [91952.5, 2600.0], [91957.5, 17140.0], [91960.0, 57130.0], [91962.5, 120.0], [91965.0, 4800.0], [91967.5, 10000.0], [91970.0, 25750.0], [91972.5, 46090.0], [91975.0, 19800.0], [91980.0, 1800.0], [91982.5, 6000.0], [91992.5, 1800.0], [91995.0, 6600.0], [91997.5, 2000.0], [92002.5, 1800.0], [92005.0, 6000.0], [92015.0, 1800.0], [92020.0, 6000.0], [92027.5, 19970.0]]}}}
{"jsonrpc": "2.0", "method": "subscription", "params": {"channel": "book.BTC-14MAR25.none.20.100ms", "data": {"timestamp": 1741244250548, "change_id": 91247057784, "instrument_name": "BTC-14MAR25", "bids": [[92067.5, 2400.0], [92065.0, 5440.0], [92062.5, 10120.0], [92060.0, 740.0], [92057.5, 2480.0], [92055.0, 1260.0], [92052.5, 4200.0], [92050.0, 34750.0], [92047.5, 50000.0], [92045.0, 67830.0], [92042.5, 4200.0], [92040.0, 2480.0], [92037.5, 10.0], [92030.0, 8280.0], [92027.5, 28120.0], [92020.0, 3330.0], [92017.5, 4200.0], [92015.0, 7350.0], [92010.0, 1260.0], [92007.5, 4200.0]], "asks": [[92080.0, 200.0], [92085.0, 720.0], [92087.5, 2400.0], [92090.0, 720.0], [92092.5, 2400.0], [92095.0, 1910.0], [92097.5, 4200.0], [92100.0, 2480.0], [92102.5, 120.0], [92105.0, 4100.0], [92107.5, 4200.0], [92110.0, 10760.0], [92115.0, 1260.0], [92117.5, 4200.0], [92125.0, 10.0], [92127.5, 11700.0], [92130.0, 24810.0], [92135.0, 1850.0], [92137.5, 6680.0], [92145.0, 1260.0]]}}}
{"jsonrpc": "2.0", "method": "subscription", "params": {"channel": "book.BTC-14MAR25.none.20.100ms", "data": {"timestamp": 1741244250990, "change_id": 91247058229, "instrument_name": "BTC-14MAR25", "bids": [[92067.5, 2400.0], [92065.0, 5440.0], [92062.5, 10120.0], [92060.0, 740.0], [92057.5, 2480.0], [92055.0, 1260.0], [92052.5, 4200.0], [92045.0, 2000.0], [92042.5, 54200.0], [92040.0, 2480.0], [92037.5, 10.0], [92030.0, 8280.0], [92027.5, 28120.0], [92020.0, 1280.0], [92017.5, 4200.0], [92010.0, 8610.0], [92007.5, 4200.0], [92000.0, 1260.0], [91997.5, 4200.0], [91990.0, 5730.0]], "asks": [[92072.5, 1500.0], [92075.0, 2400.0], [92077.5, 2400.0], [92080.0, 200.0], [92085.0, 1890.0], [92087.5, 6600.0], [92090.0, 720.0], [92092.5, 2400.0], [92095.0, 1910.0], [92097.5, 4200.0], [92100.0, 2480.0], [92102.5, 120.0], [92105.0, 4100.0], [92107.5, 4200.0], [92110.0, 10760.0], [92115.0, 1260.0], [92117.5, 4200.0], [92125.0, 10.0], [92127.5, 11700.0], [92130.0, 24810.0]]}}}
{"jsonrpc": "2.0", "method": "subscription", "params": {"channel": "book.BTC-7MAR25.none.20.100ms", "data": {"timestamp": 1741244251321, "change_id": 91247059265, "instrument_name": "BTC-7MAR25", "bids": [[91947.5, 40.0], [91927.5, 1200.0], [91922.5, 780.0], [91920.0, 4400.0], [91915.0, 9780.0], [91912.5, 10000.0], [91910.0, 4610.0], [91907.5, 15490.0], [91905.0, 1810.0], [91902.5, 6000.0], [91900.0, 20.0], [91895.0, 1800.0], [91892.5, 6000.0], [91885.0, 45800.0], [91882.5, 1800.0], [91880.0, 6780.0], [91877.5, 2600.0], [91872.5, 1840.0], [91870.0, 6000.0], [91862.5, 1800.0]], "asks": [[91950.0, 1210.0], [91952.5, 2720.0], [91955.0, 1200.0], [91957.5, 27140.0], [91960.0, 57130.0], [91965.0, 1800.0], [91970.0, 27750.0], [91972.5, 46090.0], [91975.0, 19800.0], [91980.0, 1800.0], [91982.5, 6000.0], [91992.5, 1800.0], [91995.0, 6000.0], [92002.5, 1800.0], [92005.0, 6000.0], [92015.0, 1800.0], [92020.0, 6000.0], [92027.5, 19970.0], [92030.0, 67300.0], [92037.5, 1800.0]]}}}
{"jsonrpc": "2.0", "method": "subscription", "params": {"channel": "book.BTC-14MAR25.none.20.100ms", "data": {"timestamp": 1741244251324, "change_id": 91247059271, "instrument_name": "BTC-14MAR25", "bids": [[92067.5, 2400.0], [92065.0, 2400.0], [92055.0, 25950.0], [92052.5, 4200.0], [92050.0, 103360.0], [92047.5, 50000.0], [92045.0, 12120.0], [92042.5, 4200.0], [92037.5, 10.0], [92030.0, 1260.0], [92027.5, 4200.0], [92020.0, 1280.0], [92017.5, 4200.0], [92010.0, 8610.0], [92007.5, 6680.0], [92005.0, 23710.0], [92000.0, 1260.0], [91997.5, 4200.0], [91990.0, 5730.0], [91987.5, 19620.0]], "asks": [[92072.5, 1500.0], [92075.0, 2400.0], [92077.5, 2400.0], [92080.0, 200.0], [92085.0, 1890.0], [92087.5, 6600.0], [92090.0, 720.0], [92092.5, 2520.0], [92095.0, 4770.0], [92097.5, 4200.0], [92100.0, 12480.0], [92105.0, 1260.0], [92107.5, 4200.0], [92115.0, 1260.0], [92117.5, 4200.0], [92125.0, 10.0], [92127.5, 11700.0], [92130.0, 24810.0], [92135.0, 1850.0], [92137.5, 6680.0]]}}}
{"jsonrpc": "2.0", "method": "subscription", "params": {"channel": "book.BTC-7MAR25.none.20.100ms", "data": {"timestamp": 1741244251564, "change_id": 91247059476, "instrument_name": "BTC-7MAR25", "bids": [[91947.5, 40.0], [91927.5, 1200.0], [91922.5, 780.0], [91920.0, 4400.0], [91915.0, 9780.0], [91912.5, 10000.0], [91910.0, 4610.0], [91907.5, 15490.0], [91905.0, 1810.0], [91902.5, 6000.0], [91900.0, 20.0], [91895.0, 1800.0], [91892.5, 6000.0], [91885.0, 45800.0], [91882.5, 1800.0], [91880.0, 6780.0], [91877.5, 2600.0], [91872.5, 1840.0], [91870.0, 6000.0], [91862.5, 1800.0]], "asks": [[91950.0, 1210.0], [91952.5, 2720.0], [91955.0, 5630.0], [91957.5, 10000.0], [91960.0, 6000.0], [91965.0, 1800.0], [91970.0, 27750.0], [91972.5, 46090.0], [91975.0, 19800.0], [91980.0, 1800.0], [91982.5, 6000.0], [91992.5, 1800.0], [91995.0, 6000.0], [92002.5, 1800.0], [92005.0, 6000.0], [92015.0, 1800.0], [92020.0, 6000.0], [92027.5, 19970.0], [92030.0, 67300.0], [92037.5, 1800.0]]}}}
{"jsonrpc": "2.0", "method": "subscription", "params": {"channel": "book.BTC-14MAR25.none.20.100ms", "data": {"timestamp": 1741244251581, "change_id": 91247059505, "instrument_name": "BTC-14MAR25", "bids": [[92067.5, 2400.0], [92065.0, 2400.0], [92055.0, 1850.0], [92052.5, 4200.0], [92050.0, 5520.0], [92045.0, 12120.0], [92042.5, 4200.0], [92037.5, 10.0], [92030.0, 1260.0], [92027.5, 54200.0], [92020.0, 1280.0], [92017.5, 4200.0], [92010.0, 16310.0], [92007.5, 6680.0], [92005.0, 23710.0], [92000.0, 1260.0], [91997.5, 4200.0], [91990.0, 5730.0], [91987.5, 19620.0], [91957.5, 1260.0]], "asks": [[92072.5, 1500.0], [92075.0, 2400.0], [92077.5, 2400.0], [92080.0, 200.0], [92085.0, 1890.0], [92087.5, 6600.0], [92090.0, 720.0], [92092.5, 2520.0], [92095.0, 4770.0], [92097.5, 4200.0], [92100.0, 12480.0], [92105.0, 1260.0], [92107.5, 4200.0], [92115.0, 1260.0], [92117.5, 4200.0], [92125.0, 10.0], [92127.5, 11700.0], [92130.0, 24810.0], [92135.0, 1850.0], [92137.5, 6680.0]]}}}
{"jsonrpc": "2.0", "method": "subscription", "params": {"channel": "book.BTC-7MAR25.none.20.100ms", "data": {"timestamp": 1741244251961, "change_id": 91247059856, "instrument_name": "BTC-7MAR25", "bids": [[91947.5, 40.0], [91922.5, 780.0], [91920.0, 4400.0], [91915.0, 9780.0], [91912.5, 10000.0], [91910.0, 4610.0], [91907.5, 15490.0], [91905.0, 1810.0], [91902.5, 6000.0], [91900.0, 20.0], [91895.0, 1800.0], [91892.5, 6000.0], [91885.0, 45800.0], [91882.5, 1800.0], [91880.0, 6780.0], [91877.5, 2600.0], [91872.5, 1840.0], [91870.0, 6000.0], [91862.5, 1800.0], [91860.0, 6000.0]], "asks": [[91950.0, 1210.0], [91952.5, 85470.0], [91955.0, 5630.0], [91957.5, 10000.0], [91960.0, 6000.0], [91965.0, 1800.0], [91970.0, 27750.0], [91972.5, 46090.0], [91975.0, 19800.0], [91980.0, 1800.0], [91982.5, 6000.0], [91992.5, 1800.0], [91995.0, 6000.0], [92002.5, 1800.0], [92005.0, 6000.0], [92015.0, 1800.0], [92020.0, 6000.0], [92027.5, 19970.0], [92030.0, 67300.0], [92037.5, 1800.0]]}}}
{"jsonrpc": "2.0", "method": "subscription", "params": {"channel": "book.BTC-14MAR25.none.20.100ms", "data": {"timestamp": 1741244251938, "change_id": 91247059846, "instrument_name": "BTC-14MAR25", "bids": [[92060.0, 8420.0], [92057.5, 6600.0], [92055.0, 1850.0], [92052.5, 4200.0], [92050.0, 5520.0], [92045.0, 12120.0], [92042.5, 4200.0], [92037.5, 10.0], [92030.0, 1260.0], [92027.5, 4200.0], [92020.0, 1280.0], [92017.5, 54200.0], [92010.0, 16310.0], [92007.5, 6680.0], [92005.0, 23710.0], [92000.0, 1260.0], [91997.5, 4200.0], [91990.0, 5730.0], [91987.5, 19620.0], [91957.5, 1260.0]], "asks": [[92067.5, 720.0], [92070.0, 2400.0], [92080.0, 200.0], [92085.0, 1890.0], [92087.5, 6600.0], [92090.0, 720.0], [92092.5, 2520.0], [92095.0, 4770.0], [92097.5, 4200.0], [92100.0, 12480.0], [92105.0, 1260.0], [92107.5, 4200.0], [92115.0, 1260.0], [92117.5, 4200.0], [92125.0, 10.0], [92127.5, 11700.0], [92130.0, 24810.0], [92135.0, 1850.0], [92137.5, 6680.0], [92145.0, 1260.0]]}}}
{"jsonrpc": "2.0", "method": "subscription", "params": {"channel": "book.BTC-14MAR25.none.20.100ms", "data": {"timestamp": 1741244252307, "change_id": 91247060485, "instrument_name": "BTC-14MAR25", "bids": [[92060.0, 2960.0], [92057.5, 2400.0], [92055.0, 1850.0], [92052.5, 4200.0], [92050.0, 5520.0], [92045.0, 12120.0], [92042.5, 4200.0], [92037.5, 10.0], [92030.0, 1260.0], [92027.5, 4200.0], [92020.0, 1280.0], [92017.5, 54200.0], [92010.0, 16310.0], [92007.5, 6680.0], [92005.0, 23710.0], [92000.0, 1260.0], [91997.5, 4200.0], [91990.0, 5730.0], [91987.5, 19620.0], [91957.5, 1260.0]], "asks": [[92067.5, 720.0], [92070.0, 2400.0], [92075.0, 1320.0], [92077.5, 4200.0], [92080.0, 200.0], [92085.0, 1890.0], [92087.5, 6600.0], [92090.0, 720.0], [92092.5, 2520.0], [92095.0, 4770.0], [92097.5, 4200.0], [92100.0, 12480.0], [92105.0, 1260.0], [92107.5, 4200.0], [92115.0, 1260.0], [92117.5, 4200.0], [92125.0, 10.0], [92127.5, 11700.0], [92130.0, 24810.0], [92135.0, 1850.0]]}}}
{"jsonrpc": "2.0", "method": "subscription", "params": {"channel": "book.BTC-7MAR25.none.20.100ms", "data": {"timestamp": 1741244252049, "change_id": 91247059890, "instrument_name": "BTC-7MAR25", "bids": [[91947.5, 40.0], [91925.0, 1200.0], [91922.5, 780.0], [91920.0, 4400.0], [91915.0, 9780.0], [91912.5, 10000.0], [91910.0, 4610.0], [91907.5, 15490.0], [91905.0, 1810.0], [91902.5, 6000.0], [91900.0, 20.0], [91895.0, 1800.0], [91892.5, 6000.0], [91885.0, 45800.0], [91882.5, 1800.0], [91880.0, 6780.0], [91877.5, 2600.0], [91872.5, 1840.0], [91870.0, 6000.0], [91862.5, 1800.0]], "asks": [[91950.0, 1210.0], [91952.5, 85470.0], [91955.0, 5630.0], [91957.5, 10000.0], [91960.0, 6000.0], [91965.0, 1800.0], [91970.0, 27750.0], [91972.5, 46090.0], [91975.0, 19800.0], [91980.0, 1800.0], [91982.5, 6000.0], [91992.5, 1800.0], [91995.0, 6000.0], [92002.5, 1800.0], [92005.0, 6000.0], [92015.0, 1800.0], [92020.0, 6000.0], [92027.5, 19970.0], [92030.0, 67300.0], [92037.5, 1800.0]]}}}
{"jsonrpc": "2.0", "method": "subscription", "params": {"channel": "book.BTC-7MAR25.none.20.100ms", "data": {"timestamp": 1741244252565, "change_id": 91247060665, "instrument_name": "BTC-7MAR25", "bids": [[91947.5, 40.0], [91925.0, 1200.0], [91922.5, 780.0], [91920.0, 4400.0], [91915.0, 9780.0], [91912.5, 10000.0], [91910.0, 4610.0], [91907.5, 15490.0], [91905.0, 1810.0], [91902.5, 6000.0], [91900.0, 20.0], [91895.0, 1800.0], [91892.5, 6000.0], [91887.5, 13740.0], [91885.0, 45800.0], [91882.5, 1800.0], [91880.0, 6780.0], [91877.5, 2600.0], [91872.5, 1840.0], [91870.0, 6000.0]], "asks": [[91950.0, 1210.0], [91952.5, 85470.0], [91955.0, 5630.0], [91957.5, 10000.0], [91960.0, 6000.0], [91965.0, 1800.0], [91970.0, 27750.0], [91972.5, 46090.0], [91975.0, 19800.0], [91980.0, 1800.0], [91982.5, 6000.0], [91992.5, 1800.0], [91995.0, 6000.0], [92002.5, 1800.0], [92005.0, 6000.0], [92015.0, 1800.0], [92020.0, 6000.0], [92027.5, 19970.0], [92030.0, 67300.0], [92037.5, 1800.0]]}}}
{"jsonrpc": "2.0", "method": "subscription", "params": {"channel": "book.BTC-14MAR25.none.20.100ms", "data": {"timestamp": 1741244252562, "change_id": 91247060657, "instrument_name": "BTC-14MAR25", "bids": [[92060.0, 6050.0], [92057.5, 2400.0], [92055.0, 34080.0], [92052.5, 4200.0], [92050.0, 91510.0], [92047.5, 50000.0], [92045.0, 1380.0], [92042.5, 4200.0], [92037.5, 10.0], [92030.0, 1260.0], [92027.5, 4200.0], [92020.0, 1280.0], [92017.5, 4200.0], [92012.5, 2210.0], [92010.0, 16310.0], [92007.5, 6680.0], [92005.0, 23710.0], [92000.0, 1260.0], [91997.5, 4200.0], [91990.0, 5730.0]], "asks": [[92067.5, 720.0], [92070.0, 2400.0], [92080.0, 200.0], [92085.0, 1890.0], [92087.5, 6600.0], [92090.0, 720.0], [92092.5, 2520.0], [92095.0, 4770.0], [92097.5, 4200.0], [92100.0, 12480.0], [92105.0, 1260.0], [92107.5, 4200.0], [92115.0, 1260.0], [92117.5, 4200.0], [92125.0, 10.0], [92127.5, 11700.0], [92130.0, 24810.0], [92135.0, 1850.0], [92137.5, 6680.0], [92145.0, 1260.0]]}}}
{"jsonrpc": "2.0", "method": "subscription", "params": {"channel": "book.BTC-14MAR25.none.20.100ms", "data": {"timestamp": 1741244252930, "change_id": 91247061107, "instrument_name": "BTC-14MAR25", "bids": [[92060.0, 7850.0], [92057.5, 2400.0], [92055.0, 34080.0], [92052.5, 4200.0], [92050.0, 91510.0], [92047.5, 50000.0], [92045.0, 1380.0], [92042.5, 4200.0], [92037.5, 10.0], [92030.0, 1260.0], [92027.5, 4200.0], [92020.0, 1280.0], [92017.5, 4200.0], [92012.5, 2210.0], [92010.0, 16310.0], [92007.5, 6680.0], [92005.0, 23710.0], [92000.0, 1260.0], [91997.5, 4200.0], [91990.0, 5730.0]], "asks": [[92072.5, 720.0], [92075.0, 3180.0], [92077.5, 2400.0], [92080.0, 200.0], [92085.0, 1890.0], [92087.5, 6600.0], [92090.0, 720.0], [92092.5, 2520.0], [92095.0, 4770.0], [92097.5, 4200.0], [92100.0, 12480.0], [92105.0, 1260.0], [92107.5, 4200.0], [92115.0, 1260.0], [92117.5, 4200.0], [92125.0, 1270.0], [92127.5, 4200.0], [92135.0, 1850.0], [92137.5, 6680.0], [92145.0, 1260.0]]}}}
{"jsonrpc": "2.0", "method": "subscription", "params": {"channel": "book.BTC-7MAR25.none.20.100ms", "data": {"timestamp": 1741244252915, "change_id": 91247061083, "instrument_name": "BTC-7MAR25", "bids": [[91947.5, 40.0], [91925.0, 1200.0], [91922.5, 780.0], [91920.0, 4400.0], [91915.0, 9780.0], [91912.5, 10000.0], [91910.0, 4610.0], [91907.5, 15490.0], [91905.0, 1810.0], [91902.5, 6000.0], [91900.0, 20.0], [91895.0, 1800.0], [91892.5, 6000.0], [91887.5, 13740.0], [91885.0, 45800.0], [91882.5, 1800.0], [91880.0, 6780.0], [91877.5, 2600.0], [91872.5, 1840.0], [91870.0, 6000.0]], "asks": [[91950.0, 1210.0], [91952.5, 85470.0], [91955.0, 5630.0], [91957.5, 10000.0], [91960.0, 6000.0], [91965.0, 1800.0], [91970.0, 22610.0], [91972.5, 46090.0], [91975.0, 2600.0], [91980.0, 1800.0], [91982.5, 6000.0], [91992.5, 1800.0], [91995.0, 6000.0], [92002.5, 1800.0], [92005.0, 6000.0], [92015.0, 1800.0], [92020.0, 6000.0], [92027.5, 19970.0], [92030.0, 67300.0], [92037.5, 1800.0]]}}}
{"jsonrpc": "2.0", "method": "subscription", "params": {"channel": "book.BTC-14MAR25.none.20.100ms", "data": {"timestamp": 1741244253046, "change_id": 91247061186, "instrument_name": "BTC-14MAR25", "bids": [[92060.0, 7850.0], [92057.5, 2400.0], [92055.0, 34080.0], [92052.5, 4200.0], [92050.0, 91510.0], [92047.5, 50000.0], [92045.0, 1380.0], [92042.5, 4200.0], [92037.5, 10.0], [92030.0, 1260.0], [92027.5, 4200.0], [92020.0, 1280.0], [92017.5, 4200.0], [92012.5, 2210.0], [92010.0, 16310.0], [92007.5, 6680.0], [92005.0, 23710.0], [92000.0, 1260.0], [91997.5, 4200.0], [91990.0, 5730.0]], "asks": [[92072.5, 720.0], [92075.0, 3180.0], [92077.5, 2400.0], [92080.0, 200.0], [92085.0, 1890.0], [92087.5, 6600.0], [92090.0, 720.0], [92092.5, 2520.0], [92095.0, 4770.0], [92097.5, 4200.0], [92100.0, 12480.0], [92102.5, 24860.0], [92105.0, 1260.0], [92107.5, 4200.0], [92115.0, 1260.0], [92117.5, 4200.0], [92125.0, 1270.0], [92127.5, 4200.0], [92135.0, 1850.0], [92137.5, 6680.0]]}}}
{"jsonrpc": "2.0", "method": "subscription", "params": {"channel": "book.BTC-7MAR25.none.20.100ms", "data": {"timestamp": 1741244253045, "change_id": 91247061177, "instrument_name": "BTC-7MAR25", "bids": [[91947.5, 40.0], [91925.0, 1200.0], [91922.5, 780.0], [91920.0, 4400.0], [91915.0, 9780.0], [91912.5, 10000.0], [91910.0, 4610.0], [91907.5, 15490.0], [91905.0, 1810.0], [91902.5, 6000.0], [91900.0, 20.0], [91895.0, 1800.0], [91892.5, 6000.0], [91887.5, 13740.0], [91885.0, 45800.0], [91882.5, 1800.0], [91880.0, 6780.0], [91877.5, 2600.0], [91872.5, 1840.0], [91870.0, 6000.0]], "asks": [[91950.0, 17700.0], [91952.5, 85470.0], [91955.0, 5630.0], [91957.5, 10000.0], [91960.0, 6000.0], [91965.0, 1800.0], [91970.0, 22610.0], [91972.5, 46090.0], [91975.0, 2600.0], [91980.0, 1800.0], [91982.5, 6000.0], [91992.5, 1800.0], [91995.0, 6000.0], [92002.5, 1800.0], [92005.0, 6000.0], [92015.0, 1800.0], [92020.0, 6000.0], [92027.5, 19970.0], [92030.0, 67300.0], [92037.5, 1800.0]]}}}
{"jsonrpc": "2.0", "method": "subscription", "params": {"channel": "book.BTC-14MAR25.none.20.100ms", "data": {"timestamp": 1741244253570, "change_id": 91247062153, "instrument_name": "BTC-14MAR25", "bids": [[92060.0, 3650.0], [92057.5, 2400.0], [92055.0, 11850.0], [92052.5, 4200.0], [92050.0, 17520.0], [92047.5, 50000.0], [92045.0, 1380.0], [92042.5, 4200.0], [92037.5, 10.0], [92030.0, 1260.0], [92027.5, 4200.0], [92022.5, 23780.0], [92020.0, 1280.0], [92017.5, 4200.0], [92012.5, 2210.0], [92010.0, 8610.0], [92007.5, 6680.0], [92000.0, 1260.0], [91997.5, 4200.0], [91990.0, 5730.0]], "asks": [[92072.5, 720.0], [92075.0, 3180.0], [92077.5, 2400.0], [92080.0, 200.0], [92085.0, 1890.0], [92087.5, 6600.0], [92090.0, 720.0], [92092.5, 2520.0], [92095.0, 4770.0], [92097.5, 4200.0], [92100.0, 12480.0], [92102.5, 24860.0], [92105.0, 1260.0], [92107.5, 4200.0], [92115.0, 1260.0], [92117.5, 4200.0], [92125.0, 1270.0], [92127.5, 4200.0], [92135.0, 1850.0], [92137.5, 6680.0]]}}}
{"jsonrpc": "2.0", "method": "subscription", "params": {"channel": "book.BTC-7MAR25.none.20.100ms", "data": {"timestamp": 1741244253556, "change_id": 91247062116, "instrument_name": "BTC-7MAR25", "bids": [[91947.5, 40.0], [91925.0, 1200.0], [91922.5, 780.0], [91920.0, 4400.0], [91915.0, 9780.0], [91912.5, 10000.0], [91910.0, 4610.0], [91907.5, 15490.0], [91905.0, 1810.0], [91902.5, 6000.0], [91900.0, 20.0], [91895.0, 1800.0], [91892.5, 6000.0], [91887.5, 13740.0], [91885.0, 45800.0], [91882.5, 17730.0], [91880.0, 6780.0], [91877.5, 2600.0], [91872.5, 1840.0], [91870.0, 6000.0]], "asks": [[91950.0, 17700.0], [91952.5, 85470.0], [91955.0, 5630.0], [91957.5, 10000.0], [91960.0, 6000.0], [91965.0, 1800.0], [91970.0, 22610.0], [91972.5, 46090.0], [91975.0, 2600.0], [91980.0, 1800.0], [91982.5, 6000.0], [91992.5, 1800.0], [91995.0, 6000.0], [92002.5, 1800.0], [92005.0, 6000.0], [92015.0, 1800.0], [92020.0, 6000.0], [92027.5, 19970.0], [92030.0, 67300.0], [92037.5, 1800.0]]}}}
{"jsonrpc": "2.0", "method": "subscription", "params": {"channel": "book.BTC-7MAR25.none.20.100ms", "data": {"timestamp": 1741244253979, "change_id": 91247062635, "instrument_name": "BTC-7MAR25", "bids": [[91947.5, 40.0], [91925.0, 1200.0], [91920.0, 1800.0], [91915.0, 6000.0], [91910.0, 4610.0], [91907.5, 15490.0], [91905.0, 1810.0], [91902.5, 6000.0], [91900.0, 10020.0], [91895.0, 1800.0], [91892.5, 6000.0], [91887.5, 13740.0], [91885.0, 52380.0], [91882.5, 15930.0], [91880.0, 6780.0], [91877.5, 2600.0], [91872.5, 1840.0], [91870.0, 6000.0], [91862.5, 1800.0], [91860.0, 6000.0]], "asks": [[91950.0, 17700.0], [91952.5, 85470.0], [91955.0, 5630.0], [91957.5, 10000.0], [91960.0, 6000.0], [91965.0, 1800.0], [91970.0, 22610.0], [91972.5, 46090.0], [91975.0, 2600.0], [91980.0, 1800.0], [91982.5, 6000.0], [91992.5, 1800.0], [91995.0, 6000.0], [92002.5, 1800.0], [92005.0, 6000.0], [92015.0, 1800.0], [92020.0, 6000.0], [92027.5, 19970.0], [92030.0, 67300.0], [92037.5, 1800.0]]}}}
{"jsonrpc": "2.0", "method": "subscription", "params": {"channel": "book.BTC-14MAR25.none.20.100ms", "data": {"timestamp": 1741244253981, "change_id": 91247062650, "instrument_name": "BTC-14MAR25", "bids": [[92062.5, 2400.0], [92057.5, 2400.0], [92045.0, 4220.0], [92042.5, 4200.0], [92040.0, 10000.0], [92037.5, 10.0], [92030.0, 1260.0], [92027.5, 54200.0], [92022.5, 23780.0], [92020.0, 1280.0], [92017.5, 4200.0], [92010.0, 1260.0], [92007.5, 6680.0], [92002.5, 7350.0], [92000.0, 1260.0], [91997.5, 4200.0], [91990.0, 1260.0], [91987.5, 4200.0], [91982.5, 4630.0], [91980.0, 15420.0]], "asks": [[92070.0, 720.0], [92072.5, 2400.0], [92075.0, 780.0], [92077.5, 2400.0], [92080.0, 200.0], [92085.0, 1890.0], [92087.5, 6600.0], [92090.0, 720.0], [92092.5, 2520.0], [92095.0, 4770.0], [92097.5, 4200.0], [92100.0, 12480.0], [92102.5, 24860.0], [92105.0, 1260.0], [92107.5, 4200.0], [92115.0, 1260.0], [92117.5, 4200.0], [92125.0, 1270.0], [92127.5, 4200.0], [92135.0, 1850.0]]}}}
{"jsonrpc": "2.0", "method": "subscription", "params": {"channel": "book.BTC-7MAR25.none.20.100ms", "data": {"timestamp": 1741244254125, "change_id": 91247062990, "instrument_name": "BTC-7MAR25", "bids": [[91947.5, 40.0], [91922.5, 780.0], [91920.0, 4400.0], [91915.0, 6000.0], [91907.5, 4730.0], [91905.0, 17180.0], [91902.5, 6000.0], [91900.0, 10020.0], [91895.0, 1800.0], [91892.5, 6000.0], [91887.5, 45800.0], [91880.0, 6780.0], [91877.5, 2600.0], [91872.5, 1840.0], [91870.0, 6000.0], [91862.5, 1800.0], [91860.0, 6000.0], [91855.0, 7340.0], [91852.5, 3510.0], [91850.0, 26350.0]], "asks": [[91950.0, 17700.0], [91952.5, 85470.0], [91955.0, 19270.0], [91957.5, 56090.0], [91960.0, 6000.0], [91965.0, 1800.0], [91970.0, 8780.0], [91975.0, 2600.0], [91980.0, 1800.0], [91982.5, 6000.0], [91992.5, 1800.0], [91995.0, 6000.0], [92002.5, 1800.0], [92005.0, 6000.0], [92015.0, 1800.0], [92020.0, 6000.0], [92027.5, 19970.0], [92030.0, 67300.0], [92037.5, 1800.0], [92040.0, 6000.0]]}}}
{"jsonrpc": "2.0", "method": "subscription", "params": {"channel": "book.BTC-14MAR25.none.20.100ms", "data": {"timestamp": 1741244254258, "change_id": 91247063428, "instrument_name": "BTC-14MAR25", "bids": [[92062.5, 2400.0], [92060.0, 720.0], [92057.5, 2400.0], [92055.0, 20170.0], [92052.5, 4200.0], [92050.0, 109850.0], [92047.5, 50000.0], [92045.0, 1380.0], [92042.5, 4200.0], [92037.5, 10.0], [92030.0, 1260.0], [92027.5, 4200.0], [92020.0, 1280.0], [92017.5, 4200.0], [92010.0, 1260.0], [92007.5, 6680.0], [92002.5, 7350.0], [92000.0, 25480.0], [91997.5, 4200.0], [91990.0, 1260.0]], "asks": [[92070.0, 720.0], [92072.5, 2400.0], [92075.0, 780.0], [92077.5, 2400.0], [92080.0, 200.0], [92085.0, 1890.0], [92087.5, 6600.0], [92090.0, 720.0], [92092.5, 2520.0], [92095.0, 4770.0], [92097.5, 4200.0], [92100.0, 12480.0], [92102.5, 24860.0], [92105.0, 1260.0], [92107.5, 4200.0], [92115.0, 1260.0], [92117.5, 4200.0], [92125.0, 1270.0], [92127.5, 4200.0], [92135.0, 1850.0]]}}}
{"jsonrpc": "2.0", "method": "subscription", "params": {"channel": "book.BTC-7MAR25.none.20.100ms", "data": {"timestamp": 1741244254469, "change_id": 91247063586, "instrument_name": "BTC-7MAR25", "bids": [[91947.5, 40.0], [91922.5, 780.0], [91920.0, 4400.0], [91915.0, 6000.0], [91912.5, 3000.0], [91910.0, 10000.0], [91907.5, 4730.0], [91905.0, 17180.0], [91902.5, 6000.0], [91900.0, 20.0], [91895.0, 1800.0], [91892.5, 6000.0], [91887.5, 45800.0], [91880.0, 6780.0], [91877.5, 2600.0], [91872.5, 1840.0], [91870.0, 6000.0], [91862.5, 1800.0], [91860.0, 6000.0], [91855.0, 7340.0]], "asks": [[91950.0, 17700.0], [91952.5, 85470.0], [91955.0, 19270.0], [91957.5, 56090.0], [91960.0, 6000.0], [91965.0, 1800.0], [91970.0, 8780.0], [91975.0, 2600.0], [91980.0, 1800.0], [91982.5, 6000.0], [91992.5, 1800.0], [91995.0, 6000.0], [92002.5, 1800.0], [92005.0, 6000.0], [92015.0, 1800.0], [92020.0, 6000.0], [92027.5, 19970.0], [92030.0, 67300.0], [92037.5, 1800.0], [92040.0, 6000.0]]}}}
{"jsonrpc": "2.0", "method": "subscription", "params": {"channel": "book.BTC-14MAR25.none.20.100ms", "data": {"timestamp": 1741244254565, "change_id": 91247063698, "instrument_name": "BTC-14MAR25", "bids": [[92062.5, 2400.0], [92060.0, 720.0], [92057.5, 2400.0], [92055.0, 20170.0], [92052.5, 4200.0], [92050.0, 109850.0], [92047.5, 50000.0], [92045.0, 1380.0], [92042.5, 4200.0], [92037.5, 10.0], [92030.0, 1260.0], [92027.5, 4200.0], [92020.0, 1280.0], [92017.5, 4200.0], [92010.0, 1260.0], [92007.5, 6680.0], [92002.5, 7350.0], [92000.0, 25480.0], [91997.5, 4200.0], [91990.0, 1260.0]], "asks": [[92070.0, 720.0], [92072.5, 2400.0], [92075.0, 780.0], [92077.5, 2400.0], [92080.0, 200.0], [92085.0, 1890.0], [92087.5, 6600.0], [92090.0, 720.0], [92092.5, 2520.0], [92095.0, 4770.0], [92097.5, 4200.0], [92100.0, 12480.0], [92102.5, 24860.0], [92105.0, 1260.0], [92107.5, 4200.0], [92115.0, 1260.0], [92117.5, 4200.0], [92125.0, 1270.0], [92127.5, 4200.0], [92135.0, 1850.0]]}}}
{"jsonrpc": "2.0", "method": "subscription", "params": {"channel": "book.BTC-14MAR25.none.20.100ms", "data": {"timestamp": 1741244254889, "change_id": 91247063969, "instrument_name": "BTC-14MAR25", "bids": [[92062.5, 2400.0], [92060.0, 720.0], [92057.5, 2400.0], [92055.0, 20000.0], [92052.5, 4200.0], [92050.0, 62480.0], [92045.0, 1380.0], [92042.5, 4200.0], [92037.5, 10.0], [92030.0, 1260.0], [92027.5, 4200.0], [92020.0, 1280.0], [92017.5, 4200.0], [92010.0, 1260.0], [92007.5, 6680.0], [92005.0, 9470.0], [92002.5, 7350.0], [92000.0, 25480.0], [91997.5, 4200.0], [91990.0, 1260.0]], "asks": [[92070.0, 720.0], [92072.5, 2400.0], [92075.0, 780.0], [92077.5, 2400.0], [92080.0, 920.0], [92082.5, 2400.0], [92085.0, 1890.0], [92087.5, 6600.0], [92090.0, 720.0], [92092.5, 2520.0], [92095.0, 4770.0], [92097.5, 4200.0], [92100.0, 19940.0], [92102.5, 24860.0], [92105.0, 1260.0], [92107.5, 4200.0], [92115.0, 1260.0], [92117.5, 4200.0], [92125.0, 1270.0], [92127.5, 4200.0]]}}}
{"jsonrpc": "2.0", "method": "subscription", "params": {"channel": "book.BTC-14MAR25.none.20.100ms", "data": {"timestamp": 1741244255267, "change_id": 91247064674, "instrument_name": "BTC-14MAR25", "bids": [[92062.5, 6600.0], [92060.0, 720.0], [92057.5, 2400.0], [92055.0, 5000.0], [92052.5, 4200.0], [92050.0, 12480.0], [92047.5, 24890.0], [92045.0, 84220.0], [92042.5, 4200.0], [92037.5, 10.0], [92030.0, 1260.0], [92027.5, 54200.0], [92020.0, 1280.0], [92017.5, 4200.0], [92010.0, 1260.0], [92007.5, 6680.0], [92005.0, 9470.0], [92002.5, 7350.0], [92000.0, 25480.0], [91997.5, 4200.0]], "asks": [[92075.0, 780.0], [92077.5, 2400.0], [92080.0, 920.0], [92082.5, 2400.0], [92085.0, 720.0], [92087.5, 2400.0], [92090.0, 720.0], [92092.5, 2520.0], [92095.0, 4770.0], [92097.5, 4200.0], [92100.0, 19940.0], [92102.5, 24860.0], [92105.0, 1260.0], [92107.5, 4200.0], [92115.0, 1260.0], [92117.5, 4200.0], [92125.0, 1270.0], [92127.5, 4200.0], [92135.0, 1850.0], [92137.5, 6680.0]]}}}
{"jsonrpc": "2.0", "method": "subscription", "params": {"channel": "book.BTC-7MAR25.none.20.100ms", "data": {"timestamp": 1741244255019, "change_id": 91247064089, "instrument_name": "BTC-7MAR25", "bids": [[91947.5, 40.0], [91925.0, 1200.0], [91922.5, 780.0], [91920.0, 4400.0], [91915.0, 6000.0], [91912.5, 3000.0], [91910.0, 10000.0], [91907.5, 4730.0], [91905.0, 17180.0], [91902.5, 6000.0], [91900.0, 20.0], [91895.0, 1800.0], [91892.5, 6000.0], [91890.0, 13740.0], [91887.5, 45800.0], [91880.0, 6780.0], [91877.5, 2600.0], [91872.5, 1840.0], [91870.0, 6000.0], [91862.5, 1800.0]], "asks": [[91950.0, 17700.0], [91952.5, 85470.0], [91955.0, 19270.0], [91957.5, 56090.0], [91960.0, 6000.0], [91965.0, 1800.0], [91970.0, 8780.0], [91975.0, 2600.0], [91980.0, 1800.0], [91982.5, 6000.0], [91992.5, 1800.0], [91995.0, 6000.0], [92002.5, 1800.0], [92005.0, 6000.0], [92015.0, 1800.0], [92020.0, 6000.0], [92027.5, 19970.0], [92030.0, 67300.0], [92037.5, 1800.0], [92040.0, 6000.0]]}}}
{"jsonrpc": "2.0", "method": "subscription", "params": {"channel": "book.BTC-7MAR25.none.20.100ms", "data": {"timestamp": 1741244255506, "change_id": 91247064811, "instrument_name": "BTC-7MAR25", "bids": [[91947.5, 40.0], [91925.0, 1200.0], [91922.5, 780.0], [91920.0, 4400.0], [91917.5, 120.0], [91915.0, 6000.0], [91912.5, 3000.0], [91910.0, 10000.0], [91907.5, 4610.0], [91905.0, 17180.0], [91902.5, 6000.0], [91900.0, 20.0], [91895.0, 1800.0], [91892.5, 6000.0], [91890.0, 13740.0], [91887.5, 45800.0], [91880.0, 6780.0], [91877.5, 2600.0], [91872.5, 1840.0], [91870.0, 6000.0]], "asks": [[91950.0, 17700.0], [91952.5, 85470.0], [91955.0, 19270.0], [91957.5, 56090.0], [91960.0, 6000.0], [91965.0, 1800.0], [91970.0, 8780.0], [91975.0, 2600.0], [91980.0, 1800.0], [91982.5, 6000.0], [91992.5, 1800.0], [91995.0, 6000.0], [92002.5, 1800.0], [92005.0, 6000.0], [92015.0, 1800.0], [92020.0, 6000.0], [92027.5, 19970.0], [92030.0, 67300.0], [92037.5, 1800.0], [92040.0, 6000.0]]}}}
{"jsonrpc": "2.0", "method": "subscription", "params": {"channel": "book.BTC-14MAR25.none.20.100ms", "data": {"timestamp": 1741244255598, "change_id": 91247064929, "instrument_name": "BTC-14MAR25", "bids": [[92062.5, 6600.0], [92060.0, 720.0], [92057.5, 2400.0], [92055.0, 19500.0], [92052.5, 4200.0], [92050.0, 62480.0], [92047.5, 24890.0], [92045.0, 84100.0], [92042.5, 4200.0], [92037.5, 10.0], [92030.0, 1260.0], [92027.5, 4200.0], [92020.0, 1280.0], [92017.5, 4200.0], [92010.0, 1260.0], [92007.5, 6680.0], [92005.0, 9470.0], [92002.5, 7350.0], [92000.0, 25480.0], [91997.5, 4200.0]], "asks": [[92075.0, 780.0], [92077.5, 2400.0], [92080.0, 920.0], [92082.5, 2400.0], [92085.0, 720.0], [92087.5, 2400.0], [92090.0, 720.0], [92092.5, 2520.0], [92095.0, 4770.0], [92097.5, 4200.0], [92100.0, 19940.0], [92102.5, 24860.0], [92105.0, 1260.0], [92107.5, 4200.0], [92115.0, 1260.0], [92117.5, 4200.0], [92125.0, 1270.0], [92127.5, 4200.0], [92135.0, 1850.0], [92137.5, 6680.0]]}}}
{"jsonrpc": "2.0", "method": "subscription", "params": {"channel": "book.BTC-14MAR25.none.20.100ms", "data": {"timestamp": 1741244255893, "change_id": 91247065162, "instrument_name": "BTC-14MAR25", "bids": [[92065.0, 2400.0], [92062.5, 6600.0], [92060.0, 720.0], [92057.5, 2400.0], [92055.0, 5120.0], [92052.5, 4200.0], [92050.0, 52330.0], [92047.5, 50000.0], [92045.0, 84100.0], [92042.5, 4200.0], [92037.5, 10.0], [92030.0, 1260.0], [92027.5, 4200.0], [92020.0, 1280.0], [92017.5, 4200.0], [92010.0, 1850.0], [92007.5, 6680.0], [92005.0, 9470.0], [92002.5, 7350.0], [92000.0, 25480.0]], "asks": [[92075.0, 780.0], [92077.5, 2400.0], [92080.0, 920.0], [92082.5, 2400.0], [92085.0, 720.0], [92087.5, 2400.0], [92090.0, 720.0], [92092.5, 2520.0], [92095.0, 4770.0], [92097.5, 4200.0], [92100.0, 19940.0], [92102.5, 24860.0], [92105.0, 1260.0], [92107.5, 4200.0], [92115.0, 1260.0], [92117.5, 4200.0], [92125.0, 1270.0], [92127.5, 4200.0], [92135.0, 1850.0], [92137.5, 6680.0]]}}}
{"jsonrpc": "2.0", "method": "subscription", "params": {"channel": "book.BTC-14MAR25.none.20.100ms", "data": {"timestamp": 1741244256143, "change_id": 91247065384, "instrument_name": "BTC-14MAR25", "bids": [[92065.0, 2400.0], [92062.5, 6600.0], [92060.0, 720.0], [92057.5, 2400.0], [92055.0, 5120.0], [92052.5, 4200.0], [92050.0, 27480.0], [92047.5, 50000.0], [92045.0, 1260.0], [92042.5, 4200.0], [92037.5, 10.0], [92030.0, 1260.0], [92027.5, 4200.0], [92020.0, 1280.0], [92017.5, 4200.0], [92010.0, 1850.0], [92007.5, 6680.0], [92005.0, 9470.0], [92002.5, 7350.0], [92000.0, 25480.0]], "asks": [[92075.0, 780.0], [92077.5, 2400.0], [92080.0, 920.0], [92082.5, 2400.0], [92085.0, 720.0], [92087.5, 2400.0], [92090.0, 720.0], [92092.5, 2520.0], [92095.0, 4770.0], [92097.5, 4200.0], [92100.0, 19940.0], [92102.5, 24860.0], [92105.0, 1260.0], [92107.5, 4200.0], [92115.0, 1260.0], [92117.5, 4200.0], [92125.0, 1270.0], [92127.5, 4200.0], [92135.0, 1850.0], [92137.5, 6680.0]]}}}
{"jsonrpc": "2.0", "method": "subscription", "params": {"channel": "book.BTC-14MAR25.none.20.100ms", "data": {"timestamp": 1741244256566, "change_id": 91247065986, "instrument_name": "BTC-14MAR25", "bids": [[92065.0, 6600.0], [92062.5, 6600.0], [92060.0, 720.0], [92057.5, 2400.0], [92055.0, 29350.0], [92052.5, 87040.0], [92050.0, 27480.0], [92047.5, 50000.0], [92045.0, 1260.0], [92042.5, 4200.0], [92037.5, 10.0], [92030.0, 1260.0], [92027.5, 4200.0], [92020.0, 1280.0], [92017.5, 4200.0], [92010.0, 1850.0], [92007.5, 6680.0], [92005.0, 9470.0], [92002.5, 7350.0], [92000.0, 25480.0]], "asks": [[92075.0, 780.0], [92077.5, 2400.0], [92080.0, 920.0], [92082.5, 2400.0], [92085.0, 720.0], [92087.5, 2400.0], [92090.0, 720.0], [92092.5, 2520.0], [92095.0, 4770.0], [92097.5, 4200.0], [92100.0, 19940.0], [92102.5, 24860.0], [92105.0, 1260.0], [92107.5, 4200.0], [92115.0, 1260.0], [92117.5, 4200.0], [92125.0, 1270.0], [92127.5, 4200.0], [92135.0, 1850.0], [92137.5, 6680.0]]}}}
{"jsonrpc": "2.0", "method": "subscription", "params": {"channel": "book.BTC-14MAR25.none.20.100ms", "data": {"timestamp": 1741244256882, "change_id": 91247066299, "instrument_name": "BTC-14MAR25", "bids": [[92065.0, 2400.0], [92062.5, 6600.0], [92060.0, 720.0], [92057.5, 2400.0], [92055.0, 29350.0], [92052.5, 87040.0], [92050.0, 27480.0], [92047.5, 50000.0], [92045.0, 1260.0], [92042.5, 4200.0], [92037.5, 10.0], [92030.0, 1260.0], [92027.5, 4200.0], [92020.0, 1280.0], [92017.5, 4200.0], [92010.0, 1850.0], [92007.5, 6680.0], [92005.0, 9470.0], [92002.5, 7350.0], [92000.0, 25480.0]], "asks": [[92075.0, 780.0], [92077.5, 2400.0], [92080.0, 920.0], [92082.5, 2400.0], [92085.0, 720.0], [92087.5, 2400.0], [92090.0, 720.0], [92092.5, 2520.0], [92095.0, 4770.0], [92097.5, 4200.0], [92100.0, 19940.0], [92102.5, 24860.0], [92105.0, 1260.0], [92107.5, 4200.0], [92115.0, 1260.0], [92117.5, 4200.0], [92125.0, 1270.0], [92127.5, 4200.0], [92135.0, 1850.0], [92137.5, 6680.0]]}}}
{"jsonrpc": "2.0", "method": "subscription", "params": {"channel": "book.BTC-14MAR25.none.20.100ms", "data": {"timestamp": 1741244257113, "change_id": 91247066501, "instrument_name": "BTC-14MAR25", "bids": [[92067.5, 2400.0], [92065.0, 3120.0], [92062.5, 2400.0], [92060.0, 720.0], [92057.5, 2400.0], [92055.0, 29350.0], [92052.5, 87040.0], [92050.0, 27480.0], [92047.5, 50000.0], [92045.0, 1260.0], [92042.5, 4200.0], [92037.5, 10.0], [92030.0, 1260.0], [92027.5, 4200.0], [92020.0, 1280.0], [92017.5, 4200.0], [92010.0, 1850.0], [92007.5, 6680.0], [92005.0, 9470.0], [92002.5, 7350.0]], "asks": [[92080.0, 920.0], [92082.5, 2400.0], [92085.0, 720.0], [92087.5, 2400.0], [92090.0, 720.0], [92092.5, 2520.0], [92095.0, 4770.0], [92097.5, 4200.0], [92100.0, 12480.0], [92105.0, 1260.0], [92107.5, 4200.0], [92115.0, 1260.0], [92117.5, 4200.0], [92125.0, 1270.0], [92127.5, 4200.0], [92132.5, 7090.0], [92135.0, 25480.0], [92137.5, 6680.0], [92145.0, 1260.0], [92147.5, 4200.0]]}}}
{"jsonrpc": "2.0", "method": "subscription", "params": {"channel": "book.BTC-7MAR25.none.20.100ms", "data": {"timestamp": 1741244257130, "change_id": 91247066582, "instrument_name": "BTC-7MAR25", "bids": [[91947.5, 40.0], [91925.0, 1200.0], [91922.5, 780.0], [91920.0, 4400.0], [91917.5, 120.0], [91915.0, 6000.0], [91912.5, 3000.0], [91910.0, 10000.0], [91907.5, 4610.0], [91905.0, 17180.0], [91902.5, 6000.0], [91900.0, 20.0], [91895.0, 1800.0], [91892.5, 6000.0], [91885.0, 45800.0], [91882.5, 1800.0], [91880.0, 6780.0], [91877.5, 2600.0], [91872.5, 1840.0], [91870.0, 6000.0]], "asks": [[91950.0, 1210.0], [91952.5, 85470.0], [91955.0, 18070.0], [91957.5, 56090.0], [91960.0, 6000.0], [91965.0, 1800.0], [91970.0, 8780.0], [91975.0, 2600.0], [91980.0, 6340.0], [91982.5, 21880.0], [91992.5, 1800.0], [91995.0, 6000.0], [92002.5, 1800.0], [92005.0, 6000.0], [92015.0, 1800.0], [92020.0, 6000.0], [92027.5, 19970.0], [92030.0, 67300.0], [92037.5, 1800.0], [92040.0, 6000.0]]}}}
{"jsonrpc": "2.0", "method": "subscription", "params": {"channel": "book.BTC-7MAR25.none.20.100ms", "data": {"timestamp": 1741244257606, "change_id": 91247067259, "instrument_name": "BTC-7MAR25", "bids": [[91947.5, 40.0], [91925.0, 1200.0], [91922.5, 780.0], [91920.0, 4400.0], [91917.5, 120.0], [91915.0, 6000.0], [91912.5, 3000.0], [91910.0, 10000.0], [91907.5, 4610.0], [91905.0, 17180.0], [91902.5, 6000.0], [91900.0, 20.0], [91895.0, 1800.0], [91892.5, 6000.0], [91885.0, 45800.0], [91882.5, 1800.0], [91880.0, 6780.0], [91877.5, 2600.0], [91872.5, 1840.0], [91870.0, 6000.0]], "asks": [[91950.0, 1210.0], [91952.5, 2720.0], [91955.0, 18070.0], [91957.5, 56090.0], [91960.0, 6000.0], [91965.0, 1800.0], [91970.0, 8780.0], [91975.0, 2600.0], [91980.0, 6340.0], [91982.5, 21880.0], [91992.5, 1800.0], [91995.0, 6000.0], [92002.5, 1800.0], [92005.0, 6000.0], [92015.0, 1800.0], [92020.0, 6000.0], [92027.5, 19970.0], [92030.0, 67300.0], [92037.5, 1800.0], [92040.0, 6000.0]]}}}
{"jsonrpc": "2.0", "method": "subscription", "params": {"channel": "book.BTC-7MAR25.none.20.100ms", "data": {"timestamp": 1741244257809, "change_id": 91247067413, "instrument_name": "BTC-7MAR25", "bids": [[91947.5, 40.0], [91927.5, 2600.0], [91925.0, 1200.0], [91920.0, 1800.0], [91917.5, 120.0], [91915.0, 6000.0], [91912.5, 3000.0], [91910.0, 10000.0], [91907.5, 4610.0], [91905.0, 17180.0], [91902.5, 6000.0], [91900.0, 20.0], [91895.0, 1800.0], [91892.5, 6000.0], [91885.0, 45800.0], [91882.5, 1800.0], [91880.0, 6780.0], [91877.5, 2600.0], [91872.5, 1840.0], [91870.0, 6000.0]], "asks": [[91950.0, 1210.0], [91952.5, 2720.0], [91955.0, 31250.0], [91957.5, 105710.0], [91960.0, 6000.0], [91965.0, 1800.0], [91970.0, 8780.0], [91975.0, 2600.0], [91980.0, 6340.0], [91982.5, 21880.0], [91992.5, 1800.0], [91995.0, 6000.0], [92002.5, 1800.0], [92005.0, 6000.0], [92015.0, 1800.0], [92020.0, 6000.0], [92027.5, 19970.0], [92030.0, 67300.0], [92037.5, 1800.0], [92040.0, 6000.0]]}}}
{"jsonrpc": "2.0", "method": "subscription", "params": {"channel": "book.BTC-14MAR25.none.20.100ms", "data": {"timestamp": 1741244257873, "change_id": 91247067525, "instrument_name": "BTC-14MAR25", "bids": [[92067.5, 2400.0], [92062.5, 2400.0], [92060.0, 3810.0], [92057.5, 4880.0], [92055.0, 29350.0], [92052.5, 87040.0], [92050.0, 25000.0], [92047.5, 50000.0], [92045.0, 1260.0], [92042.5, 4200.0], [92037.5, 10.0], [92030.0, 1260.0], [92027.5, 4200.0], [92020.0, 1280.0], [92017.5, 4200.0], [92010.0, 1850.0], [92007.5, 6680.0], [92005.0, 9470.0], [92002.5, 7350.0], [92000.0, 25480.0]], "asks": [[92072.5, 3900.0], [92075.0, 2400.0], [92077.5, 2400.0], [92080.0, 920.0], [92082.5, 2400.0], [92085.0, 1890.0], [92087.5, 6600.0], [92090.0, 720.0], [92092.5, 2520.0], [92095.0, 4770.0], [92097.5, 4200.0], [92100.0, 12480.0], [92105.0, 1260.0], [92107.5, 4200.0], [92115.0, 1260.0], [92117.5, 4200.0], [92125.0, 1270.0], [92127.5, 4200.0], [92132.5, 7090.0], [92135.0, 25480.0]]}}}
{"jsonrpc": "2.0", "method": "subscription", "params": {"channel": "book.BTC-14MAR25.none.20.100ms", "data": {"timestamp": 1741244258049, "change_id": 91247067661, "instrument_name": "BTC-14MAR25", "bids": [[92067.5, 2400.0], [92065.0, 1440.0], [92062.5, 2400.0], [92060.0, 3810.0], [92057.5, 4880.0], [92055.0, 29350.0], [92052.5, 87040.0], [92050.0, 25000.0], [92047.5, 50000.0], [92045.0, 1260.0], [92042.5, 4200.0], [92037.5, 10.0], [92030.0, 1260.0], [92027.5, 4200.0], [92020.0, 1280.0], [92017.5, 4200.0], [92010.0, 1850.0], [92007.5, 6680.0], [92005.0, 9470.0], [92002.5, 7350.0]], "asks": [[92080.0, 920.0], [92082.5, 2400.0], [92085.0, 720.0], [92087.5, 2400.0], [92092.5, 120.0], [92095.0, 4770.0], [92097.5, 4200.0], [92100.0, 12480.0], [92105.0, 1260.0], [92107.5, 4200.0], [92115.0, 1260.0], [92117.5, 4200.0], [92125.0, 1270.0], [92127.5, 4200.0], [92132.5, 7090.0], [92135.0, 25480.0], [92137.5, 6680.0], [92145.0, 1260.0], [92147.5, 4200.0], [92155.0, 1260.0]]}}}
{"jsonrpc": "2.0", "method": "subscription", "params": {"channel": "book.BTC-7MAR25.none.20.100ms", "data": {"timestamp": 1741244258235, "change_id": 91247068065, "instrument_name": "BTC-7MAR25", "bids": [[91947.5, 40.0], [91930.0, 3680.0], [91927.5, 8600.0], [91920.0, 1800.0], [91917.5, 120.0], [91915.0, 6000.0], [91912.5, 3000.0], [91910.0, 10000.0], [91907.5, 4610.0], [91905.0, 17180.0], [91902.5, 6000.0], [91900.0, 20.0], [91895.0, 1800.0], [91892.5, 6000.0], [91887.5, 13740.0], [91885.0, 45800.0], [91882.5, 1800.0], [91880.0, 6780.0], [91877.5, 2600.0], [91872.5, 1840.0]], "asks": [[91950.0, 1210.0], [91952.5, 3920.0], [91955.0, 18070.0], [91957.5, 56090.0], [91960.0, 6000.0], [91965.0, 1800.0], [91970.0, 8780.0], [91975.0, 2600.0], [91980.0, 6340.0], [91982.5, 21880.0], [91992.5, 1800.0], [91995.0, 6000.0], [92002.5, 1800.0], [92005.0, 6000.0], [92015.0, 1800.0], [92020.0, 6000.0], [92027.5, 19970.0], [92030.0, 67300.0], [92037.5, 1800.0], [92040.0, 6000.0]]}}}
{"jsonrpc": "2.0", "method": "subscription", "params": {"channel": "book.BTC-7MAR25.none.20.100ms", "data": {"timestamp": 1741244258613, "change_id": 91247068397, "instrument_name": "BTC-7MAR25", "bids": [[91947.5, 40.0], [91930.0, 3680.0], [91927.5, 8600.0], [91920.0, 1800.0], [91917.5, 120.0], [91915.0, 6000.0], [91912.5, 3000.0], [91910.0, 10000.0], [91907.5, 4610.0], [91905.0, 17180.0], [91902.5, 6000.0], [91900.0, 20.0], [91895.0, 1800.0], [91892.5, 6000.0], [91887.5, 13740.0], [91885.0, 45800.0], [91882.5, 1800.0], [91880.0, 6780.0], [91877.5, 2600.0], [91872.5, 1840.0]], "asks": [[91950.0, 1210.0], [91952.5, 3920.0], [91955.0, 18070.0], [91957.5, 56090.0], [91960.0, 6000.0], [91965.0, 1800.0], [91970.0, 8780.0], [91975.0, 2600.0], [91980.0, 6340.0], [91982.5, 21880.0], [91992.5, 1800.0], [91995.0, 6000.0], [92002.5, 1800.0], [92005.0, 6000.0], [92015.0, 1800.0], [92020.0, 6000.0], [92027.5, 19970.0], [92030.0, 67300.0], [92037.5, 1800.0], [92040.0, 6000.0]]}}}
{"jsonrpc": "2.0", "method": "subscription", "params": {"channel": "book.BTC-14MAR25.none.20.100ms", "data": {"timestamp": 1741244258862, "change_id": 91247068645, "instrument_name": "BTC-14MAR25", "bids": [[92067.5, 2400.0], [92065.0, 1440.0], [92062.5, 2400.0], [92060.0, 3810.0], [92057.5, 4880.0], [92055.0, 29350.0], [92052.5, 87040.0], [92050.0, 25000.0], [92047.5, 50000.0], [92045.0, 1260.0], [92042.5, 4200.0], [92037.5, 10.0], [92030.0, 1260.0], [92027.5, 4200.0], [92020.0, 1280.0], [92017.5, 4200.0], [92010.0, 1850.0], [92007.5, 6680.0], [92005.0, 9470.0], [92002.5, 7350.0]], "asks": [[92080.0, 920.0], [92082.5, 2400.0], [92092.5, 120.0], [92095.0, 4770.0], [92097.5, 4200.0], [92100.0, 12480.0], [92105.0, 1260.0], [92107.5, 87090.0], [92115.0, 1260.0], [92117.5, 4200.0], [92125.0, 1270.0], [92127.5, 4200.0], [92132.5, 7090.0], [92135.0, 25480.0], [92137.5, 6680.0], [92145.0, 1260.0], [92147.5, 4200.0], [92155.0, 1260.0], [92157.5, 4200.0], [92162.5, 600.0]]}}}
{"jsonrpc": "2.0", "method": "subscription", "params": {"channel": "book.BTC-7MAR25.none.20.100ms", "data": {"timestamp": 1741244258643, "change_id": 91247068478, "instrument_name": "BTC-7MAR25", "bids": [[91947.5, 40.0], [91930.0, 3680.0], [91927.5, 8600.0], [91920.0, 1800.0], [91917.5, 120.0], [91915.0, 6000.0], [91912.5, 3000.0], [91910.0, 10000.0], [91907.5, 4610.0], [91905.0, 17180.0], [91902.5, 6000.0], [91900.0, 20.0], [91895.0, 1800.0], [91892.5, 6000.0], [91887.5, 13740.0], [91885.0, 45800.0], [91882.5, 1800.0], [91880.0, 6780.0], [91877.5, 2600.0], [91872.5, 1840.0]], "asks": [[91950.0, 83960.0], [91952.5, 3920.0], [91955.0, 18070.0], [91957.5, 56090.0], [91960.0, 6000.0], [91965.0, 1800.0], [91970.0, 8780.0], [91975.0, 2600.0], [91980.0, 6340.0], [91982.5, 21880.0], [91992.5, 1800.0], [91995.0, 6000.0], [92002.5, 1800.0], [92005.0, 6000.0], [92015.0, 1800.0], [92020.0, 6000.0], [92027.5, 19970.0], [92030.0, 67300.0], [92037.5, 1800.0], [92040.0, 6000.0]]}}}
{"jsonrpc": "2.0", "method": "subscription", "params": {"channel": "book.BTC-14MAR25.none.20.100ms", "data": {"timestamp": 1741244259580, "change_id": 91247069557, "instrument_name": "BTC-14MAR25", "bids": [[92067.5, 2400.0], [92062.5, 2400.0], [92060.0, 3810.0], [92057.5, 4880.0], [92055.0, 29350.0], [92052.5, 87040.0], [92050.0, 25000.0], [92047.5, 50000.0], [92045.0, 1260.0], [92042.5, 4200.0], [92037.5, 10.0], [92030.0, 1260.0], [92027.5, 4200.0], [92020.0, 1280.0], [92017.5, 4200.0], [92010.0, 1850.0], [92007.5, 6680.0], [92005.0, 9470.0], [92002.5, 7350.0], [92000.0, 25480.0]], "asks": [[92080.0, 920.0], [92082.5, 2400.0], [92092.5, 120.0], [92095.0, 4770.0], [92097.5, 4200.0], [92100.0, 12480.0], [92105.0, 25970.0], [92107.5, 87090.0], [92115.0, 1260.0], [92117.5, 4200.0], [92125.0, 1270.0], [92127.5, 4200.0], [92132.5, 7090.0], [92135.0, 25480.0], [92137.5, 6680.0], [92145.0, 1260.0], [92147.5, 4200.0], [92155.0, 1260.0], [92157.5, 4200.0], [92162.5, 600.0]]}}}
{"jsonrpc": "2.0", "method": "subscription", "params": {"channel": "book.BTC-7MAR25.none.20.100ms", "data": {"timestamp": 1741244259575, "change_id": 91247069546, "instrument_name": "BTC-7MAR25", "bids": [[91947.5, 40.0], [91930.0, 1200.0], [91927.5, 2600.0], [91920.0, 1800.0], [91917.5, 120.0], [91915.0, 6000.0], [91912.5, 3000.0], [91910.0, 10000.0], [91907.5, 4610.0], [91905.0, 17180.0], [91902.5, 6000.0], [91900.0, 20.0], [91895.0, 1800.0], [91892.5, 6000.0], [91887.5, 13740.0], [91885.0, 45800.0], [91882.5, 1800.0], [91880.0, 6780.0], [91877.5, 2600.0], [91872.5, 1840.0]], "asks": [[91950.0, 83960.0], [91952.5, 3920.0], [91955.0, 18070.0], [91957.5, 56090.0], [91960.0, 6000.0], [91965.0, 1800.0], [91970.0, 8780.0], [91975.0, 2600.0], [91980.0, 6340.0], [91982.5, 21880.0], [91992.5, 1800.0], [91995.0, 6000.0], [92002.5, 1800.0], [92005.0, 6000.0], [92015.0, 1800.0], [92020.0, 6000.0], [92027.5, 19970.0], [92030.0, 67300.0], [92037.5, 1800.0], [92040.0, 6000.0]]}}}
{"jsonrpc": "2.0", "method": "subscription", "params": {"channel": "book.BTC-14MAR25.none.20.100ms", "data": {"timestamp": 1741244259881, "change_id": 91247069846, "instrument_name": "BTC-14MAR25", "bids": [[92062.5, 6600.0], [92060.0, 3810.0], [92057.5, 4880.0], [92055.0, 29350.0], [92052.5, 87040.0], [92050.0, 25000.0], [92047.5, 50000.0], [92045.0, 1260.0], [92042.5, 4200.0], [92037.5, 10.0], [92030.0, 1260.0], [92027.5, 4200.0], [92020.0, 1280.0], [92017.5, 4200.0], [92010.0, 1850.0], [92007.5, 6680.0], [92005.0, 9470.0], [92002.5, 7350.0], [92000.0, 25480.0], [91997.5, 4200.0]], "asks": [[92080.0, 200.0], [92085.0, 1260.0], [92087.5, 4200.0], [92092.5, 120.0], [92095.0, 4770.0], [92097.5, 4200.0], [92100.0, 12480.0], [92105.0, 25970.0], [92107.5, 87090.0], [92115.0, 1260.0], [92117.5, 4200.0], [92125.0, 1270.0], [92127.5, 4200.0], [92132.5, 7090.0], [92135.0, 25480.0], [92137.5, 6680.0], [92145.0, 1260.0], [92147.5, 4200.0], [92155.0, 1260.0], [92157.5, 4200.0]]}}}
{"jsonrpc": "2.0", "method": "subscription", "params": {"channel": "book.BTC-7MAR25.none.20.100ms", "data": {"timestamp": 1741244260591, "change_id": 91247070779, "instrument_name": "BTC-7MAR25", "bids": [[91947.5, 40.0], [91930.0, 1200.0], [91927.5, 2600.0], [91920.0, 1800.0], [91917.5, 120.0], [91915.0, 6000.0], [91912.5, 3000.0], [91910.0, 10000.0], [91907.5, 4610.0], [91905.0, 17180.0], [91902.5, 6000.0], [91900.0, 20.0], [91895.0, 1800.0], [91892.5, 6000.0], [91887.5, 13740.0], [91885.0, 45800.0], [91882.5, 1800.0], [91880.0, 6780.0], [91877.5, 2600.0], [91872.5, 1840.0]], "asks": [[91950.0, 83960.0], [91952.5, 3920.0], [91955.0, 18070.0], [91957.5, 56090.0], [91960.0, 6000.0], [91965.0, 1800.0], [91970.0, 8780.0], [91975.0, 2600.0], [91980.0, 6340.0], [91982.5, 21880.0], [91992.5, 1800.0], [91995.0, 6000.0], [92002.5, 1800.0], [92005.0, 6000.0], [92015.0, 1800.0], [92020.0, 6000.0], [92027.5, 19970.0], [92030.0, 67300.0], [92037.5, 1800.0], [92040.0, 6000.0]]}}}
{"jsonrpc": "2.0", "method": "subscription", "params": {"channel": "book.BTC-14MAR25.none.20.100ms", "data": {"timestamp": 1741244260591, "change_id": 91247070782, "instrument_name": "BTC-14MAR25", "bids": [[92062.5, 6600.0], [92060.0, 3810.0], [92057.5, 4880.0], [92055.0, 29350.0], [92052.5, 87040.0], [92050.0, 25000.0], [92045.0, 51260.0], [92042.5, 4200.0], [92037.5, 10.0], [92030.0, 1260.0], [92027.5, 4200.0], [92020.0, 1280.0], [92017.5, 4200.0], [92010.0, 1850.0], [92007.5, 6680.0], [92005.0, 9470.0], [92002.5, 7350.0], [92000.0, 25480.0], [91997.5, 4200.0], [91990.0, 1260.0]], "asks": [[92080.0, 200.0], [92085.0, 1260.0], [92087.5, 4200.0], [92092.5, 120.0], [92095.0, 4770.0], [92097.5, 4200.0], [92100.0, 12480.0], [92105.0, 25970.0], [92107.5, 87090.0], [92115.0, 1260.0], [92117.5, 4200.0], [92125.0, 1270.0], [92127.5, 4200.0], [92132.5, 7090.0], [92135.0, 25480.0], [92137.5, 6680.0], [92145.0, 1260.0], [92147.5, 4200.0], [92155.0, 1260.0], [92157.5, 4200.0]]}}}
{"jsonrpc": "2.0", "method": "subscription", "params": {"channel": "book.BTC-14MAR25.none.20.100ms", "data": {"timestamp": 1741244260838, "change_id": 91247071252, "instrument_name": "BTC-14MAR25", "bids": [[92062.5, 2400.0], [92060.0, 3810.0], [92057.5, 4880.0], [92055.0, 29350.0], [92052.5, 87040.0], [92050.0, 25000.0], [92045.0, 51260.0], [92042.5, 4200.0], [92037.5, 10.0], [92030.0, 1260.0], [92027.5, 4200.0], [92020.0, 1280.0], [92017.5, 4200.0], [92010.0, 1850.0], [92007.5, 6680.0], [92005.0, 9470.0], [92002.5, 7350.0], [92000.0, 25480.0], [91997.5, 4200.0], [91990.0, 1260.0]], "asks": [[92072.5, 720.0], [92075.0, 3180.0], [92077.5, 2400.0], [92080.0, 200.0], [92085.0, 1260.0], [92087.5, 4200.0], [92092.5, 120.0], [92095.0, 4770.0], [92097.5, 4200.0], [92100.0, 12480.0], [92105.0, 25970.0], [92107.5, 87090.0], [92115.0, 1260.0], [92117.5, 4200.0], [92125.0, 1270.0], [92127.5, 4200.0], [92132.5, 7090.0], [92135.0, 25480.0], [92137.5, 6680.0], [92145.0, 1260.0]]}}}
{"jsonrpc": "2.0", "method": "subscription", "params": {"channel": "book.BTC-14MAR25.none.20.100ms", "data": {"timestamp": 1741244261069, "change_id": 91247071537, "instrument_name": "BTC-14MAR25", "bids": [[92062.5, 2400.0], [92060.0, 3810.0], [92057.5, 4880.0], [92055.0, 29350.0], [92052.5, 87040.0], [92050.0, 10000.0], [92045.0, 16100.0], [92042.5, 54200.0], [92037.5, 10.0], [92030.0, 1260.0], [92027.5, 4200.0], [92020.0, 1280.0], [92017.5, 4200.0], [92010.0, 1850.0], [92007.5, 6680.0], [92005.0, 9470.0], [92002.5, 7350.0], [92000.0, 25480.0], [91997.5, 4200.0], [91990.0, 1260.0]], "asks": [[92072.5, 720.0], [92075.0, 3180.0], [92077.5, 2400.0], [92080.0, 200.0], [92085.0, 1260.0], [92087.5, 4200.0], [92092.5, 120.0], [92095.0, 4770.0], [92097.5, 4200.0], [92100.0, 12480.0], [92105.0, 25970.0], [92107.5, 87090.0], [92115.0, 1260.0], [92117.5, 4200.0], [92125.0, 1270.0], [92127.5, 4200.0], [92132.5, 7090.0], [92135.0, 25480.0], [92137.5, 6680.0], [92145.0, 1260.0]]}}}
{"jsonrpc": "2.0", "method": "subscription", "params": {"channel": "book.BTC-7MAR25.none.20.100ms", "data": {"timestamp": 1741244261415, "change_id": 91247072290, "instrument_name": "BTC-7MAR25", "bids": [[91947.5, 40.0], [91930.0, 3780.0], [91927.5, 8600.0], [91920.0, 1800.0], [91917.5, 120.0], [91915.0, 6000.0], [91912.5, 3000.0], [91910.0, 10000.0], [91907.5, 4610.0], [91905.0, 17180.0], [91902.5, 6000.0], [91900.0, 20.0], [91895.0, 1800.0], [91892.5, 6000.0], [91887.5, 13740.0], [91885.0, 45800.0], [91882.5, 1800.0], [91880.0, 6780.0], [91877.5, 2600.0], [91872.5, 1840.0]], "asks": [[91950.0, 83960.0], [91952.5, 3920.0], [91955.0, 18070.0], [91957.5, 56090.0], [91960.0, 6000.0], [91965.0, 1800.0], [91970.0, 8780.0], [91975.0, 2600.0], [91980.0, 6340.0], [91982.5, 21880.0], [91992.5, 1800.0], [91995.0, 6000.0], [92002.5, 1800.0], [92005.0, 6000.0], [92015.0, 1800.0], [92020.0, 6000.0], [92027.5, 19970.0], [92030.0, 67300.0], [92037.5, 1800.0], [92040.0, 6000.0]]}}}
{"jsonrpc": "2.0", "method": "subscription", "params": {"channel": "book.BTC-14MAR25.none.20.100ms", "data": {"timestamp": 1741244261418, "change_id": 91247072295, "instrument_name": "BTC-14MAR25", "bids": [[92065.0, 9300.0], [92062.5, 6600.0], [92060.0, 3810.0], [92057.5, 4880.0], [92055.0, 29350.0], [92052.5, 87040.0], [92050.0, 10000.0], [92045.0, 16100.0], [92042.5, 54200.0], [92037.5, 10.0], [92030.0, 1260.0], [92027.5, 4200.0], [92020.0, 1280.0], [92017.5, 4200.0], [92010.0, 1850.0], [92007.5, 6680.0], [92005.0, 9470.0], [92002.5, 7350.0], [92000.0, 25480.0], [91997.5, 4200.0]], "asks": [[92080.0, 200.0], [92092.5, 120.0], [92095.0, 4770.0], [92097.5, 4200.0], [92100.0, 12480.0], [92105.0, 25970.0], [92107.5, 87090.0], [92115.0, 1260.0], [92117.5, 4200.0], [92125.0, 1270.0], [92127.5, 4200.0], [92132.5, 7090.0], [92135.0, 25480.0], [92137.5, 6680.0], [92145.0, 1260.0], [92147.5, 4200.0], [92155.0, 1260.0], [92157.5, 4200.0], [92162.5, 600.0], [92165.0, 3270.0]]}}}
{"jsonrpc": "2.0", "method": "subscription", "params": {"channel": "book.BTC-14MAR25.none.20.100ms", "data": {"timestamp": 1741244261814, "change_id": 91247072647, "instrument_name": "BTC-14MAR25", "bids": [[92067.5, 2400.0], [92065.0, 9300.0], [92062.5, 6600.0], [92060.0, 3810.0], [92057.5, 4880.0], [92055.0, 29350.0], [92052.5, 87040.0], [92050.0, 10000.0], [92045.0, 16100.0], [92042.5, 54200.0], [92037.5, 10.0], [92030.0, 1260.0], [92027.5, 4200.0], [92020.0, 1280.0], [92017.5, 4200.0], [92010.0, 1850.0], [92007.5, 6680.0], [92005.0, 9470.0], [92002.5, 7350.0], [92000.0, 25480.0]], "asks": [[92075.0, 780.0], [92077.5, 2400.0], [92080.0, 200.0], [92092.5, 120.0], [92095.0, 4770.0], [92097.5, 4200.0], [92100.0, 12480.0], [92105.0, 25970.0], [92107.5, 87090.0], [92115.0, 1260.0], [92117.5, 4200.0], [92125.0, 1270.0], [92127.5, 4200.0], [92132.5, 7090.0], [92135.0, 25480.0], [92137.5, 6680.0], [92145.0, 1260.0], [92147.5, 4200.0], [92155.0, 1260.0], [92157.5, 4200.0]]}}}
{"jsonrpc": "2.0", "method": "subscription", "params": {"channel": "book.BTC-7MAR25.none.20.100ms", "data": {"timestamp": 1741244261783, "change_id": 91247072632, "instrument_name": "BTC-7MAR25", "bids": [[91947.5, 40.0], [91930.0, 3780.0], [91927.5, 8600.0], [91920.0, 1800.0], [91917.5, 120.0], [91915.0, 6000.0], [91912.5, 3000.0], [91910.0, 12600.0], [91907.5, 4610.0], [91905.0, 17180.0], [91902.5, 6000.0], [91900.0, 20.0], [91895.0, 1800.0], [91892.5, 6000.0], [91887.5, 13740.0], [91885.0, 45800.0], [91882.5, 1800.0], [91880.0, 6000.0], [91872.5, 1840.0], [91870.0, 6000.0]], "asks": [[91950.0, 83960.0], [91952.5, 1320.0], [91955.0, 18070.0], [91957.5, 56090.0], [91960.0, 8600.0], [91965.0, 1800.0], [91970.0, 8780.0], [91975.0, 2600.0], [91980.0, 6340.0], [91982.5, 21880.0], [91992.5, 1800.0], [91995.0, 6000.0], [92002.5, 1800.0], [92005.0, 6000.0], [92015.0, 1800.0], [92020.0, 6000.0], [92027.5, 19970.0], [92030.0, 67300.0], [92037.5, 1800.0], [92040.0, 6000.0]]}}}
{"jsonrpc": "2.0", "method": "subscription", "params": {"channel": "book.BTC-14MAR25.none.20.100ms", "data": {"timestamp": 1741244262220, "change_id": 91247073219, "instrument_name": "BTC-14MAR25", "bids": [[92067.5, 6600.0], [92065.0, 8040.0], [92062.5, 2400.0], [92060.0, 3810.0], [92057.5, 4880.0], [92055.0, 29350.0], [92052.5, 87040.0], [92050.0, 10000.0], [92045.0, 16100.0], [92042.5, 54200.0], [92037.5, 10.0], [92030.0, 1260.0], [92027.5, 4200.0], [92020.0, 1280.0], [92017.5, 4200.0], [92010.0, 1850.0], [92007.5, 6680.0], [92005.0, 9470.0], [92002.5, 7350.0], [92000.0, 25480.0]], "asks": [[92080.0, 200.0], [92092.5, 120.0], [92095.0, 4770.0], [92097.5, 4200.0], [92100.0, 12480.0], [92105.0, 25970.0], [92107.5, 87090.0], [92115.0, 1260.0], [92117.5, 4200.0], [92125.0, 1270.0], [92127.5, 4200.0], [92132.5, 7090.0], [92135.0, 25480.0], [92137.5, 6680.0], [92145.0, 1260.0], [92147.5, 4200.0], [92155.0, 1260.0], [92157.5, 4200.0], [92162.5, 600.0], [92165.0, 3270.0]]}}}
{"jsonrpc": "2.0", "method": "subscription", "params": {"channel": "book.BTC-7MAR25.none.20.100ms", "data": {"timestamp": 1741244262215, "change_id": 91247073204, "instrument_name": "BTC-7MAR25", "bids": [[91947.5, 40.0], [91930.0, 3780.0], [91927.5, 8600.0], [91920.0, 1800.0], [91917.5, 120.0], [91915.0, 6000.0], [91912.5, 3000.0], [91910.0, 12600.0], [91907.5, 4610.0], [91905.0, 17180.0], [91902.5, 6000.0], [91900.0, 20.0], [91895.0, 1800.0], [91892.5, 6000.0], [91887.5, 13740.0], [91885.0, 45800.0], [91882.5, 1800.0], [91880.0, 6000.0], [91872.5, 1840.0], [91870.0, 6000.0]], "asks": [[91950.0, 83960.0], [91952.5, 1320.0], [91955.0, 18070.0], [91957.5, 56090.0], [91960.0, 2600.0], [91965.0, 1800.0], [91970.0, 8780.0], [91975.0, 2600.0], [91980.0, 6340.0], [91982.5, 21880.0], [91992.5, 1800.0], [91995.0, 6000.0], [92002.5, 1800.0], [92005.0, 6000.0], [92015.0, 1800.0], [92020.0, 6000.0], [92027.5, 19970.0], [92030.0, 67300.0], [92037.5, 1800.0], [92040.0, 6000.0]]}}}
{"jsonrpc": "2.0", "method": "subscription", "params": {"channel": "book.BTC-7MAR25.none.20.100ms", "data": {"timestamp": 1741244262576, "change_id": 91247074661, "instrument_name": "BTC-7MAR25", "bids": [[91947.5, 2650.0], [91930.0, 3000.0], [91927.5, 6120.0], [91922.5, 3000.0], [91920.0, 11800.0], [91915.0, 6000.0], [91910.0, 2600.0], [91907.5, 4610.0], [91905.0, 17180.0], [91902.5, 6000.0], [91900.0, 20.0], [91895.0, 6530.0], [91892.5, 22500.0], [91887.5, 13740.0], [91885.0, 45800.0], [91882.5, 1800.0], [91880.0, 6000.0], [91872.5, 1840.0], [91870.0, 6000.0], [91862.5, 1800.0]], "asks": [[91950.0, 1200.0], [91955.0, 13830.0], [91957.5, 46090.0], [91960.0, 5000.0], [91962.5, 16560.0], [91965.0, 120.0], [91967.5, 4430.0], [91970.0, 16780.0], [91975.0, 2600.0], [91980.0, 1800.0], [91982.5, 6000.0], [91992.5, 1800.0], [91995.0, 6000.0], [91997.5, 600.0], [92000.0, 2000.0], [92002.5, 1800.0], [92005.0, 6000.0], [92007.5, 2600.0], [92015.0, 1800.0], [92020.0, 6000.0]]}}}
{"jsonrpc": "2.0", "method": "subscription", "params": {"channel": "book.BTC-14MAR25.none.20.100ms", "data": {"timestamp": 1741244262552, "change_id": 91247074616, "instrument_name": "BTC-14MAR25", "bids": [[92077.5, 2400.0], [92075.0, 6320.0], [92072.5, 2400.0], [92070.0, 3120.0], [92067.5, 2400.0], [92065.0, 5510.0], [92062.5, 6600.0], [92060.0, 13810.0], [92057.5, 2400.0], [92055.0, 29230.0], [92052.5, 87040.0], [92050.0, 15000.0], [92047.5, 50000.0], [92045.0, 1260.0], [92042.5, 4200.0], [92040.0, 2480.0], [92037.5, 10.0], [92030.0, 1260.0], [92027.5, 4200.0], [92020.0, 1280.0]], "asks": [[92080.0, 200.0], [92095.0, 3000.0], [92100.0, 10000.0], [92105.0, 1970.0], [92107.5, 6680.0], [92115.0, 1260.0], [92117.5, 28890.0], [92125.0, 1270.0], [92127.5, 4200.0], [92135.0, 1850.0], [92137.5, 6680.0], [92145.0, 1260.0], [92147.5, 4200.0], [92155.0, 1260.0], [92157.5, 4200.0], [92162.5, 600.0], [92165.0, 3270.0], [92167.5, 4220.0], [92175.0, 1260.0], [92177.5, 4200.0]]}}}
{"jsonrpc": "2.0", "method": "subscription", "params": {"channel": "book.BTC-7MAR25.none.20.100ms", "data": {"timestamp": 1741244262648, "change_id": 91247074820, "instrument_name": "BTC-7MAR25", "bids": [[91947.5, 2650.0], [91930.0, 3000.0], [91927.5, 6120.0], [91922.5, 3000.0], [91920.0, 11800.0], [91915.0, 6000.0], [91910.0, 2600.0], [91907.5, 4610.0], [91905.0, 17180.0], [91902.5, 6000.0], [91900.0, 20.0], [91895.0, 6530.0], [91892.5, 22500.0], [91887.5, 13740.0], [91885.0, 45800.0], [91882.5, 1800.0], [91880.0, 6000.0], [91872.5, 1840.0], [91870.0, 6000.0], [91862.5, 1800.0]], "asks": [[91950.0, 1200.0], [91955.0, 13830.0], [91957.5, 46090.0], [91960.0, 5000.0], [91962.5, 16560.0], [91965.0, 120.0], [91967.5, 4430.0], [91970.0, 16780.0], [91975.0, 2600.0], [91980.0, 1800.0], [91982.5, 6000.0], [91992.5, 1800.0], [91995.0, 6000.0], [91997.5, 600.0], [92000.0, 2000.0], [92002.5, 1800.0], [92005.0, 6000.0], [92007.5, 2600.0], [92015.0, 1800.0], [92020.0, 6000.0]]}}}
{"jsonrpc": "2.0", "method": "subscription", "params": {"channel": "book.BTC-14MAR25.none.20.100ms", "data": {"timestamp": 1741244262844, "change_id": 91247075044, "instrument_name": "BTC-14MAR25", "bids": [[92077.5, 2400.0], [92075.0, 5600.0], [92072.5, 2400.0], [92070.0, 720.0], [92067.5, 2400.0], [92065.0, 5510.0], [92062.5, 6600.0], [92060.0, 11410.0], [92052.5, 4200.0], [92050.0, 15000.0], [92047.5, 50000.0], [92045.0, 1260.0], [92042.5, 4200.0], [92040.0, 2480.0], [92037.5, 10.0], [92030.0, 1260.0], [92027.5, 4200.0], [92020.0, 3330.0], [92017.5, 11550.0], [92010.0, 1260.0]], "asks": [[92080.0, 200.0], [92100.0, 760.0], [92102.5, 2400.0], [92105.0, 1970.0], [92107.5, 6680.0], [92112.5, 10000.0], [92115.0, 1260.0], [92117.5, 28890.0], [92125.0, 1270.0], [92127.5, 4200.0], [92135.0, 1850.0], [92137.5, 6680.0], [92145.0, 1260.0], [92147.5, 4200.0], [92155.0, 1260.0], [92157.5, 4200.0], [92162.5, 600.0], [92165.0, 3270.0], [92167.5, 4220.0], [92175.0, 1260.0]]}}}
{"jsonrpc": "2.0", "method": "subscription", "params": {"channel": "book.BTC-14MAR25.none.20.100ms", "data": {"timestamp": 1741244263225, "change_id": 91247075624, "instrument_name": "BTC-14MAR25", "bids": [[92077.5, 2400.0], [92075.0, 5600.0], [92072.5, 2400.0], [92070.0, 720.0], [92067.5, 2400.0], [92065.0, 5510.0], [92062.5, 6600.0], [92060.0, 34680.0], [92057.5, 82850.0], [92052.5, 4200.0], [92050.0, 15000.0], [92047.5, 50000.0], [92045.0, 1260.0], [92042.5, 4200.0], [92040.0, 2480.0], [92037.5, 10.0], [92030.0, 1260.0], [92027.5, 4200.0], [92020.0, 3330.0], [92017.5, 11550.0]], "asks": [[92080.0, 200.0], [92100.0, 760.0], [92102.5, 2400.0], [92105.0, 1970.0], [92107.5, 6680.0], [92112.5, 10000.0], [92115.0, 1260.0], [92117.5, 28890.0], [92125.0, 1270.0], [92127.5, 4200.0], [92135.0, 1850.0], [92137.5, 6680.0], [92145.0, 1260.0], [92147.5, 4200.0], [92155.0, 1260.0], [92157.5, 4200.0], [92162.5, 600.0], [92165.0, 3270.0], [92167.5, 4220.0], [92175.0, 1260.0]]}}}
{"jsonrpc": "2.0", "method": "subscription", "params": {"channel": "book.BTC-7MAR25.none.20.100ms", "data": {"timestamp": 1741244263226, "change_id": 91247075625, "instrument_name": "BTC-7MAR25", "bids": [[91947.5, 2650.0], [91940.0, 1800.0], [91937.5, 6000.0], [91935.0, 720.0], [91932.5, 1200.0], [91930.0, 3000.0], [91927.5, 6120.0], [91922.5, 3000.0], [91920.0, 11800.0], [91917.5, 15370.0], [91915.0, 6000.0], [91910.0, 2600.0], [91905.0, 1810.0], [91902.5, 51800.0], [91900.0, 20.0], [91895.0, 6530.0], [91892.5, 22500.0], [91882.5, 1800.0], [91880.0, 6000.0], [91872.5, 1840.0]], "asks": [[91950.0, 1200.0], [91952.5, 1200.0], [91960.0, 5000.0], [91962.5, 16560.0], [91965.0, 120.0], [91967.5, 4430.0], [91970.0, 30510.0], [91972.5, 46090.0], [91975.0, 27430.0], [91977.5, 82770.0], [91980.0, 1800.0], [91982.5, 6000.0], [91992.5, 1800.0], [91995.0, 6000.0], [91997.5, 600.0], [92000.0, 2000.0], [92002.5, 1800.0], [92005.0, 6000.0], [92007.5, 2600.0], [92015.0, 1800.0]]}}}
{"jsonrpc": "2.0", "method": "subscription", "params": {"channel": "book.BTC-14MAR25.none.20.100ms", "data": {"timestamp": 1741244263407, "change_id": 91247075926, "instrument_name": "BTC-14MAR25", "bids": [[92077.5, 2400.0], [92075.0, 5600.0], [92072.5, 2400.0], [92070.0, 720.0], [92067.5, 2400.0], [92065.0, 5510.0], [92062.5, 6600.0], [92060.0, 34680.0], [92057.5, 82850.0], [92052.5, 4200.0], [92050.0, 15000.0], [92047.5, 50000.0], [92045.0, 1260.0], [92042.5, 4200.0], [92040.0, 2480.0], [92037.5, 10.0], [92030.0, 1260.0], [92027.5, 4200.0], [92020.0, 3330.0], [92017.5, 11550.0]], "asks": [[92080.0, 200.0], [92100.0, 760.0], [92102.5, 2400.0], [92105.0, 1970.0], [92107.5, 6680.0], [92112.5, 10000.0], [92115.0, 1260.0], [92117.5, 28890.0], [92125.0, 1270.0], [92127.5, 4200.0], [92135.0, 1850.0], [92137.5, 6680.0], [92145.0, 1260.0], [92147.5, 4200.0], [92155.0, 1260.0], [92157.5, 4200.0], [92162.5, 600.0], [92165.0, 3270.0], [92167.5, 4220.0], [92175.0, 1260.0]]}}}
{"jsonrpc": "2.0", "method": "subscription", "params": {"channel": "book.BTC-7MAR25.none.20.100ms", "data": {"timestamp": 1741244263515, "change_id": 91247075979, "instrument_name": "BTC-7MAR25", "bids": [[91947.5, 2650.0], [91935.0, 720.0], [91932.5, 1200.0], [91930.0, 3000.0], [91927.5, 6120.0], [91922.5, 3000.0], [91920.0, 11800.0], [91917.5, 15370.0], [91915.0, 6000.0], [91910.0, 2600.0], [91905.0, 15320.0], [91902.5, 51800.0], [91900.0, 20.0], [91895.0, 6530.0], [91892.5, 22500.0], [91882.5, 1800.0], [91880.0, 6000.0], [91872.5, 1840.0], [91870.0, 6000.0], [91862.5, 1800.0]], "asks": [[91950.0, 1200.0], [91952.5, 1200.0], [91960.0, 5000.0], [91962.5, 16560.0], [91965.0, 120.0], [91967.5, 4430.0], [91970.0, 30510.0], [91972.5, 46090.0], [91975.0, 27430.0], [91977.5, 82770.0], [91980.0, 1800.0], [91982.5, 6000.0], [91992.5, 1800.0], [91995.0, 6000.0], [91997.5, 600.0], [92000.0, 2000.0], [92002.5, 1800.0], [92005.0, 6780.0], [92007.5, 2600.0], [92015.0, 1800.0]]}}}
{"jsonrpc": "2.0", "method": "subscription", "params": {"channel": "book.BTC-7MAR25.none.20.100ms", "data": {"timestamp": 1741244263758, "change_id": 91247076226, "instrument_name": "BTC-7MAR25", "bids": [[91947.5, 2650.0], [91935.0, 720.0], [91932.5, 1200.0], [91930.0, 3000.0], [91927.5, 6120.0], [91922.5, 3000.0], [91920.0, 11800.0], [91917.5, 15370.0], [91915.0, 6000.0], [91910.0, 2600.0], [91905.0, 15320.0], [91902.5, 51800.0], [91900.0, 20.0], [91895.0, 6530.0], [91892.5, 22500.0], [91882.5, 1800.0], [91880.0, 6000.0], [91872.5, 1840.0], [91870.0, 6000.0], [91862.5, 1800.0]], "asks": [[91950.0, 1200.0], [91952.5, 1200.0], [91960.0, 5000.0], [91962.5, 16560.0], [91965.0, 120.0], [91967.5, 4430.0], [91970.0, 30510.0], [91972.5, 46090.0], [91975.0, 2600.0], [91980.0, 1800.0], [91982.5, 6000.0], [91992.5, 1800.0], [91995.0, 6000.0], [91997.5, 600.0], [92000.0, 2000.0], [92002.5, 1800.0], [92005.0, 6780.0], [92007.5, 2600.0], [92015.0, 1800.0], [92020.0, 6000.0]]}}}
{"jsonrpc": "2.0", "method": "subscription", "params": {"channel": "book.BTC-14MAR25.none.20.100ms", "data": {"timestamp": 1741244263803, "change_id": 91247076237, "instrument_name": "BTC-14MAR25", "bids": [[92077.5, 2400.0], [92075.0, 3200.0], [92072.5, 2400.0], [92070.0, 720.0], [92067.5, 2400.0], [92065.0, 5510.0], [92062.5, 6600.0], [92060.0, 34680.0], [92057.5, 82850.0], [92052.5, 4200.0], [92050.0, 15000.0], [92047.5, 50000.0], [92045.0, 1260.0], [92042.5, 4200.0], [92040.0, 2480.0], [92037.5, 10.0], [92030.0, 1260.0], [92027.5, 4200.0], [92020.0, 3330.0], [92017.5, 11550.0]], "asks": [[92080.0, 200.0], [92100.0, 760.0], [92102.5, 2400.0], [92105.0, 1970.0], [92107.5, 6680.0], [92112.5, 10000.0], [92115.0, 1260.0], [92117.5, 28890.0], [92125.0, 1270.0], [92127.5, 4200.0], [92135.0, 1850.0], [92137.5, 6680.0], [92145.0, 1260.0], [92147.5, 4200.0], [92155.0, 1260.0], [92157.5, 4200.0], [92162.5, 600.0], [92165.0, 3270.0], [92167.5, 4220.0], [92175.0, 1260.0]]}}}
{"jsonrpc": "2.0", "method": "subscription", "params": {"channel": "book.BTC-7MAR25.none.20.100ms", "data": {"timestamp": 1741244264059, "change_id": 91247076509, "instrument_name": "BTC-7MAR25", "bids": [[91947.5, 2640.0], [91935.0, 720.0], [91932.5, 1200.0], [91930.0, 3000.0], [91927.5, 6120.0], [91922.5, 3000.0], [91920.0, 11800.0], [91917.5, 15370.0], [91915.0, 6000.0], [91910.0, 2600.0], [91905.0, 15320.0], [91902.5, 51800.0], [91900.0, 20.0], [91895.0, 6530.0], [91892.5, 22500.0], [91882.5, 1800.0], [91880.0, 6000.0], [91872.5, 1840.0], [91870.0, 6000.0], [91862.5, 1800.0]], "asks": [[91957.5, 1200.0], [91960.0, 26800.0], [91962.5, 16560.0], [91965.0, 74840.0], [91967.5, 3000.0], [91970.0, 24510.0], [91972.5, 46090.0], [91975.0, 2600.0], [91980.0, 1800.0], [91982.5, 6000.0], [91992.5, 1800.0], [91995.0, 6000.0], [91997.5, 600.0], [92000.0, 2000.0], [92002.5, 1800.0], [92005.0, 6780.0], [92007.5, 2600.0], [92015.0, 1800.0], [92020.0, 6000.0], [92027.5, 19970.0]]}}}
{"jsonrpc": "2.0", "method": "subscription", "params": {"channel": "book.BTC-7MAR25.none.20.100ms", "data": {"timestamp": 1741244264478, "change_id": 91247077158, "instrument_name": "BTC-7MAR25", "bids": [[91947.5, 2640.0], [91935.0, 720.0], [91932.5, 1200.0], [91930.0, 3000.0], [91927.5, 6120.0], [91922.5, 3000.0], [91920.0, 11800.0], [91917.5, 15370.0], [91915.0, 6000.0], [91910.0, 2600.0], [91905.0, 15320.0], [91902.5, 51800.0], [91900.0, 20.0], [91895.0, 6530.0], [91892.5, 22500.0], [91882.5, 1800.0], [91880.0, 6000.0], [91872.5, 1840.0], [91870.0, 6000.0], [91862.5, 1800.0]], "asks": [[91952.5, 1210.0], [91957.5, 1200.0], [91960.0, 26800.0], [91962.5, 16560.0], [91965.0, 79640.0], [91967.5, 6000.0], [91970.0, 24510.0], [91972.5, 46090.0], [91975.0, 2600.0], [91980.0, 1800.0], [91982.5, 6000.0], [91992.5, 1800.0], [91995.0, 6000.0], [91997.5, 600.0], [92000.0, 2000.0], [92002.5, 1800.0], [92005.0, 6780.0], [92007.5, 2600.0], [92015.0, 1800.0], [92020.0, 6000.0]]}}}
{"jsonrpc": "2.0", "method": "subscription", "params": {"channel": "book.BTC-7MAR25.none.20.100ms", "data": {"timestamp": 1741244264838, "change_id": 91247077578, "instrument_name": "BTC-7MAR25", "bids": [[91947.5, 40.0], [91940.0, 2600.0], [91935.0, 720.0], [91932.5, 1200.0], [91930.0, 3000.0], [91927.5, 6120.0], [91922.5, 3000.0], [91920.0, 16190.0], [91917.5, 15370.0], [91915.0, 6000.0], [91910.0, 2600.0], [91905.0, 15320.0], [91902.5, 51800.0], [91900.0, 20.0], [91895.0, 6530.0], [91892.5, 22500.0], [91882.5, 1800.0], [91880.0, 6000.0], [91872.5, 1840.0], [91870.0, 6000.0]], "asks": [[91950.0, 1210.0], [91952.5, 1200.0], [91957.5, 1200.0], [91960.0, 26800.0], [91962.5, 16560.0], [91965.0, 79640.0], [91967.5, 8600.0], [91970.0, 24510.0], [91972.5, 46090.0], [91980.0, 1800.0], [91982.5, 6000.0], [91992.5, 1800.0], [91995.0, 6000.0], [91997.5, 600.0], [92000.0, 2000.0], [92002.5, 1800.0], [92005.0, 6780.0], [92007.5, 2600.0], [92015.0, 1800.0], [92020.0, 6000.0]]}}}
{"jsonrpc": "2.0", "method": "subscription", "params": {"channel": "book.BTC-14MAR25.none.20.100ms", "data": {"timestamp": 1741244264838, "change_id": 91247077577, "instrument_name": "BTC-14MAR25", "bids": [[92077.5, 2400.0], [92075.0, 720.0], [92072.5, 2400.0], [92070.0, 1410.0], [92067.5, 4880.0], [92065.0, 5510.0], [92062.5, 6600.0], [92060.0, 34680.0], [92057.5, 82850.0], [92055.0, 1260.0], [92052.5, 4200.0], [92050.0, 15000.0], [92047.5, 50000.0], [92045.0, 1260.0], [92042.5, 4200.0], [92040.0, 2480.0], [92037.5, 10.0], [92030.0, 1260.0], [92027.5, 4200.0], [92020.0, 3330.0]], "asks": [[92080.0, 200.0], [92097.5, 740.0], [92100.0, 3240.0], [92102.5, 2400.0], [92105.0, 1380.0], [92107.5, 4200.0], [92112.5, 10000.0], [92115.0, 8510.0], [92117.5, 28890.0], [92125.0, 1270.0], [92127.5, 4200.0], [92135.0, 1850.0], [92137.5, 6680.0], [92145.0, 1260.0], [92147.5, 4200.0], [92155.0, 1260.0], [92157.5, 4200.0], [92162.5, 600.0], [92165.0, 3270.0], [92167.5, 4220.0]]}}}
{"jsonrpc": "2.0", "method": "subscription", "params": {"channel": "book.BTC-14MAR25.none.20.100ms", "data": {"timestamp": 1741244265123, "change_id": 91247077851, "instrument_name": "BTC-14MAR25", "bids": [[92072.5, 2400.0], [92070.0, 1410.0], [92067.5, 4880.0], [92065.0, 3840.0], [92062.5, 6600.0], [92060.0, 34680.0], [92057.5, 82850.0], [92055.0, 1260.0], [92052.5, 4200.0], [92050.0, 15000.0], [92047.5, 50000.0], [92045.0, 1260.0], [92042.5, 4200.0], [92040.0, 2480.0], [92037.5, 10.0], [92030.0, 1260.0], [92027.5, 4200.0], [92020.0, 3330.0], [92017.5, 11550.0], [92010.0, 1260.0]], "asks": [[92080.0, 200.0], [92097.5, 740.0], [92100.0, 3240.0], [92102.5, 2400.0], [92105.0, 1380.0], [92107.5, 4200.0], [92112.5, 10000.0], [92115.0, 8510.0], [92117.5, 28890.0], [92125.0, 1270.0], [92127.5, 4200.0], [92135.0, 1850.0], [92137.5, 6680.0], [92145.0, 1260.0], [92147.5, 4200.0], [92155.0, 1260.0], [92157.5, 4200.0], [92162.5, 600.0], [92165.0, 3270.0], [92167.5, 4220.0]]}}}
{"jsonrpc": "2.0", "method": "subscription", "params": {"channel": "book.BTC-7MAR25.none.20.100ms", "data": {"timestamp": 1741244264904, "change_id": 91247077622, "instrument_name": "BTC-7MAR25", "bids": [[91947.5, 40.0], [91940.0, 2600.0], [91935.0, 720.0], [91932.5, 1200.0], [91930.0, 3000.0], [91927.5, 6120.0], [91922.5, 3000.0], [91920.0, 16190.0], [91917.5, 15370.0], [91915.0, 6000.0], [91910.0, 2600.0], [91905.0, 15320.0], [91902.5, 51800.0], [91900.0, 20.0], [91895.0, 6530.0], [91892.5, 22500.0], [91882.5, 1800.0], [91880.0, 6000.0], [91872.5, 1840.0], [91870.0, 6000.0]], "asks": [[91950.0, 1210.0], [91957.5, 1200.0], [91960.0, 26800.0], [91962.5, 16560.0], [91965.0, 79640.0], [91967.5, 8600.0], [91970.0, 24510.0], [91972.5, 46090.0], [91980.0, 1800.0], [91982.5, 6000.0], [91992.5, 1800.0], [91995.0, 6000.0], [91997.5, 600.0], [92000.0, 2000.0], [92002.5, 1800.0], [92005.0, 6780.0], [92007.5, 2600.0], [92015.0, 1800.0], [92020.0, 6000.0], [92027.5, 19970.0]]}}}
{"jsonrpc": "2.0", "method": "subscription", "params": {"channel": "book.BTC-7MAR25.none.20.100ms", "data": {"timestamp": 1741244265530, "change_id": 91247078599, "instrument_name": "BTC-7MAR25", "bids": [[91947.5, 50.0], [91940.0, 2600.0], [91935.0, 720.0], [91932.5, 1200.0], [91930.0, 3000.0], [91927.5, 6120.0], [91922.5, 3000.0], [91920.0, 16190.0], [91917.5, 15370.0], [91915.0, 6000.0], [91910.0, 2600.0], [91905.0, 15320.0], [91902.5, 51800.0], [91900.0, 20.0], [91895.0, 6530.0], [91892.5, 22500.0], [91882.5, 1800.0], [91880.0, 6000.0], [91872.5, 1840.0], [91870.0, 6000.0]], "asks": [[91950.0, 1200.0], [91957.5, 1200.0], [91960.0, 26800.0], [91962.5, 16560.0], [91965.0, 79640.0], [91967.5, 8600.0], [91970.0, 24510.0], [91972.5, 46090.0], [91980.0, 1800.0], [91982.5, 6000.0], [91992.5, 1800.0], [91995.0, 6000.0], [91997.5, 600.0], [92000.0, 2000.0], [92002.5, 1800.0], [92005.0, 6780.0], [92007.5, 2600.0], [92015.0, 1800.0], [92020.0, 6000.0], [92027.5, 19970.0]]}}}
{"jsonrpc": "2.0", "method": "subscription", "params": {"channel": "book.BTC-7MAR25.none.20.100ms", "data": {"timestamp": 1741244265894, "change_id": 91247078965, "instrument_name": "BTC-7MAR25", "bids": [[91947.5, 50.0], [91940.0, 2600.0], [91935.0, 720.0], [91932.5, 1200.0], [91930.0, 3000.0], [91927.5, 6120.0], [91922.5, 3000.0], [91920.0, 16190.0], [91917.5, 15370.0], [91915.0, 6000.0], [91912.5, 780.0], [91910.0, 2600.0], [91905.0, 15320.0], [91902.5, 51800.0], [91900.0, 20.0], [91895.0, 6530.0], [91892.5, 22500.0], [91882.5, 1800.0], [91880.0, 6000.0], [91872.5, 1840.0]], "asks": [[91957.5, 1200.0], [91960.0, 26800.0], [91962.5, 16560.0], [91965.0, 79640.0], [91967.5, 2600.0], [91970.0, 24510.0], [91972.5, 46090.0], [91980.0, 1800.0], [91982.5, 6000.0], [91992.5, 1800.0], [91995.0, 6000.0], [91997.5, 600.0], [92000.0, 2000.0], [92002.5, 1800.0], [92005.0, 6780.0], [92007.5, 2600.0], [92015.0, 1800.0], [92020.0, 6000.0], [92027.5, 19970.0], [92030.0, 67300.0]]}}}
{"jsonrpc": "2.0", "method": "subscription", "params": {"channel": "book.BTC-14MAR25.none.20.100ms", "data": {"timestamp": 1741244265767, "change_id": 91247078824, "instrument_name": "BTC-14MAR25", "bids": [[92075.0, 3120.0], [92072.5, 2400.0], [92070.0, 1410.0], [92067.5, 4880.0], [92065.0, 3840.0], [92062.5, 6600.0], [92060.0, 34680.0], [92057.5, 82850.0], [92055.0, 1260.0], [92052.5, 4200.0], [92050.0, 15000.0], [92047.5, 50000.0], [92045.0, 1260.0], [92042.5, 4200.0], [92040.0, 2480.0], [92037.5, 10.0], [92030.0, 1260.0], [92027.5, 4200.0], [92020.0, 3330.0], [92017.5, 11550.0]], "asks": [[92080.0, 200.0], [92092.5, 720.0], [92095.0, 2400.0], [92097.5, 740.0], [92100.0, 3240.0], [92102.5, 2400.0], [92105.0, 1380.0], [92107.5, 4200.0], [92112.5, 10000.0], [92115.0, 8510.0], [92117.5, 28890.0], [92125.0, 1270.0], [92127.5, 4200.0], [92135.0, 1850.0], [92137.5, 6680.0], [92145.0, 1260.0], [92147.5, 4200.0], [92155.0, 1260.0], [92157.5, 4200.0], [92162.5, 600.0]]}}}
{"jsonrpc": "2.0", "method": "subscription", "params": {"channel": "book.BTC-7MAR25.none.20.100ms", "data": {"timestamp": 1741244266215, "change_id": 91247079697, "instrument_name": "BTC-7MAR25", "bids": [[91947.5, 40.0], [91940.0, 2600.0], [91935.0, 720.0], [91932.5, 1200.0], [91930.0, 3000.0], [91927.5, 6120.0], [91922.5, 7240.0], [91920.0, 27170.0], [91915.0, 6000.0], [91912.5, 780.0], [91910.0, 2600.0], [91905.0, 15320.0], [91902.5, 51800.0], [91900.0, 20.0], [91895.0, 6530.0], [91892.5, 22500.0], [91882.5, 1800.0], [91880.0, 6000.0], [91872.5, 1840.0], [91870.0, 6000.0]], "asks": [[91950.0, 1210.0], [91952.5, 1200.0], [91957.5, 1200.0], [91960.0, 26800.0], [91962.5, 16560.0], [91965.0, 79640.0], [91967.5, 2600.0], [91970.0, 24510.0], [91972.5, 46090.0], [91980.0, 1800.0], [91982.5, 6000.0], [91992.5, 1800.0], [91995.0, 6000.0], [91997.5, 600.0], [92000.0, 2000.0], [92002.5, 1800.0], [92005.0, 6780.0], [92007.5, 2600.0], [92015.0, 1800.0], [92020.0, 6000.0]]}}}
{"jsonrpc": "2.0", "method": "subscription", "params": {"channel": "book.BTC-14MAR25.none.20.100ms", "data": {"timestamp": 1741244265957, "change_id": 91247079102, "instrument_name": "BTC-14MAR25", "bids": [[92072.5, 2400.0], [92070.0, 1410.0], [92067.5, 4880.0], [92065.0, 3840.0], [92062.5, 6600.0], [92060.0, 34680.0], [92057.5, 82850.0], [92055.0, 1260.0], [92052.5, 4200.0], [92050.0, 15000.0], [92047.5, 50000.0], [92045.0, 1850.0], [92042.5, 4200.0], [92040.0, 2480.0], [92037.5, 10.0], [92030.0, 1260.0], [92027.5, 4200.0], [92020.0, 3330.0], [92017.5, 11550.0], [92010.0, 1260.0]], "asks": [[92080.0, 200.0], [92092.5, 720.0], [92095.0, 2400.0], [92097.5, 740.0], [92100.0, 3240.0], [92102.5, 2400.0], [92105.0, 1380.0], [92107.5, 4200.0], [92110.0, 3000.0], [92112.5, 10000.0], [92115.0, 8510.0], [92117.5, 28890.0], [92125.0, 1270.0], [92127.5, 4200.0], [92135.0, 1850.0], [92137.5, 6680.0], [92145.0, 1260.0], [92147.5, 4200.0], [92155.0, 1260.0], [92157.5, 4200.0]]}}}
{"jsonrpc": "2.0", "method": "subscription", "params": {"channel": "book.BTC-14MAR25.none.20.100ms", "data": {"timestamp": 1741244266489, "change_id": 91247080003, "instrument_name": "BTC-14MAR25", "bids": [[92075.0, 3120.0], [92072.5, 2400.0], [92070.0, 1410.0], [92067.5, 4880.0], [92065.0, 3840.0], [92062.5, 6600.0], [92060.0, 34680.0], [92057.5, 82850.0], [92055.0, 1260.0], [92052.5, 4200.0], [92050.0, 15000.0], [92047.5, 50000.0], [92045.0, 1850.0], [92042.5, 4200.0], [92040.0, 2480.0], [92037.5, 10.0], [92030.0, 1260.0], [92027.5, 4200.0], [92020.0, 3330.0], [92017.5, 11550.0]], "asks": [[92080.0, 200.0], [92092.5, 720.0], [92095.0, 2400.0], [92097.5, 740.0], [92100.0, 3240.0], [92102.5, 2400.0], [92105.0, 1380.0], [92107.5, 4200.0], [92110.0, 3000.0], [92112.5, 10000.0], [92115.0, 8510.0], [92117.5, 28890.0], [92125.0, 1270.0], [92127.5, 4200.0], [92135.0, 1850.0], [92137.5, 6680.0], [92145.0, 1260.0], [92147.5, 4200.0], [92155.0, 1260.0], [92157.5, 4200.0]]}}}
{"jsonrpc": "2.0", "method": "subscription", "params": {"channel": "book.BTC-7MAR25.none.20.100ms", "data": {"timestamp": 1741244266532, "change_id": 91247080118, "instrument_name": "BTC-7MAR25", "bids": [[91947.5, 50.0], [91940.0, 2600.0], [91935.0, 720.0], [91932.5, 1200.0], [91930.0, 3000.0], [91927.5, 6120.0], [91922.5, 7240.0], [91920.0, 27170.0], [91915.0, 6000.0], [91912.5, 780.0], [91910.0, 2600.0], [91905.0, 15320.0], [91902.5, 51800.0], [91900.0, 20.0], [91895.0, 6530.0], [91892.5, 22500.0], [91882.5, 1800.0], [91880.0, 6000.0], [91872.5, 1840.0], [91870.0, 6000.0]], "asks": [[91950.0, 1200.0], [91952.5, 1200.0], [91957.5, 1200.0], [91960.0, 26800.0], [91962.5, 16560.0], [91965.0, 79640.0], [91967.5, 2600.0], [91970.0, 24510.0], [91972.5, 46090.0], [91980.0, 1800.0], [91982.5, 6000.0], [91992.5, 1800.0], [91995.0, 6000.0], [91997.5, 600.0], [92000.0, 2000.0], [92002.5, 1800.0], [92005.0, 6780.0], [92007.5, 2600.0], [92015.0, 1800.0], [92020.0, 6000.0]]}}}
{"jsonrpc": "2.0", "method": "subscription", "params": {"channel": "book.BTC-7MAR25.none.20.100ms", "data": {"timestamp": 1741244266883, "change_id": 91247080388, "instrument_name": "BTC-7MAR25", "bids": [[91947.5, 50.0], [91940.0, 2600.0], [91935.0, 720.0], [91932.5, 1200.0], [91930.0, 3000.0], [91927.5, 6120.0], [91925.0, 1200.0], [91922.5, 7240.0], [91920.0, 27170.0], [91915.0, 6000.0], [91912.5, 780.0], [91910.0, 2600.0], [91905.0, 15320.0], [91902.5, 51800.0], [91900.0, 20.0], [91895.0, 6530.0], [91892.5, 22500.0], [91882.5, 1800.0], [91880.0, 6000.0], [91872.5, 1840.0]], "asks": [[91950.0, 1200.0], [91955.0, 720.0], [91957.5, 1200.0], [91960.0, 28000.0], [91962.5, 16560.0], [91965.0, 79640.0], [91967.5, 2600.0], [91970.0, 24510.0], [91972.5, 46090.0], [91980.0, 1800.0], [91982.5, 6000.0], [91992.5, 1800.0], [91995.0, 6000.0], [91997.5, 600.0], [92000.0, 2000.0], [92002.5, 1800.0], [92005.0, 6780.0], [92007.5, 2600.0], [92015.0, 1800.0], [92020.0, 6000.0]]}}}
{"jsonrpc": "2.0", "method": "subscription", "params": {"channel": "book.BTC-14MAR25.none.20.100ms", "data": {"timestamp": 1741244266754, "change_id": 91247080255, "instrument_name": "BTC-14MAR25", "bids": [[92075.0, 3120.0], [92072.5, 2400.0], [92070.0, 1410.0], [92067.5, 4880.0], [92065.0, 3840.0], [92062.5, 6600.0], [92060.0, 34680.0], [92057.5, 82850.0], [92055.0, 1260.0], [92052.5, 4200.0], [92050.0, 15000.0], [92047.5, 50000.0], [92045.0, 1850.0], [92042.5, 4200.0], [92040.0, 2480.0], [92037.5, 10.0], [92030.0, 1260.0], [92027.5, 4200.0], [92020.0, 3330.0], [92017.5, 11550.0]], "asks": [[92080.0, 2600.0], [92092.5, 720.0], [92095.0, 2400.0], [92097.5, 740.0], [92100.0, 3240.0], [92102.5, 2400.0], [92105.0, 1380.0], [92107.5, 4200.0], [92110.0, 3000.0], [92112.5, 10000.0], [92115.0, 8510.0], [92117.5, 28890.0], [92125.0, 1270.0], [92127.5, 4200.0], [92135.0, 1850.0], [92137.5, 6680.0], [92145.0, 1260.0], [92147.5, 4200.0], [92155.0, 1260.0], [92157.5, 4200.0]]}}}
{"jsonrpc": "2.0", "method": "subscription", "params": {"channel": "book.BTC-7MAR25.none.20.100ms", "data": {"timestamp": 1741244267202, "change_id": 91247080754, "instrument_name": "BTC-7MAR25", "bids": [[91947.5, 50.0], [91940.0, 4400.0], [91937.5, 6000.0], [91935.0, 720.0], [91932.5, 1200.0], [91930.0, 3000.0], [91927.5, 6120.0], [91925.0, 1200.0], [91922.5, 7240.0], [91920.0, 27170.0], [91915.0, 6000.0], [91912.5, 780.0], [91910.0, 2600.0], [91905.0, 15320.0], [91902.5, 51800.0], [91900.0, 20.0], [91895.0, 6530.0], [91892.5, 22500.0], [91882.5, 1800.0], [91880.0, 6000.0]], "asks": [[91950.0, 1200.0], [91957.5, 1200.0], [91960.0, 26800.0], [91962.5, 16560.0], [91965.0, 79640.0], [91967.5, 2600.0], [91970.0, 24510.0], [91972.5, 46090.0], [91980.0, 1800.0], [91982.5, 6000.0], [91992.5, 1800.0], [91995.0, 6000.0], [91997.5, 600.0], [92000.0, 2000.0], [92002.5, 1800.0], [92005.0, 6780.0], [92007.5, 2600.0], [92015.0, 1800.0], [92020.0, 6000.0], [92027.5, 19970.0]]}}}
{"jsonrpc": "2.0", "method": "subscription", "params": {"channel": "book.BTC-14MAR25.none.20.100ms", "data": {"timestamp": 1741244267200, "change_id": 91247080752, "instrument_name": "BTC-14MAR25", "bids": [[92075.0, 7320.0], [92072.5, 2400.0], [92070.0, 1410.0], [92067.5, 4880.0], [92065.0, 3840.0], [92062.5, 6600.0], [92060.0, 34680.0], [92057.5, 82850.0], [92055.0, 1260.0], [92052.5, 4200.0], [92050.0, 15000.0], [92047.5, 50000.0], [92045.0, 1850.0], [92042.5, 4200.0], [92040.0, 2480.0], [92037.5, 10.0], [92030.0, 1260.0], [92027.5, 4200.0], [92020.0, 3330.0], [92017.5, 11550.0]], "asks": [[92080.0, 200.0], [92092.5, 720.0], [92095.0, 2400.0], [92097.5, 740.0], [92100.0, 3240.0], [92102.5, 2400.0], [92105.0, 1380.0], [92107.5, 4200.0], [92110.0, 3000.0], [92112.5, 10000.0], [92115.0, 8510.0], [92117.5, 28890.0], [92125.0, 1270.0], [92127.5, 4200.0], [92135.0, 1850.0], [92137.5, 6680.0], [92145.0, 1260.0], [92147.5, 4200.0], [92155.0, 1260.0], [92157.5, 4200.0]]}}}
{"jsonrpc": "2.0", "method": "subscription", "params": {"channel": "book.BTC-7MAR25.none.20.100ms", "data": {"timestamp": 1741244267351, "change_id": 91247081212, "instrument_name": "BTC-7MAR25", "bids": [[91947.5, 6050.0], [91942.5, 780.0], [91940.0, 4400.0], [91937.5, 6000.0], [91935.0, 720.0], [91932.5, 1200.0], [91930.0, 3000.0], [91927.5, 6120.0], [91925.0, 1200.0], [91922.5, 7240.0], [91920.0, 27170.0], [91915.0, 6000.0], [91912.5, 780.0], [91910.0, 2600.0], [91905.0, 15320.0], [91902.5, 51800.0], [91900.0, 20.0], [91895.0, 6530.0], [91892.5, 22500.0], [91882.5, 1800.0]], "asks": [[91950.0, 1200.0], [91957.5, 1200.0], [91960.0, 26800.0], [91962.5, 16560.0], [91965.0, 79640.0], [91967.5, 2600.0], [91970.0, 24510.0], [91972.5, 46090.0], [91980.0, 1800.0], [91982.5, 6000.0], [91992.5, 1800.0], [91995.0, 6000.0], [91997.5, 600.0], [92000.0, 2000.0], [92002.5, 1800.0], [92005.0, 6780.0], [92007.5, 2600.0], [92015.0, 1800.0], [92020.0, 6000.0], [92027.5, 19970.0]]}}}
{"jsonrpc": "2.0", "method": "subscription", "params": {"channel": "book.BTC-7MAR25.none.20.100ms", "data": {"timestamp": 1741244267872, "change_id": 91247081620, "instrument_name": "BTC-7MAR25", "bids": [[91952.5, 10.0], [91947.5, 40.0], [91942.5, 780.0], [91940.0, 4400.0], [91937.5, 6000.0], [91935.0, 720.0], [91932.5, 1200.0], [91930.0, 3000.0], [91927.5, 6120.0], [91925.0, 1200.0], [91922.5, 7240.0], [91920.0, 27170.0], [91915.0, 6000.0], [91912.5, 780.0], [91910.0, 2600.0], [91905.0, 15320.0], [91902.5, 51800.0], [91900.0, 20.0], [91895.0, 6530.0], [91892.5, 22500.0]], "asks": [[91957.5, 1200.0], [91960.0, 26800.0], [91962.5, 16560.0], [91965.0, 79640.0], [91967.5, 2600.0], [91970.0, 24510.0], [91972.5, 46090.0], [91980.0, 1800.0], [91982.5, 6000.0], [91992.5, 1800.0], [91995.0, 6000.0], [91997.5, 600.0], [92000.0, 2000.0], [92002.5, 1800.0], [92005.0, 6780.0], [92007.5, 2600.0], [92015.0, 1800.0], [92020.0, 6000.0], [92027.5, 19970.0], [92030.0, 67300.0]]}}}
{"jsonrpc": "2.0", "method": "subscription", "params": {"channel": "book.BTC-14MAR25.none.20.100ms", "data": {"timestamp": 1741244267759, "change_id": 91247081519, "instrument_name": "BTC-14MAR25", "bids": [[92075.0, 720.0], [92072.5, 2400.0], [92070.0, 1410.0], [92067.5, 4880.0], [92065.0, 3840.0], [92062.5, 6600.0], [92060.0, 34680.0], [92057.5, 82850.0], [92055.0, 1260.0], [92052.5, 4200.0], [92050.0, 15000.0], [92047.5, 50000.0], [92045.0, 1850.0], [92042.5, 4200.0], [92040.0, 2480.0], [92037.5, 10.0], [92030.0, 1260.0], [92027.5, 4200.0], [92020.0, 3330.0], [92017.5, 11550.0]], "asks": [[92080.0, 200.0], [92092.5, 720.0], [92095.0, 3860.0], [92097.5, 2400.0], [92100.0, 3240.0], [92102.5, 2400.0], [92105.0, 1380.0], [92107.5, 4200.0], [92110.0, 3000.0], [92112.5, 10000.0], [92115.0, 8510.0], [92117.5, 28890.0], [92125.0, 1270.0], [92127.5, 4200.0], [92135.0, 1850.0], [92137.5, 6680.0], [92145.0, 1260.0], [92147.5, 4200.0], [92155.0, 1260.0], [92157.5, 4200.0]]}}}
{"jsonrpc": "2.0", "method": "subscription", "params": {"channel": "book.BTC-7MAR25.none.20.100ms", "data": {"timestamp": 1741244268085, "change_id": 91247081775, "instrument_name": "BTC-7MAR25", "bids": [[91952.5, 10.0], [91947.5, 40.0], [91942.5, 780.0], [91940.0, 2600.0], [91935.0, 720.0], [91932.5, 1200.0], [91930.0, 3000.0], [91927.5, 6120.0], [91925.0, 1200.0], [91922.5, 3000.0], [91920.0, 11800.0], [91917.5, 15370.0], [91915.0, 6000.0], [91912.5, 780.0], [91910.0, 2600.0], [91905.0, 15320.0], [91902.5, 6000.0], [91900.0, 45820.0], [91895.0, 6530.0], [91892.5, 22500.0]], "asks": [[91955.0, 1200.0], [91957.5, 1200.0], [91960.0, 26800.0], [91962.5, 16560.0], [91965.0, 79640.0], [91967.5, 2600.0], [91970.0, 24510.0], [91972.5, 46090.0], [91980.0, 1800.0], [91982.5, 6000.0], [91992.5, 1800.0], [91995.0, 6000.0], [91997.5, 600.0], [92000.0, 2000.0], [92002.5, 1800.0], [92005.0, 6780.0], [92007.5, 2600.0], [92015.0, 1800.0], [92020.0, 6000.0], [92027.5, 19970.0]]}}}
{"jsonrpc": "2.0", "method": "subscription", "params": {"channel": "book.BTC-7MAR25.none.20.100ms", "data": {"timestamp": 1741244268498, "change_id": 91247082476, "instrument_name": "BTC-7MAR25", "bids": [[91947.5, 40.0], [91942.5, 780.0], [91940.0, 4400.0], [91937.5, 6000.0], [91935.0, 720.0], [91932.5, 1200.0], [91930.0, 3000.0], [91927.5, 6120.0], [91925.0, 1200.0], [91922.5, 3000.0], [91920.0, 11800.0], [91917.5, 15370.0], [91915.0, 6000.0], [91912.5, 780.0], [91910.0, 2600.0], [91905.0, 15320.0], [91902.5, 6000.0], [91900.0, 45820.0], [91895.0, 6530.0], [91892.5, 22500.0]], "asks": [[91955.0, 1200.0], [91957.5, 1200.0], [91960.0, 26800.0], [91965.0, 82710.0], [91967.5, 18230.0], [91970.0, 24510.0], [91972.5, 46090.0], [91980.0, 1800.0], [91982.5, 6000.0], [91992.5, 1800.0], [91995.0, 6000.0], [91997.5, 600.0], [92000.0, 2000.0], [92002.5, 1800.0], [92005.0, 6780.0], [92007.5, 2600.0], [92015.0, 1800.0], [92020.0, 6000.0], [92027.5, 19970.0], [92030.0, 67300.0]]}}}
{"jsonrpc": "2.0", "method": "subscription", "params": {"channel": "book.BTC-14MAR25.none.20.100ms", "data": {"timestamp": 1741244268512, "change_id": 91247082480, "instrument_name": "BTC-14MAR25", "bids": [[92075.0, 720.0], [92072.5, 2400.0], [92070.0, 1410.0], [92067.5, 4880.0], [92065.0, 3840.0], [92062.5, 6600.0], [92060.0, 34680.0], [92057.5, 82850.0], [92055.0, 1260.0], [92052.5, 4200.0], [92050.0, 15000.0], [92047.5, 50000.0], [92045.0, 1850.0], [92042.5, 4200.0], [92040.0, 9930.0], [92037.5, 24820.0], [92030.0, 1260.0], [92027.5, 4200.0], [92020.0, 3330.0], [92017.5, 11550.0]], "asks": [[92080.0, 200.0], [92092.5, 720.0], [92095.0, 3860.0], [92097.5, 2400.0], [92100.0, 3240.0], [92102.5, 2400.0], [92105.0, 1380.0], [92107.5, 4200.0], [92110.0, 3000.0], [92112.5, 10000.0], [92115.0, 8190.0], [92117.5, 4200.0], [92120.0, 23610.0], [92125.0, 1270.0], [92127.5, 4200.0], [92135.0, 1850.0], [92137.5, 6680.0], [92145.0, 1260.0], [92147.5, 4200.0], [92155.0, 1260.0]]}}}
{"jsonrpc": "2.0", "method": "subscription", "params": {"channel": "book.BTC-7MAR25.none.20.100ms", "data": {"timestamp": 1741244268860, "change_id": 91247082831, "instrument_name": "BTC-7MAR25", "bids": [[91952.5, 10.0], [91947.5, 40.0], [91945.0, 1200.0], [91942.5, 780.0], [91940.0, 4400.0], [91937.5, 6000.0], [91935.0, 720.0], [91932.5, 1200.0], [91930.0, 3000.0], [91927.5, 6120.0], [91925.0, 1200.0], [91922.5, 3000.0], [91920.0, 11800.0], [91917.5, 15370.0], [91915.0, 6000.0], [91912.5, 780.0], [91910.0, 2600.0], [91905.0, 15320.0], [91902.5, 6000.0], [91900.0, 45820.0]], "asks": [[91955.0, 1200.0], [91957.5, 1200.0], [91960.0, 26800.0], [91965.0, 82710.0], [91967.5, 18230.0], [91970.0, 24510.0], [91972.5, 46090.0], [91980.0, 1800.0], [91982.5, 6000.0], [91992.5, 1800.0], [91995.0, 6000.0], [91997.5, 600.0], [92000.0, 2000.0], [92002.5, 1800.0], [92005.0, 6780.0], [92007.5, 2600.0], [92015.0, 1800.0], [92020.0, 6000.0], [92027.5, 19970.0], [92030.0, 67300.0]]}}}
{"jsonrpc": "2.0", "method": "subscription", "params": {"channel": "book.BTC-14MAR25.none.20.100ms", "data": {"timestamp": 1741244268834, "change_id": 91247082822, "instrument_name": "BTC-14MAR25", "bids": [[92077.5, 2400.0], [92075.0, 7320.0], [92072.5, 2400.0], [92070.0, 2040.0], [92067.5, 4880.0], [92065.0, 6240.0], [92062.5, 6600.0], [92060.0, 34680.0], [92057.5, 82850.0], [92055.0, 1260.0], [92052.5, 4200.0], [92050.0, 15000.0], [92047.5, 50000.0], [92045.0, 1850.0], [92042.5, 4200.0], [92040.0, 9930.0], [92037.5, 24820.0], [92030.0, 1260.0], [92027.5, 4200.0], [92020.0, 3330.0]], "asks": [[92080.0, 200.0], [92095.0, 1460.0], [92097.5, 2400.0], [92100.0, 3240.0], [92102.5, 2400.0], [92105.0, 1380.0], [92107.5, 4200.0], [92110.0, 3000.0], [92112.5, 10000.0], [92115.0, 8190.0], [92117.5, 4200.0], [92120.0, 23610.0], [92125.0, 1270.0], [92127.5, 4200.0], [92135.0, 1850.0], [92137.5, 6680.0], [92145.0, 1260.0], [92147.5, 4200.0], [92155.0, 1260.0], [92157.5, 4200.0]]}}}
{"jsonrpc": "2.0", "method": "subscription", "params": {"channel": "book.BTC-14MAR25.none.20.100ms", "data": {"timestamp": 1741244268946, "change_id": 91247082934, "instrument_name": "BTC-14MAR25", "bids": [[92077.5, 2400.0], [92075.0, 3120.0], [92072.5, 2400.0], [92070.0, 2040.0], [92067.5, 4880.0], [92065.0, 6240.0], [92062.5, 6600.0], [92060.0, 34680.0], [92057.5, 82850.0], [92055.0, 1260.0], [92052.5, 4200.0], [92050.0, 15000.0], [92047.5, 50000.0], [92045.0, 1850.0], [92042.5, 4200.0], [92040.0, 9930.0], [92037.5, 24820.0], [92030.0, 1260.0], [92027.5, 4200.0], [92020.0, 3330.0]], "asks": [[92080.0, 200.0], [92095.0, 1460.0], [92097.5, 2400.0], [92100.0, 3240.0], [92102.5, 2400.0], [92105.0, 1380.0], [92107.5, 4200.0], [92110.0, 3000.0], [92112.5, 10000.0], [92115.0, 8190.0], [92117.5, 4200.0], [92120.0, 23610.0], [92125.0, 1270.0], [92127.5, 4200.0], [92135.0, 1850.0], [92137.5, 6680.0], [92145.0, 1260.0], [92147.5, 4200.0], [92155.0, 1260.0], [92157.5, 4200.0]]}}}
{"jsonrpc": "2.0", "method": "subscription", "params": {"channel": "book.BTC-7MAR25.none.20.100ms", "data": {"timestamp": 1741244269176, "change_id": 91247083137, "instrument_name": "BTC-7MAR25", "bids": [[91947.5, 40.0], [91942.5, 780.0], [91940.0, 4400.0], [91937.5, 6000.0], [91935.0, 720.0], [91932.5, 1200.0], [91930.0, 3000.0], [91927.5, 6120.0], [91922.5, 3000.0], [91920.0, 11800.0], [91917.5, 15370.0], [91915.0, 6000.0], [91912.5, 780.0], [91910.0, 2600.0], [91905.0, 15320.0], [91902.5, 6000.0], [91900.0, 45820.0], [91895.0, 6530.0], [91892.5, 22500.0], [91882.5, 1800.0]], "asks": [[91955.0, 1210.0], [91957.5, 1200.0], [91960.0, 26800.0], [91965.0, 82710.0], [91967.5, 18230.0], [91970.0, 24510.0], [91972.5, 46090.0], [91980.0, 1800.0], [91982.5, 6000.0], [91992.5, 1800.0], [91995.0, 6000.0], [91997.5, 600.0], [92000.0, 2000.0], [92002.5, 1800.0], [92005.0, 6780.0], [92007.5, 2600.0], [92015.0, 1800.0], [92020.0, 6000.0], [92027.5, 19970.0], [92030.0, 67300.0]]}}}
{"jsonrpc": "2.0", "method": "subscription", "params": {"channel": "book.BTC-14MAR25.none.20.100ms", "data": {"timestamp": 1741244269521, "change_id": 91247083687, "instrument_name": "BTC-14MAR25", "bids": [[92077.5, 6600.0], [92075.0, 3120.0], [92072.5, 2400.0], [92070.0, 2040.0], [92067.5, 4880.0], [92065.0, 6240.0], [92062.5, 6600.0], [92060.0, 34680.0], [92057.5, 82850.0], [92055.0, 1260.0], [92052.5, 4200.0], [92050.0, 15000.0], [92047.5, 50000.0], [92045.0, 1850.0], [92042.5, 4200.0], [92040.0, 9930.0], [92037.5, 24820.0], [92030.0, 1260.0], [92027.5, 4200.0], [92020.0, 3330.0]], "asks": [[92080.0, 200.0], [92095.0, 1460.0], [92097.5, 2400.0], [92100.0, 3240.0], [92102.5, 2400.0], [92105.0, 1380.0], [92107.5, 4200.0], [92110.0, 3000.0], [92112.5, 10000.0], [92115.0, 8190.0], [92117.5, 4200.0], [92120.0, 23610.0], [92125.0, 1270.0], [92127.5, 4200.0], [92135.0, 1850.0], [92137.5, 6680.0], [92145.0, 1260.0], [92147.5, 4200.0], [92155.0, 1260.0], [92157.5, 4200.0]]}}}
{"jsonrpc": "2.0", "method": "subscription", "params": {"channel": "book.BTC-7MAR25.none.20.100ms", "data": {"timestamp": 1741244269446, "change_id": 91247083676, "instrument_name": "BTC-7MAR25", "bids": [[91952.5, 10.0], [91947.5, 6040.0], [91942.5, 780.0], [91940.0, 4400.0], [91937.5, 6000.0], [91935.0, 720.0], [91932.5, 1200.0], [91930.0, 3000.0], [91927.5, 6120.0], [91922.5, 3000.0], [91920.0, 11800.0], [91917.5, 15370.0], [91915.0, 6000.0], [91912.5, 780.0], [91910.0, 2600.0], [91905.0, 15320.0], [91902.5, 6000.0], [91900.0, 45820.0], [91895.0, 6530.0], [91892.5, 22500.0]], "asks": [[91955.0, 1200.0], [91957.5, 1200.0], [91960.0, 26800.0], [91965.0, 82710.0], [91967.5, 18230.0], [91970.0, 24510.0], [91972.5, 46090.0], [91980.0, 1800.0], [91982.5, 6000.0], [91992.5, 1800.0], [91995.0, 6000.0], [91997.5, 600.0], [92000.0, 2000.0], [92002.5, 1800.0], [92005.0, 6780.0], [92007.5, 2600.0], [92015.0, 1800.0], [92020.0, 6000.0], [92027.5, 19970.0], [92030.0, 67300.0]]}}}
