{"jsonrpc": "2.0", "method": "subscription", "params": {"channel": "book.BTC-11APR25.none.20.100ms", "data": {"timestamp": 1744126064681, "change_id": 96262359537, "instrument_name": "BTC-11APR25", "bids": [[78357.5, 20.0], [78327.5, 3000.0], [78325.0, 14880.0], [78300.0, 6480.0], [78297.5, 12140.0], [78295.0, 9470.0], [78287.5, 2250.0], [78285.0, 7490.0], [78270.0, 2240.0], [78267.5, 7470.0], [78260.0, 2250.0], [78257.5, 7490.0], [78237.5, 2250.0], [78235.0, 14930.0], [78232.5, 24760.0], [78225.0, 7440.0], [78202.5, 1000.0], [78200.0, 13120.0], [78197.5, 25220.0], [78195.0, 7450.0]], "asks": [[78360.0, 20030.0], [78362.5, 74880.0], [78365.0, 59980.0], [78367.5, 78360.0], [78370.0, 55000.0], [78372.5, 7500.0], [78375.0, 290.0], [78377.5, 960.0], [78390.0, 2230.0], [78392.5, 7440.0], [78400.0, 2210.0], [78402.5, 7380.0], [78415.0, 2210.0], [78417.5, 7380.0], [78427.5, 2210.0], [78430.0, 7380.0], [78435.0, 7890.0], [78437.5, 26300.0], [78440.0, 2210.0], [78442.5, 7380.0]]}}}
{"jsonrpc": "2.0", "method": "subscription", "params": {"channel": "book.BTC-18APR25.none.20.100ms", "data": {"timestamp": 1744126064672, "change_id": 96262359533, "instrument_name": "BTC-18APR25", "bids": [[78420.0, 20.0], [78390.0, 4710.0], [78387.5, 6490.0], [78385.0, 11430.0], [78382.5, 4780.0], [78380.0, 1920.0], [78377.5, 6390.0], [78370.0, 1960.0], [78367.5, 6540.0], [78360.0, 1940.0], [78357.5, 6460.0], [78352.5, 600.0], [78350.0, 3940.0], [78347.5, 6450.0], [78345.0, 1840.0], [78342.5, 6140.0], [78340.0, 1960.0], [78337.5, 6520.0], [78320.0, 1940.0], [78317.5, 6450.0]], "asks": [[78422.5, 11290.0], [78425.0, 2200.0], [78427.5, 5300.0], [78430.0, 10660.0], [78432.5, 2200.0], [78435.0, 1430.0], [78437.5, 6520.0], [78440.0, 24720.0], [78445.0, 80430.0], [78447.5, 6520.0], [78455.0, 1960.0], [78457.5, 6520.0], [78467.5, 1940.0], [78470.0, 6450.0], [78477.5, 1940.0], [78480.0, 6450.0], [78540.0, 6390.0], [78545.0, 20.0], [78575.0, 6620.0], [78605.0, 6640.0]]}}}
{"jsonrpc": "2.0", "method": "subscription", "params": {"channel": "book.BTC-11APR25.none.20.100ms", "data": {"timestamp": 1744126064933, "change_id": 96262360284, "instrument_name": "BTC-11APR25", "bids": [[78357.5, 20.0], [78325.0, 10100.0], [78320.0, 1430.0], [78317.5, 4780.0], [78300.0, 2840.0], [78295.0, 9470.0], [78290.0, 12140.0], [78287.5, 2250.0], [78285.0, 7490.0], [78270.0, 2240.0], [78267.5, 7470.0], [78260.0, 2250.0], [78257.5, 7490.0], [78237.5, 2250.0], [78235.0, 7500.0], [78232.5, 20.0], [78225.0, 32180.0], [78202.5, 1000.0], [78200.0, 13120.0], [78197.5, 25220.0]], "asks": [[78360.0, 20030.0], [78362.5, 74880.0], [78365.0, 59980.0], [78367.5, 78360.0], [78370.0, 55000.0], [78372.5, 7500.0], [78375.0, 2130.0], [78380.0, 7440.0], [78390.0, 2230.0], [78392.5, 7440.0], [78400.0, 2210.0], [78402.5, 7380.0], [78415.0, 2210.0], [78417.5, 7380.0], [78427.5, 2210.0], [78430.0, 7380.0], [78435.0, 7890.0], [78437.5, 26300.0], [78440.0, 2210.0], [78442.5, 7380.0]]}}}
{"jsonrpc": "2.0", "method": "subscription", "params": {"channel": "book.BTC-18APR25.none.20.100ms", "data": {"timestamp": 1744126064989, "change_id": 96262360431, "instrument_name": "BTC-18APR25", "bids": [[78400.0, 2200.0], [78397.5, 2860.0], [78395.0, 2860.0], [78392.5, 2200.0], [78390.0, 4710.0], [78387.5, 6490.0], [78385.0, 11430.0], [78380.0, 3110.0], [78377.5, 11170.0], [78370.0, 1960.0], [78367.5, 6540.0], [78360.0, 1940.0], [78357.5, 6460.0], [78352.5, 600.0], [78350.0, 3940.0], [78347.5, 6450.0], [78340.0, 1960.0], [78337.5, 6520.0], [78335.0, 1840.0], [78332.5, 6140.0]], "asks": [[78402.5, 6510.0], [78405.0, 3270.0], [78407.5, 6980.0], [78410.0, 11970.0], [78412.5, 8700.0], [78415.0, 2200.0], [78417.5, 660.0], [78420.0, 4300.0], [78425.0, 8700.0], [78427.5, 5300.0], [78430.0, 10660.0], [78435.0, 1430.0], [78437.5, 6520.0], [78440.0, 24720.0], [78445.0, 80430.0], [78447.5, 6520.0], [78455.0, 1960.0], [78457.5, 6520.0], [78467.5, 1940.0], [78470.0, 6450.0]]}}}
{"jsonrpc": "2.0", "method": "subscription", "params": {"channel": "book.BTC-11APR25.none.20.100ms", "data": {"timestamp": 1744126065114, "change_id": 96262360802, "instrument_name": "BTC-11APR25", "bids": [[78357.5, 20.0], [78325.0, 10100.0], [78320.0, 1430.0], [78317.5, 4780.0], [78300.0, 2840.0], [78295.0, 9470.0], [78290.0, 12140.0], [78287.5, 2250.0], [78285.0, 7490.0], [78270.0, 2240.0], [78267.5, 7470.0], [78260.0, 2250.0], [78257.5, 7490.0], [78237.5, 2250.0], [78235.0, 7500.0], [78232.5, 20.0], [78227.5, 9650.0], [78225.0, 32180.0], [78202.5, 1000.0], [78200.0, 13120.0]], "asks": [[78360.0, 20030.0], [78362.5, 74880.0], [78365.0, 25000.0], [78370.0, 55000.0], [78372.5, 7500.0], [78375.0, 2130.0], [78380.0, 7440.0], [78390.0, 2230.0], [78392.5, 7440.0], [78400.0, 2210.0], [78402.5, 7380.0], [78415.0, 2210.0], [78417.5, 7380.0], [78427.5, 2210.0], [78430.0, 7380.0], [78435.0, 7890.0], [78437.5, 26300.0], [78440.0, 2210.0], [78442.5, 7380.0], [78455.0, 2250.0]]}}}
{"jsonrpc": "2.0", "method": "subscription", "params": {"channel": "book.BTC-18APR25.none.20.100ms", "data": {"timestamp": 1744126065295, "change_id": 96262360999, "instrument_name": "BTC-18APR25", "bids": [[78402.5, 2200.0], [78400.0, 2200.0], [78390.0, 4710.0], [78387.5, 6490.0], [78385.0, 11430.0], [78380.0, 3110.0], [78377.5, 11170.0], [78370.0, 1960.0], [78367.5, 6540.0], [78360.0, 1940.0], [78357.5, 6460.0], [78352.5, 600.0], [78350.0, 3940.0], [78347.5, 6450.0], [78340.0, 1960.0], [78337.5, 6520.0], [78335.0, 1840.0], [78332.5, 6140.0], [78330.0, 1950.0], [78327.5, 6500.0]], "asks": [[78405.0, 10.0], [78407.5, 10250.0], [78410.0, 6500.0], [78412.5, 2200.0], [78415.0, 2200.0], [78417.5, 660.0], [78420.0, 4300.0], [78425.0, 8700.0], [78427.5, 5300.0], [78430.0, 10660.0], [78435.0, 1430.0], [78437.5, 6520.0], [78445.0, 1990.0], [78447.5, 6520.0], [78455.0, 1960.0], [78457.5, 6520.0], [78467.5, 1940.0], [78470.0, 6450.0], [78477.5, 1940.0], [78480.0, 6450.0]]}}}
{"jsonrpc": "2.0", "method": "subscription", "params": {"channel": "book.BTC-11APR25.none.20.100ms", "data": {"timestamp": 1744126065465, "change_id": 96262361195, "instrument_name": "BTC-11APR25", "bids": [[78357.5, 20.0], [78325.0, 10100.0], [78320.0, 1430.0], [78317.5, 4780.0], [78300.0, 2840.0], [78295.0, 9470.0], [78290.0, 12140.0], [78287.5, 2250.0], [78285.0, 7490.0], [78270.0, 2240.0], [78267.5, 7470.0], [78260.0, 2250.0], [78257.5, 7490.0], [78237.5, 2250.0], [78235.0, 7500.0], [78232.5, 20.0], [78227.5, 9650.0], [78225.0, 32180.0], [78202.5, 1000.0], [78200.0, 13120.0]], "asks": [[78360.0, 168380.0], [78362.5, 4880.0], [78365.0, 25000.0], [78370.0, 55000.0], [78372.5, 7500.0], [78375.0, 2130.0], [78380.0, 7440.0], [78390.0, 2230.0], [78392.5, 7440.0], [78400.0, 2210.0], [78402.5, 7380.0], [78415.0, 2210.0], [78417.5, 7380.0], [78427.5, 2210.0], [78430.0, 7380.0], [78435.0, 7890.0], [78437.5, 26300.0], [78440.0, 2210.0], [78442.5, 7380.0], [78455.0, 2250.0]]}}}
{"jsonrpc": "2.0", "method": "subscription", "params": {"channel": "book.BTC-18APR25.none.20.100ms", "data": {"timestamp": 1744126065668, "change_id": 96262361540, "instrument_name": "BTC-18APR25", "bids": [[78402.5, 8710.0], [78390.0, 4710.0], [78387.5, 6490.0], [78385.0, 11430.0], [78380.0, 3110.0], [78377.5, 11170.0], [78370.0, 1960.0], [78367.5, 6540.0], [78360.0, 1940.0], [78357.5, 6460.0], [78352.5, 600.0], [78350.0, 3940.0], [78347.5, 6450.0], [78340.0, 1960.0], [78337.5, 6520.0], [78335.0, 1840.0], [78332.5, 6140.0], [78330.0, 1950.0], [78327.5, 6500.0], [78320.0, 1940.0]], "asks": [[78405.0, 10.0], [78407.5, 8050.0], [78410.0, 6500.0], [78412.5, 2200.0], [78415.0, 2200.0], [78417.5, 100.0], [78420.0, 2100.0], [78425.0, 8700.0], [78427.5, 5200.0], [78430.0, 10660.0], [78435.0, 1430.0], [78437.5, 6520.0], [78445.0, 1990.0], [78447.5, 6520.0], [78455.0, 1960.0], [78457.5, 6520.0], [78467.5, 1940.0], [78470.0, 6450.0], [78477.5, 1940.0], [78480.0, 6450.0]]}}}
{"jsonrpc": "2.0", "method": "subscription", "params": {"channel": "book.BTC-11APR25.none.20.100ms", "data": {"timestamp": 1744126065994, "change_id": 96262362187, "instrument_name": "BTC-11APR25", "bids": [[78357.5, 20.0], [78327.5, 3030.0], [78325.0, 10100.0], [78320.0, 1430.0], [78317.5, 4780.0], [78300.0, 2840.0], [78295.0, 9470.0], [78290.0, 12140.0], [78287.5, 2250.0], [78285.0, 7490.0], [78270.0, 2240.0], [78267.5, 7470.0], [78260.0, 2250.0], [78257.5, 7490.0], [78237.5, 2250.0], [78235.0, 7500.0], [78232.5, 20.0], [78227.5, 9650.0], [78225.0, 32180.0], [78202.5, 1000.0]], "asks": [[78360.0, 160880.0], [78362.5, 4880.0], [78365.0, 25000.0], [78370.0, 55000.0], [78372.5, 7500.0], [78390.0, 2230.0], [78392.5, 7440.0], [78400.0, 2210.0], [78402.5, 7380.0], [78415.0, 2210.0], [78417.5, 7380.0], [78427.5, 2210.0], [78430.0, 7380.0], [78435.0, 7890.0], [78437.5, 26300.0], [78440.0, 2210.0], [78442.5, 7380.0], [78455.0, 2250.0], [78457.5, 7490.0], [78465.0, 2250.0]]}}}
{"jsonrpc": "2.0", "method": "subscription", "params": {"channel": "book.BTC-18APR25.none.20.100ms", "data": {"timestamp": 1744126065783, "change_id": 96262361870, "instrument_name": "BTC-18APR25", "bids": [[78405.0, 6510.0], [78402.5, 8700.0], [78390.0, 4710.0], [78387.5, 6490.0], [78385.0, 11430.0], [78380.0, 3110.0], [78377.5, 11170.0], [78370.0, 1960.0], [78367.5, 6540.0], [78360.0, 1940.0], [78357.5, 6460.0], [78352.5, 600.0], [78350.0, 3940.0], [78347.5, 6450.0], [78340.0, 1960.0], [78337.5, 6520.0], [78335.0, 1840.0], [78332.5, 6140.0], [78330.0, 1950.0], [78327.5, 6500.0]], "asks": [[78407.5, 4780.0], [78412.5, 660.0], [78415.0, 2200.0], [78417.5, 100.0], [78420.0, 660.0], [78425.0, 7350.0], [78427.5, 8700.0], [78430.0, 10660.0], [78435.0, 1430.0], [78437.5, 6520.0], [78445.0, 1990.0], [78447.5, 6520.0], [78455.0, 1960.0], [78457.5, 6520.0], [78467.5, 1940.0], [78470.0, 6450.0], [78477.5, 1940.0], [78480.0, 6450.0], [78482.5, 20.0], [78540.0, 6390.0]]}}}
{"jsonrpc": "2.0", "method": "subscription", "params": {"channel": "book.BTC-11APR25.none.20.100ms", "data": {"timestamp": 1744126066242, "change_id": 96262362633, "instrument_name": "BTC-11APR25", "bids": [[78357.5, 200.0], [78327.5, 3030.0], [78325.0, 14880.0], [78307.5, 7440.0], [78300.0, 2840.0], [78295.0, 9470.0], [78292.5, 3640.0], [78290.0, 12140.0], [78287.5, 2250.0], [78285.0, 7490.0], [78270.0, 2240.0], [78267.5, 7470.0], [78260.0, 2250.0], [78257.5, 7490.0], [78237.5, 2250.0], [78235.0, 7500.0], [78232.5, 20.0], [78227.5, 9650.0], [78225.0, 32180.0], [78202.5, 1000.0]], "asks": [[78360.0, 158380.0], [78362.5, 4880.0], [78365.0, 25000.0], [78370.0, 55000.0], [78372.5, 7500.0], [78390.0, 2230.0], [78392.5, 7440.0], [78400.0, 2210.0], [78402.5, 7380.0], [78415.0, 2210.0], [78417.5, 7380.0], [78427.5, 2210.0], [78430.0, 7380.0], [78435.0, 7890.0], [78437.5, 26300.0], [78440.0, 2210.0], [78442.5, 7380.0], [78455.0, 2250.0], [78457.5, 7490.0], [78465.0, 2250.0]]}}}
{"jsonrpc": "2.0", "method": "subscription", "params": {"channel": "book.BTC-18APR25.none.20.100ms", "data": {"timestamp": 1744126066312, "change_id": 96262362850, "instrument_name": "BTC-18APR25", "bids": [[78412.5, 2200.0], [78410.0, 9360.0], [78407.5, 2200.0], [78405.0, 1890.0], [78402.5, 2200.0], [78400.0, 6500.0], [78390.0, 4710.0], [78387.5, 11270.0], [78385.0, 11430.0], [78380.0, 1920.0], [78377.5, 6390.0], [78370.0, 1960.0], [78367.5, 6540.0], [78360.0, 1940.0], [78357.5, 6460.0], [78352.5, 600.0], [78350.0, 3940.0], [78347.5, 6450.0], [78340.0, 1960.0], [78337.5, 6520.0]], "asks": [[78415.0, 2210.0], [78417.5, 6600.0], [78420.0, 2010.0], [78422.5, 4780.0], [78425.0, 7350.0], [78427.5, 8700.0], [78430.0, 10660.0], [78435.0, 1430.0], [78437.5, 6520.0], [78445.0, 1990.0], [78447.5, 6520.0], [78455.0, 1960.0], [78457.5, 6520.0], [78467.5, 1940.0], [78470.0, 6450.0], [78477.5, 1940.0], [78480.0, 6450.0], [78482.5, 20.0], [78540.0, 6390.0], [78545.0, 20.0]]}}}
{"jsonrpc": "2.0", "method": "subscription", "params": {"channel": "book.BTC-11APR25.none.20.100ms", "data": {"timestamp": 1744126066361, "change_id": 96262362911, "instrument_name": "BTC-11APR25", "bids": [[78357.5, 20.0], [78327.5, 3030.0], [78325.0, 14880.0], [78307.5, 7440.0], [78300.0, 2840.0], [78295.0, 9470.0], [78292.5, 3640.0], [78290.0, 12140.0], [78287.5, 2250.0], [78285.0, 7490.0], [78270.0, 2240.0], [78267.5, 7470.0], [78260.0, 2250.0], [78257.5, 7490.0], [78237.5, 2250.0], [78235.0, 7500.0], [78232.5, 20.0], [78227.5, 9650.0], [78225.0, 32180.0], [78202.5, 1000.0]], "asks": [[78360.0, 158380.0], [78362.5, 4880.0], [78365.0, 25000.0], [78370.0, 55000.0], [78372.5, 7500.0], [78390.0, 2230.0], [78392.5, 7440.0], [78400.0, 2210.0], [78402.5, 7380.0], [78415.0, 2210.0], [78417.5, 7380.0], [78427.5, 2210.0], [78430.0, 7380.0], [78435.0, 7890.0], [78437.5, 26300.0], [78440.0, 2210.0], [78442.5, 7380.0], [78455.0, 2250.0], [78457.5, 7490.0], [78465.0, 2250.0]]}}}
{"jsonrpc": "2.0", "method": "subscription", "params": {"channel": "book.BTC-18APR25.none.20.100ms", "data": {"timestamp": 1744126066634, "change_id": 96262363468, "instrument_name": "BTC-18APR25", "bids": [[78412.5, 8710.0], [78410.0, 9360.0], [78407.5, 2200.0], [78405.0, 1890.0], [78402.5, 2200.0], [78400.0, 6500.0], [78395.0, 660.0], [78392.5, 2200.0], [78390.0, 4710.0], [78387.5, 11270.0], [78385.0, 11430.0], [78380.0, 1920.0], [78377.5, 6390.0], [78370.0, 1960.0], [78367.5, 6540.0], [78360.0, 1940.0], [78357.5, 6460.0], [78352.5, 600.0], [78350.0, 3940.0], [78347.5, 6450.0]], "asks": [[78415.0, 10.0], [78417.5, 2300.0], [78420.0, 2010.0], [78422.5, 4780.0], [78425.0, 5860.0], [78427.5, 2200.0], [78430.0, 10660.0], [78435.0, 1430.0], [78437.5, 6520.0], [78445.0, 1990.0], [78447.5, 6520.0], [78455.0, 1960.0], [78457.5, 6520.0], [78467.5, 1940.0], [78470.0, 6450.0], [78477.5, 1940.0], [78480.0, 6450.0], [78482.5, 20.0], [78540.0, 6390.0], [78545.0, 20.0]]}}}
{"jsonrpc": "2.0", "method": "subscription", "params": {"channel": "book.BTC-11APR25.none.20.100ms", "data": {"timestamp": 1744126066993, "change_id": 96262363912, "instrument_name": "BTC-11APR25", "bids": [[78357.5, 200.0], [78327.5, 3030.0], [78325.0, 14880.0], [78307.5, 7440.0], [78300.0, 2840.0], [78295.0, 9470.0], [78292.5, 3640.0], [78290.0, 12140.0], [78287.5, 2250.0], [78285.0, 7490.0], [78270.0, 2240.0], [78267.5, 7470.0], [78260.0, 2250.0], [78257.5, 7490.0], [78237.5, 2250.0], [78235.0, 7500.0], [78232.5, 20.0], [78227.5, 9650.0], [78225.0, 32180.0], [78202.5, 1000.0]], "asks": [[78360.0, 29850.0], [78362.5, 54880.0], [78365.0, 25000.0], [78370.0, 55000.0], [78372.5, 7500.0], [78390.0, 2230.0], [78392.5, 7440.0], [78400.0, 2210.0], [78402.5, 7380.0], [78415.0, 2210.0], [78417.5, 7380.0], [78427.5, 2210.0], [78430.0, 7380.0], [78435.0, 7890.0], [78437.5, 26300.0], [78440.0, 2210.0], [78442.5, 7380.0], [78455.0, 2250.0], [78457.5, 7490.0], [78465.0, 2250.0]]}}}
{"jsonrpc": "2.0", "method": "subscription", "params": {"channel": "book.BTC-18APR25.none.20.100ms", "data": {"timestamp": 1744126066997, "change_id": 96262363918, "instrument_name": "BTC-18APR25", "bids": [[78415.0, 6510.0], [78412.5, 9360.0], [78410.0, 2860.0], [78407.5, 2200.0], [78405.0, 1890.0], [78402.5, 2200.0], [78400.0, 6500.0], [78395.0, 660.0], [78392.5, 2200.0], [78390.0, 4710.0], [78387.5, 11270.0], [78385.0, 11430.0], [78380.0, 1920.0], [78377.5, 6390.0], [78370.0, 1960.0], [78367.5, 6540.0], [78360.0, 1940.0], [78357.5, 6460.0], [78352.5, 600.0], [78350.0, 3940.0]], "asks": [[78417.5, 100.0], [78420.0, 2010.0], [78422.5, 4780.0], [78425.0, 5860.0], [78427.5, 2200.0], [78430.0, 10660.0], [78435.0, 1430.0], [78437.5, 6520.0], [78445.0, 1990.0], [78447.5, 6520.0], [78455.0, 1960.0], [78457.5, 6520.0], [78467.5, 1940.0], [78470.0, 6450.0], [78477.5, 1940.0], [78480.0, 6450.0], [78482.5, 20.0], [78540.0, 6390.0], [78545.0, 20.0], [78605.0, 6640.0]]}}}
{"jsonrpc": "2.0", "method": "subscription", "params": {"channel": "book.BTC-11APR25.none.20.100ms", "data": {"timestamp": 1744126067137, "change_id": 96262364329, "instrument_name": "BTC-11APR25", "bids": [[78357.5, 20.0], [78327.5, 3030.0], [78325.0, 14880.0], [78307.5, 7440.0], [78300.0, 2840.0], [78295.0, 9470.0], [78292.5, 3640.0], [78290.0, 12140.0], [78287.5, 2250.0], [78285.0, 7490.0], [78270.0, 2240.0], [78267.5, 7470.0], [78260.0, 2250.0], [78257.5, 7490.0], [78237.5, 2250.0], [78235.0, 7500.0], [78232.5, 20.0], [78227.5, 9650.0], [78225.0, 32180.0], [78202.5, 1000.0]], "asks": [[78360.0, 29880.0], [78362.5, 54880.0], [78365.0, 46630.0], [78367.5, 78360.0], [78370.0, 55000.0], [78372.5, 7500.0], [78390.0, 2230.0], [78392.5, 7440.0], [78400.0, 2210.0], [78402.5, 7380.0], [78415.0, 2210.0], [78417.5, 7380.0], [78427.5, 2210.0], [78430.0, 7380.0], [78435.0, 7890.0], [78437.5, 26300.0], [78440.0, 2210.0], [78442.5, 7380.0], [78455.0, 2250.0], [78457.5, 7490.0]]}}}
{"jsonrpc": "2.0", "method": "subscription", "params": {"channel": "book.BTC-18APR25.none.20.100ms", "data": {"timestamp": 1744126067299, "change_id": 96262364427, "instrument_name": "BTC-18APR25", "bids": [[78415.0, 8700.0], [78412.5, 2200.0], [78410.0, 660.0], [78407.5, 2200.0], [78405.0, 1890.0], [78402.5, 2200.0], [78400.0, 6500.0], [78395.0, 660.0], [78392.5, 2200.0], [78390.0, 4710.0], [78387.5, 11270.0], [78385.0, 11430.0], [78380.0, 1920.0], [78377.5, 6390.0], [78370.0, 1960.0], [78367.5, 6540.0], [78360.0, 1940.0], [78357.5, 6460.0], [78352.5, 600.0], [78350.0, 3940.0]], "asks": [[78417.5, 110.0], [78420.0, 2010.0], [78422.5, 4780.0], [78425.0, 5860.0], [78427.5, 2200.0], [78430.0, 10660.0], [78435.0, 1430.0], [78437.5, 6520.0], [78445.0, 1990.0], [78447.5, 6520.0], [78455.0, 1960.0], [78457.5, 6520.0], [78467.5, 1940.0], [78470.0, 6450.0], [78477.5, 1940.0], [78480.0, 6450.0], [78482.5, 20.0], [78540.0, 6390.0], [78545.0, 20.0], [78605.0, 6640.0]]}}}
{"jsonrpc": "2.0", "method": "subscription", "params": {"channel": "book.BTC-11APR25.none.20.100ms", "data": {"timestamp": 1744126067537, "change_id": 96262367035, "instrument_name": "BTC-11APR25", "bids": [[78302.5, 10000.0], [78295.0, 20.0], [78257.5, 7490.0], [78235.0, 7500.0], [78232.5, 20.0], [78225.0, 7440.0], [78200.0, 3320.0], [78195.0, 7450.0], [78175.0, 7610.0], [78170.0, 20.0], [78165.0, 7490.0], [78160.0, 105000.0], [78155.0, 7440.0], [78150.0, 25220.0], [78120.0, 13300.0], [78117.5, 7540.0], [78110.0, 49360.0], [78107.5, 7630.0], [78097.5, 7510.0], [78092.5, 51070.0]], "asks": [[78340.0, 2500.0], [78352.5, 10000.0], [78355.0, 127450.0], [78357.5, 7500.0], [78362.5, 4880.0], [78365.0, 1220.0], [78367.5, 78360.0], [78380.0, 7440.0], [78392.5, 7440.0], [78402.5, 7380.0], [78417.5, 7380.0], [78420.0, 20.0], [78430.0, 7380.0], [78442.5, 7380.0], [78457.5, 7490.0], [78467.5, 7490.0], [78477.5, 7490.0], [78482.5, 20.0], [78517.5, 7680.0], [78532.5, 25270.0]]}}}
{"jsonrpc": "2.0", "method": "subscription", "params": {"channel": "book.BTC-18APR25.none.20.100ms", "data": {"timestamp": 1744126067585, "change_id": 96262367085, "instrument_name": "BTC-18APR25", "bids": [[78365.0, 12200.0], [78362.5, 6500.0], [78357.5, 6460.0], [78347.5, 6450.0], [78337.5, 6520.0], [78327.5, 6500.0], [78317.5, 6450.0], [78307.5, 6140.0], [78305.0, 6590.0], [78295.0, 6460.0], [78285.0, 6520.0], [78275.0, 6520.0], [78270.0, 18290.0], [78245.0, 6280.0], [78242.5, 6390.0], [78235.0, 3320.0], [78232.5, 6410.0], [78227.5, 36700.0], [78212.5, 6450.0], [78187.5, 13300.0]], "asks": [[78407.5, 8710.0], [78412.5, 8710.0], [78415.0, 2200.0], [78417.5, 23100.0], [78420.0, 40000.0], [78422.5, 4780.0], [78427.5, 8700.0], [78435.0, 2390.0], [78437.5, 6520.0], [78447.5, 6520.0], [78457.5, 6520.0], [78470.0, 6450.0], [78480.0, 6450.0], [78482.5, 20.0], [78540.0, 6390.0], [78545.0, 20.0], [78605.0, 6640.0], [78607.5, 20.0], [78635.0, 6260.0], [78652.5, 50000.0]]}}}
{"jsonrpc": "2.0", "method": "subscription", "params": {"channel": "book.BTC-11APR25.none.20.100ms", "data": {"timestamp": 1744126067954, "change_id": 96262368816, "instrument_name": "BTC-11APR25", "bids": [[78305.0, 4430.0], [78302.5, 10000.0], [78300.0, 4780.0], [78295.0, 20.0], [78282.5, 600.0], [78280.0, 2000.0], [78275.0, 2230.0], [78272.5, 7440.0], [78265.0, 3640.0], [78262.5, 12140.0], [78260.0, 2250.0], [78257.5, 7490.0], [78237.5, 2250.0], [78235.0, 7500.0], [78232.5, 20.0], [78227.5, 2230.0], [78225.0, 7440.0], [78207.5, 7420.0], [78205.0, 33180.0], [78200.0, 3320.0]], "asks": [[78332.5, 1430.0], [78335.0, 9980.0], [78337.5, 17340.0], [78340.0, 20000.0], [78350.0, 35280.0], [78352.5, 17500.0], [78355.0, 100000.0], [78362.5, 100.0], [78377.5, 2230.0], [78380.0, 7440.0], [78390.0, 2230.0], [78392.5, 7440.0], [78400.0, 2210.0], [78402.5, 7380.0], [78415.0, 2220.0], [78417.5, 7380.0], [78420.0, 20.0], [78427.5, 2210.0], [78430.0, 7380.0], [78440.0, 2210.0]]}}}
{"jsonrpc": "2.0", "method": "subscription", "params": {"channel": "book.BTC-18APR25.none.20.100ms", "data": {"timestamp": 1744126067987, "change_id": 96262368814, "instrument_name": "BTC-18APR25", "bids": [[78380.0, 6500.0], [78375.0, 6500.0], [78370.0, 2200.0], [78367.5, 2200.0], [78365.0, 12200.0], [78360.0, 2200.0], [78357.5, 11240.0], [78347.5, 6450.0], [78337.5, 6520.0], [78327.5, 6500.0], [78322.5, 2000.0], [78320.0, 6140.0], [78317.5, 6450.0], [78305.0, 6590.0], [78295.0, 6460.0], [78285.0, 6520.0], [78275.0, 6520.0], [78270.0, 18290.0], [78265.0, 6500.0], [78257.5, 6280.0]], "asks": [[78387.5, 10.0], [78392.5, 2090.0], [78395.0, 6980.0], [78402.5, 2610.0], [78405.0, 10650.0], [78407.5, 6500.0], [78410.0, 3270.0], [78412.5, 8700.0], [78415.0, 2200.0], [78417.5, 16600.0], [78427.5, 6500.0], [78430.0, 78420.0], [78437.5, 6520.0], [78447.5, 6520.0], [78457.5, 6520.0], [78470.0, 6450.0], [78480.0, 6450.0], [78482.5, 20.0], [78540.0, 6390.0], [78545.0, 20.0]]}}}
{"jsonrpc": "2.0", "method": "subscription", "params": {"channel": "book.BTC-11APR25.none.20.100ms", "data": {"timestamp": 1744126068082, "change_id": 96262370034, "instrument_name": "BTC-11APR25", "bids": [[78310.0, 180.0], [78305.0, 4430.0], [78302.5, 10000.0], [78300.0, 4880.0], [78295.0, 20.0], [78282.5, 600.0], [78280.0, 2000.0], [78275.0, 2230.0], [78272.5, 7440.0], [78265.0, 3640.0], [78262.5, 12140.0], [78260.0, 2250.0], [78257.5, 7490.0], [78237.5, 2250.0], [78235.0, 7500.0], [78232.5, 20.0], [78227.5, 2230.0], [78225.0, 7440.0], [78207.5, 7420.0], [78205.0, 33180.0]], "asks": [[78332.5, 1430.0], [78335.0, 12380.0], [78337.5, 7500.0], [78340.0, 20000.0], [78350.0, 35350.0], [78352.5, 67500.0], [78355.0, 50000.0], [78377.5, 2230.0], [78380.0, 7440.0], [78390.0, 2230.0], [78392.5, 7440.0], [78400.0, 2210.0], [78402.5, 7380.0], [78415.0, 2220.0], [78417.5, 7380.0], [78420.0, 20.0], [78427.5, 2210.0], [78430.0, 7380.0], [78440.0, 2210.0], [78442.5, 7380.0]]}}}
{"jsonrpc": "2.0", "method": "subscription", "params": {"channel": "book.BTC-18APR25.none.20.100ms", "data": {"timestamp": 1744126068251, "change_id": 96262370033, "instrument_name": "BTC-18APR25", "bids": [[78385.0, 6500.0], [78377.5, 1950.0], [78375.0, 6500.0], [78372.5, 660.0], [78370.0, 2200.0], [78367.5, 5860.0], [78365.0, 12200.0], [78362.5, 760.0], [78360.0, 5570.0], [78357.5, 11240.0], [78350.0, 1940.0], [78347.5, 6450.0], [78340.0, 1960.0], [78337.5, 6520.0], [78330.0, 1950.0], [78327.5, 6500.0], [78325.0, 600.0], [78322.5, 2000.0], [78320.0, 3530.0], [78317.5, 12590.0]], "asks": [[78390.0, 10.0], [78392.5, 2090.0], [78395.0, 6980.0], [78402.5, 2610.0], [78405.0, 10650.0], [78407.5, 6500.0], [78410.0, 1320.0], [78412.5, 2200.0], [78415.0, 7180.0], [78417.5, 16600.0], [78425.0, 25480.0], [78427.5, 6500.0], [78430.0, 78420.0], [78435.0, 1960.0], [78437.5, 6520.0], [78445.0, 1960.0], [78447.5, 6520.0], [78455.0, 1960.0], [78457.5, 6520.0], [78467.5, 1940.0]]}}}
{"jsonrpc": "2.0", "method": "subscription", "params": {"channel": "book.BTC-11APR25.none.20.100ms", "data": {"timestamp": 1744126068455, "change_id": 96262370659, "instrument_name": "BTC-11APR25", "bids": [[78310.0, 180.0], [78305.0, 4430.0], [78302.5, 10000.0], [78300.0, 4880.0], [78295.0, 20.0], [78282.5, 600.0], [78280.0, 2000.0], [78275.0, 2230.0], [78272.5, 7440.0], [78265.0, 3640.0], [78262.5, 12140.0], [78260.0, 2250.0], [78257.5, 7490.0], [78237.5, 2250.0], [78235.0, 7500.0], [78232.5, 20.0], [78227.5, 2230.0], [78225.0, 7440.0], [78207.5, 7420.0], [78205.0, 33180.0]], "asks": [[78332.5, 1430.0], [78335.0, 12380.0], [78340.0, 20000.0], [78342.5, 15000.0], [78345.0, 73530.0], [78347.5, 78340.0], [78350.0, 20350.0], [78352.5, 17500.0], [78355.0, 50000.0], [78377.5, 2230.0], [78380.0, 7440.0], [78390.0, 2230.0], [78392.5, 7440.0], [78400.0, 2210.0], [78402.5, 7380.0], [78415.0, 2220.0], [78417.5, 7380.0], [78420.0, 20.0], [78427.5, 2210.0], [78430.0, 7380.0]]}}}
{"jsonrpc": "2.0", "method": "subscription", "params": {"channel": "book.BTC-18APR25.none.20.100ms", "data": {"timestamp": 1744126068647, "change_id": 96262371308, "instrument_name": "BTC-18APR25", "bids": [[78387.5, 660.0], [78385.0, 2200.0], [78377.5, 1950.0], [78375.0, 6500.0], [78372.5, 660.0], [78370.0, 2200.0], [78367.5, 5860.0], [78365.0, 12200.0], [78362.5, 760.0], [78360.0, 5570.0], [78357.5, 11240.0], [78350.0, 1940.0], [78347.5, 6450.0], [78340.0, 1960.0], [78337.5, 6520.0], [78330.0, 1950.0], [78327.5, 6500.0], [78325.0, 600.0], [78322.5, 2000.0], [78320.0, 3580.0]], "asks": [[78395.0, 4780.0], [78402.5, 1950.0], [78405.0, 6500.0], [78410.0, 1250.0], [78412.5, 2200.0], [78415.0, 7180.0], [78417.5, 16600.0], [78425.0, 25480.0], [78427.5, 6500.0], [78430.0, 78420.0], [78435.0, 1960.0], [78437.5, 6520.0], [78445.0, 1960.0], [78447.5, 6520.0], [78455.0, 1960.0], [78457.5, 6520.0], [78477.5, 1940.0], [78480.0, 6450.0], [78482.5, 20.0], [78540.0, 6390.0]]}}}
{"jsonrpc": "2.0", "method": "subscription", "params": {"channel": "book.BTC-11APR25.none.20.100ms", "data": {"timestamp": 1744126068961, "change_id": 96262371696, "instrument_name": "BTC-11APR25", "bids": [[78310.0, 180.0], [78305.0, 4430.0], [78302.5, 10000.0], [78300.0, 4880.0], [78295.0, 10290.0], [78292.5, 34240.0], [78282.5, 600.0], [78280.0, 2000.0], [78275.0, 2230.0], [78272.5, 7440.0], [78265.0, 3640.0], [78262.5, 12140.0], [78260.0, 2250.0], [78257.5, 7490.0], [78237.5, 2250.0], [78235.0, 7500.0], [78232.5, 20.0], [78227.5, 2230.0], [78225.0, 7440.0], [78207.5, 7420.0]], "asks": [[78332.5, 1430.0], [78335.0, 12380.0], [78340.0, 20000.0], [78342.5, 15000.0], [78345.0, 73530.0], [78347.5, 78340.0], [78350.0, 20350.0], [78352.5, 17500.0], [78355.0, 50000.0], [78377.5, 2230.0], [78380.0, 7440.0], [78390.0, 2230.0], [78392.5, 7440.0], [78400.0, 2210.0], [78402.5, 7380.0], [78415.0, 2220.0], [78417.5, 7380.0], [78420.0, 20.0], [78427.5, 2210.0], [78430.0, 7380.0]]}}}
{"jsonrpc": "2.0", "method": "subscription", "params": {"channel": "book.BTC-18APR25.none.20.100ms", "data": {"timestamp": 1744126068961, "change_id": 96262371814, "instrument_name": "BTC-18APR25", "bids": [[78387.5, 660.0], [78385.0, 2200.0], [78377.5, 1950.0], [78375.0, 6500.0], [78372.5, 660.0], [78370.0, 2200.0], [78367.5, 5860.0], [78365.0, 12200.0], [78362.5, 760.0], [78360.0, 5570.0], [78357.5, 11240.0], [78350.0, 1940.0], [78347.5, 6450.0], [78340.0, 1960.0], [78337.5, 6520.0], [78330.0, 1950.0], [78327.5, 6500.0], [78325.0, 600.0], [78322.5, 2000.0], [78320.0, 3580.0]], "asks": [[78392.5, 8700.0], [78395.0, 4780.0], [78402.5, 1950.0], [78405.0, 6500.0], [78407.5, 100.0], [78410.0, 1250.0], [78412.5, 2200.0], [78415.0, 7180.0], [78417.5, 16500.0], [78425.0, 25480.0], [78427.5, 6500.0], [78430.0, 78420.0], [78435.0, 1960.0], [78437.5, 6520.0], [78445.0, 1960.0], [78447.5, 6520.0], [78455.0, 1960.0], [78457.5, 6520.0], [78477.5, 1940.0], [78480.0, 6450.0]]}}}
{"jsonrpc": "2.0", "method": "subscription", "params": {"channel": "book.BTC-11APR25.none.20.100ms", "data": {"timestamp": 1744126069163, "change_id": 96262372541, "instrument_name": "BTC-11APR25", "bids": [[78310.0, 180.0], [78305.0, 4430.0], [78302.5, 10000.0], [78300.0, 4880.0], [78295.0, 10290.0], [78292.5, 34240.0], [78282.5, 600.0], [78280.0, 2000.0], [78275.0, 2230.0], [78272.5, 7440.0], [78265.0, 3640.0], [78262.5, 12140.0], [78260.0, 2250.0], [78257.5, 7490.0], [78237.5, 2250.0], [78235.0, 7500.0], [78232.5, 20.0], [78227.5, 2230.0], [78225.0, 7440.0], [78207.5, 7420.0]], "asks": [[78332.5, 1430.0], [78335.0, 12380.0], [78340.0, 20000.0], [78342.5, 15000.0], [78345.0, 73530.0], [78347.5, 78340.0], [78350.0, 20350.0], [78352.5, 17500.0], [78355.0, 50000.0], [78377.5, 2230.0], [78380.0, 7440.0], [78390.0, 2230.0], [78392.5, 7440.0], [78400.0, 2210.0], [78402.5, 7380.0], [78415.0, 2220.0], [78417.5, 7380.0], [78420.0, 20.0], [78427.5, 2210.0], [78430.0, 7380.0]]}}}
{"jsonrpc": "2.0", "method": "subscription", "params": {"channel": "book.BTC-18APR25.none.20.100ms", "data": {"timestamp": 1744126069300, "change_id": 96262372699, "instrument_name": "BTC-18APR25", "bids": [[78392.5, 2210.0], [78387.5, 9360.0], [78385.0, 2200.0], [78377.5, 1950.0], [78375.0, 6500.0], [78372.5, 660.0], [78370.0, 2200.0], [78367.5, 5860.0], [78365.0, 12200.0], [78362.5, 760.0], [78360.0, 5570.0], [78357.5, 11240.0], [78350.0, 1940.0], [78347.5, 6450.0], [78340.0, 1960.0], [78337.5, 6520.0], [78330.0, 1950.0], [78327.5, 6500.0], [78325.0, 600.0], [78322.5, 2000.0]], "asks": [[78395.0, 4790.0], [78407.5, 100.0], [78410.0, 1250.0], [78412.5, 2200.0], [78415.0, 7180.0], [78417.5, 16500.0], [78425.0, 25480.0], [78427.5, 6500.0], [78430.0, 78420.0], [78435.0, 1960.0], [78437.5, 6520.0], [78445.0, 1960.0], [78447.5, 6520.0], [78455.0, 1960.0], [78457.5, 6520.0], [78477.5, 1940.0], [78480.0, 6450.0], [78482.5, 20.0], [78540.0, 6390.0], [78545.0, 20.0]]}}}
{"jsonrpc": "2.0", "method": "subscription", "params": {"channel": "book.BTC-11APR25.none.20.100ms", "data": {"timestamp": 1744126069327, "change_id": 96262373710, "instrument_name": "BTC-11APR25", "bids": [[78322.5, 180.0], [78317.5, 1000.0], [78315.0, 1000.0], [78312.5, 1000.0], [78310.0, 2700.0], [78307.5, 5780.0], [78305.0, 3030.0], [78302.5, 10000.0], [78300.0, 100.0], [78295.0, 10290.0], [78292.5, 34240.0], [78285.0, 2830.0], [78282.5, 7440.0], [78280.0, 2000.0], [78275.0, 5600.0], [78272.5, 7440.0], [78270.0, 12140.0], [78260.0, 2250.0], [78257.5, 7490.0], [78237.5, 2250.0]], "asks": [[78332.5, 1430.0], [78335.0, 12380.0], [78340.0, 20000.0], [78342.5, 15000.0], [78345.0, 73530.0], [78347.5, 78340.0], [78350.0, 20350.0], [78352.5, 17500.0], [78355.0, 50000.0], [78360.0, 2230.0], [78362.5, 7440.0], [78377.5, 2230.0], [78380.0, 7440.0], [78390.0, 2230.0], [78392.5, 7440.0], [78400.0, 2210.0], [78402.5, 7380.0], [78415.0, 2220.0], [78417.5, 7380.0], [78420.0, 20.0]]}}}
{"jsonrpc": "2.0", "method": "subscription", "params": {"channel": "book.BTC-18APR25.none.20.100ms", "data": {"timestamp": 1744126069640, "change_id": 96262373873, "instrument_name": "BTC-18APR25", "bids": [[78382.5, 2200.0], [78380.0, 2200.0], [78377.5, 1950.0], [78375.0, 6500.0], [78372.5, 660.0], [78370.0, 2200.0], [78367.5, 5860.0], [78365.0, 16980.0], [78362.5, 100.0], [78360.0, 1940.0], [78357.5, 6460.0], [78350.0, 1940.0], [78347.5, 6450.0], [78340.0, 1960.0], [78337.5, 6520.0], [78330.0, 1950.0], [78327.5, 6500.0], [78325.0, 600.0], [78322.5, 2000.0], [78320.0, 3580.0]], "asks": [[78385.0, 10.0], [78387.5, 13500.0], [78390.0, 8700.0], [78392.5, 2200.0], [78395.0, 4780.0], [78402.5, 1950.0], [78405.0, 6500.0], [78407.5, 100.0], [78410.0, 1250.0], [78412.5, 2200.0], [78415.0, 7180.0], [78417.5, 16500.0], [78425.0, 25480.0], [78427.5, 6500.0], [78430.0, 78420.0], [78435.0, 1960.0], [78437.5, 6520.0], [78445.0, 1960.0], [78447.5, 6520.0], [78455.0, 1960.0]]}}}
{"jsonrpc": "2.0", "method": "subscription", "params": {"channel": "book.BTC-11APR25.none.20.100ms", "data": {"timestamp": 1744126069968, "change_id": 96262374314, "instrument_name": "BTC-11APR25", "bids": [[78322.5, 180.0], [78317.5, 1000.0], [78315.0, 1000.0], [78312.5, 1000.0], [78310.0, 1300.0], [78307.5, 1000.0], [78305.0, 3030.0], [78302.5, 10000.0], [78300.0, 4880.0], [78295.0, 10290.0], [78292.5, 34240.0], [78285.0, 2830.0], [78282.5, 7440.0], [78280.0, 2000.0], [78275.0, 5600.0], [78272.5, 7440.0], [78270.0, 12140.0], [78260.0, 2250.0], [78257.5, 7490.0], [78237.5, 2250.0]], "asks": [[78332.5, 1430.0], [78335.0, 12380.0], [78340.0, 20000.0], [78342.5, 15000.0], [78345.0, 73530.0], [78347.5, 78340.0], [78350.0, 20350.0], [78352.5, 17500.0], [78355.0, 50000.0], [78360.0, 2230.0], [78362.5, 7440.0], [78377.5, 2230.0], [78380.0, 7440.0], [78390.0, 2230.0], [78392.5, 7440.0], [78397.5, 7890.0], [78400.0, 28510.0], [78402.5, 7380.0], [78415.0, 2220.0], [78417.5, 7380.0]]}}}
{"jsonrpc": "2.0", "method": "subscription", "params": {"channel": "book.BTC-18APR25.none.20.100ms", "data": {"timestamp": 1744126069973, "change_id": 96262374596, "instrument_name": "BTC-18APR25", "bids": [[78382.5, 2860.0], [78380.0, 2200.0], [78375.0, 2610.0], [78372.5, 6500.0], [78370.0, 2200.0], [78367.5, 5860.0], [78365.0, 16980.0], [78362.5, 100.0], [78360.0, 1940.0], [78357.5, 6460.0], [78350.0, 1940.0], [78347.5, 6450.0], [78340.0, 1960.0], [78337.5, 6520.0], [78330.0, 1950.0], [78327.5, 6500.0], [78325.0, 600.0], [78322.5, 2000.0], [78320.0, 3580.0], [78317.5, 12590.0]], "asks": [[78387.5, 10.0], [78392.5, 2200.0], [78395.0, 4780.0], [78402.5, 1950.0], [78405.0, 6500.0], [78407.5, 100.0], [78410.0, 1250.0], [78412.5, 2200.0], [78415.0, 7180.0], [78417.5, 16500.0], [78425.0, 25480.0], [78427.5, 6500.0], [78430.0, 78420.0], [78435.0, 1960.0], [78437.5, 6520.0], [78445.0, 1960.0], [78447.5, 6520.0], [78455.0, 1960.0], [78457.5, 6520.0], [78477.5, 1940.0]]}}}
{"jsonrpc": "2.0", "method": "subscription", "params": {"channel": "book.BTC-18APR25.none.20.100ms", "data": {"timestamp": 1744126070257, "change_id": 96262375316, "instrument_name": "BTC-18APR25", "bids": [[78392.5, 2210.0], [78387.5, 1960.0], [78385.0, 9030.0], [78382.5, 8700.0], [78375.0, 2610.0], [78372.5, 6500.0], [78370.0, 2200.0], [78367.5, 5860.0], [78365.0, 14780.0], [78362.5, 100.0], [78360.0, 1940.0], [78357.5, 6460.0], [78350.0, 1940.0], [78347.5, 6450.0], [78340.0, 1960.0], [78337.5, 6520.0], [78330.0, 1950.0], [78327.5, 6500.0], [78325.0, 600.0], [78322.5, 2000.0]], "asks": [[78395.0, 11290.0], [78402.5, 1950.0], [78405.0, 6500.0], [78407.5, 100.0], [78410.0, 1250.0], [78412.5, 2200.0], [78415.0, 7180.0], [78417.5, 16500.0], [78425.0, 25480.0], [78427.5, 6500.0], [78430.0, 78420.0], [78435.0, 1960.0], [78437.5, 6520.0], [78445.0, 1960.0], [78447.5, 6520.0], [78455.0, 1960.0], [78457.5, 6520.0], [78477.5, 1940.0], [78480.0, 6450.0], [78482.5, 20.0]]}}}
{"jsonrpc": "2.0", "method": "subscription", "params": {"channel": "book.BTC-18APR25.none.20.100ms", "data": {"timestamp": 1744126070608, "change_id": 96262375928, "instrument_name": "BTC-18APR25", "bids": [[78392.5, 2200.0], [78390.0, 2200.0], [78385.0, 1950.0], [78382.5, 6500.0], [78375.0, 2610.0], [78372.5, 6500.0], [78370.0, 2200.0], [78367.5, 5860.0], [78365.0, 14780.0], [78362.5, 100.0], [78360.0, 1940.0], [78357.5, 6460.0], [78350.0, 1940.0], [78347.5, 6450.0], [78340.0, 1960.0], [78337.5, 6520.0], [78330.0, 1950.0], [78327.5, 6500.0], [78325.0, 600.0], [78322.5, 2000.0]], "asks": [[78395.0, 11290.0], [78402.5, 4150.0], [78405.0, 6500.0], [78407.5, 100.0], [78410.0, 1250.0], [78412.5, 2200.0], [78415.0, 7180.0], [78417.5, 16500.0], [78425.0, 25480.0], [78427.5, 6500.0], [78430.0, 78420.0], [78435.0, 1960.0], [78437.5, 6520.0], [78445.0, 1960.0], [78447.5, 6520.0], [78455.0, 1960.0], [78457.5, 6520.0], [78477.5, 1940.0], [78480.0, 6450.0], [78482.5, 20.0]]}}}
{"jsonrpc": "2.0", "method": "subscription", "params": {"channel": "book.BTC-11APR25.none.20.100ms", "data": {"timestamp": 1744126070886, "change_id": 96262376227, "instrument_name": "BTC-11APR25", "bids": [[78322.5, 180.0], [78317.5, 1000.0], [78315.0, 1000.0], [78312.5, 1000.0], [78310.0, 1300.0], [78307.5, 1000.0], [78305.0, 3030.0], [78302.5, 10000.0], [78300.0, 4880.0], [78295.0, 10290.0], [78292.5, 34240.0], [78285.0, 2830.0], [78282.5, 7440.0], [78280.0, 2000.0], [78275.0, 5600.0], [78272.5, 7440.0], [78270.0, 12140.0], [78260.0, 2250.0], [78257.5, 7490.0], [78237.5, 2250.0]], "asks": [[78332.5, 1430.0], [78335.0, 12380.0], [78340.0, 20000.0], [78342.5, 15000.0], [78345.0, 50000.0], [78350.0, 20350.0], [78352.5, 17500.0], [78355.0, 50000.0], [78360.0, 2230.0], [78362.5, 7440.0], [78377.5, 2230.0], [78380.0, 7440.0], [78390.0, 2230.0], [78392.5, 7440.0], [78397.5, 7890.0], [78400.0, 28510.0], [78402.5, 7380.0], [78415.0, 2220.0], [78417.5, 7380.0], [78420.0, 20.0]]}}}
{"jsonrpc": "2.0", "method": "subscription", "params": {"channel": "book.BTC-18APR25.none.20.100ms", "data": {"timestamp": 1744126070965, "change_id": 96262376264, "instrument_name": "BTC-18APR25", "bids": [[78392.5, 2210.0], [78390.0, 2200.0], [78385.0, 1950.0], [78382.5, 6500.0], [78375.0, 2610.0], [78372.5, 6500.0], [78370.0, 2200.0], [78367.5, 5860.0], [78365.0, 14780.0], [78362.5, 100.0], [78360.0, 1940.0], [78357.5, 6460.0], [78350.0, 1940.0], [78347.5, 6450.0], [78340.0, 1960.0], [78337.5, 6520.0], [78330.0, 1950.0], [78327.5, 6500.0], [78325.0, 600.0], [78322.5, 2000.0]], "asks": [[78395.0, 4790.0], [78400.0, 660.0], [78402.5, 2200.0], [78407.5, 100.0], [78410.0, 1250.0], [78412.5, 2200.0], [78415.0, 7180.0], [78417.5, 16500.0], [78425.0, 25480.0], [78427.5, 6500.0], [78430.0, 78420.0], [78435.0, 1960.0], [78437.5, 6520.0], [78445.0, 1960.0], [78447.5, 6520.0], [78455.0, 1960.0], [78457.5, 6520.0], [78477.5, 1940.0], [78480.0, 6450.0], [78482.5, 20.0]]}}}
{"jsonrpc": "2.0", "method": "subscription", "params": {"channel": "book.BTC-11APR25.none.20.100ms", "data": {"timestamp": 1744126071227, "change_id": 96262377336, "instrument_name": "BTC-11APR25", "bids": [[78322.5, 180.0], [78320.0, 1960.0], [78317.5, 1000.0], [78315.0, 9340.0], [78312.5, 11000.0], [78310.0, 1400.0], [78307.5, 1000.0], [78295.0, 10290.0], [78292.5, 34240.0], [78285.0, 2830.0], [78282.5, 7440.0], [78280.0, 2000.0], [78275.0, 5600.0], [78272.5, 7440.0], [78270.0, 12140.0], [78260.0, 2250.0], [78257.5, 7490.0], [78237.5, 2250.0], [78235.0, 7500.0], [78232.5, 20.0]], "asks": [[78340.0, 6000.0], [78345.0, 20000.0], [78347.5, 19810.0], [78350.0, 55350.0], [78352.5, 17500.0], [78377.5, 2230.0], [78380.0, 7440.0], [78390.0, 2230.0], [78392.5, 7440.0], [78397.5, 7890.0], [78400.0, 28510.0], [78402.5, 7380.0], [78415.0, 2220.0], [78417.5, 7380.0], [78420.0, 20.0], [78427.5, 2210.0], [78430.0, 7380.0], [78440.0, 2210.0], [78442.5, 7380.0], [78465.0, 2250.0]]}}}
{"jsonrpc": "2.0", "method": "subscription", "params": {"channel": "book.BTC-18APR25.none.20.100ms", "data": {"timestamp": 1744126071291, "change_id": 96262377375, "instrument_name": "BTC-18APR25", "bids": [[78402.5, 2200.0], [78400.0, 2200.0], [78397.5, 5130.0], [78395.0, 10650.0], [78392.5, 6500.0], [78385.0, 1950.0], [78382.5, 6500.0], [78377.5, 3000.0], [78375.0, 13750.0], [78372.5, 11380.0], [78370.0, 2200.0], [78360.0, 1940.0], [78357.5, 6460.0], [78350.0, 1940.0], [78347.5, 6450.0], [78340.0, 1960.0], [78337.5, 6520.0], [78330.0, 1950.0], [78327.5, 6500.0], [78325.0, 2370.0]], "asks": [[78405.0, 6510.0], [78407.5, 4880.0], [78410.0, 1250.0], [78412.5, 2200.0], [78415.0, 7180.0], [78417.5, 16500.0], [78425.0, 1950.0], [78427.5, 6500.0], [78435.0, 1960.0], [78437.5, 6520.0], [78445.0, 1960.0], [78447.5, 6520.0], [78455.0, 1960.0], [78457.5, 6520.0], [78477.5, 1940.0], [78480.0, 6450.0], [78482.5, 20.0], [78540.0, 6390.0], [78545.0, 20.0], [78605.0, 6640.0]]}}}
{"jsonrpc": "2.0", "method": "subscription", "params": {"channel": "book.BTC-11APR25.none.20.100ms", "data": {"timestamp": 1744126071556, "change_id": 96262378170, "instrument_name": "BTC-11APR25", "bids": [[78322.5, 180.0], [78320.0, 1900.0], [78317.5, 1000.0], [78315.0, 9040.0], [78312.5, 11000.0], [78310.0, 100.0], [78295.0, 10290.0], [78292.5, 34240.0], [78285.0, 2830.0], [78282.5, 7440.0], [78280.0, 2000.0], [78275.0, 5600.0], [78272.5, 7440.0], [78270.0, 12140.0], [78257.5, 7490.0], [78237.5, 2250.0], [78235.0, 7500.0], [78232.5, 20.0], [78225.0, 7440.0], [78210.0, 9650.0]], "asks": [[78337.5, 9850.0], [78342.5, 20000.0], [78345.0, 66390.0], [78347.5, 54540.0], [78350.0, 5350.0], [78352.5, 17500.0], [78377.5, 2230.0], [78380.0, 7440.0], [78390.0, 2230.0], [78392.5, 7440.0], [78397.5, 7890.0], [78400.0, 26300.0], [78402.5, 7380.0], [78415.0, 2220.0], [78417.5, 7380.0], [78420.0, 20.0], [78427.5, 2210.0], [78430.0, 7380.0], [78440.0, 2210.0], [78442.5, 7380.0]]}}}
{"jsonrpc": "2.0", "method": "subscription", "params": {"channel": "book.BTC-18APR25.none.20.100ms", "data": {"timestamp": 1744126071596, "change_id": 96262378143, "instrument_name": "BTC-18APR25", "bids": [[78405.0, 2200.0], [78402.5, 2860.0], [78400.0, 3520.0], [78397.5, 2200.0], [78395.0, 2200.0], [78385.0, 1950.0], [78382.5, 6500.0], [78377.5, 3000.0], [78375.0, 13750.0], [78372.5, 11380.0], [78360.0, 1940.0], [78357.5, 6460.0], [78350.0, 1940.0], [78347.5, 6450.0], [78340.0, 1960.0], [78337.5, 6520.0], [78330.0, 1950.0], [78327.5, 6500.0], [78325.0, 2370.0], [78322.5, 2000.0]], "asks": [[78407.5, 11390.0], [78415.0, 4580.0], [78417.5, 16500.0], [78425.0, 1950.0], [78427.5, 6500.0], [78435.0, 1960.0], [78437.5, 6520.0], [78445.0, 1960.0], [78447.5, 6520.0], [78455.0, 1960.0], [78457.5, 6520.0], [78477.5, 1940.0], [78480.0, 6450.0], [78482.5, 20.0], [78537.5, 1920.0], [78540.0, 6390.0], [78545.0, 20.0], [78605.0, 6640.0], [78607.5, 20.0], [78627.5, 18530.0]]}}}
{"jsonrpc": "2.0", "method": "subscription", "params": {"channel": "book.BTC-11APR25.none.20.100ms", "data": {"timestamp": 1744126071936, "change_id": 96262379736, "instrument_name": "BTC-11APR25", "bids": [[78327.5, 4960.0], [78322.5, 10100.0], [78317.5, 1000.0], [78315.0, 1000.0], [78312.5, 1000.0], [78295.0, 20.0], [78292.5, 7460.0], [78290.0, 12140.0], [78282.5, 7440.0], [78280.0, 2000.0], [78272.5, 7440.0], [78257.5, 7490.0], [78235.0, 7500.0], [78232.5, 20.0], [78227.5, 24740.0], [78225.0, 7440.0], [78215.0, 7460.0], [78205.0, 7440.0], [78195.0, 7450.0], [78175.0, 7610.0]], "asks": [[78357.5, 20000.0], [78360.0, 32050.0], [78362.5, 50100.0], [78365.0, 10000.0], [78370.0, 50000.0], [78392.5, 7440.0], [78400.0, 26300.0], [78402.5, 7380.0], [78417.5, 7380.0], [78420.0, 20.0], [78430.0, 7380.0], [78442.5, 7380.0], [78477.5, 7490.0], [78482.5, 20.0], [78517.5, 7680.0], [78532.5, 25270.0], [78535.0, 105000.0], [78537.5, 7520.0], [78545.0, 20.0], [78585.0, 50000.0]]}}}
{"jsonrpc": "2.0", "method": "subscription", "params": {"channel": "book.BTC-18APR25.none.20.100ms", "data": {"timestamp": 1744126071888, "change_id": 96262379468, "instrument_name": "BTC-18APR25", "bids": [[78410.0, 6510.0], [78407.5, 660.0], [78405.0, 3520.0], [78402.5, 2200.0], [78400.0, 4810.0], [78397.5, 2200.0], [78395.0, 6500.0], [78387.5, 4460.0], [78385.0, 16830.0], [78382.5, 6500.0], [78375.0, 1950.0], [78372.5, 6500.0], [78360.0, 1940.0], [78357.5, 6460.0], [78350.0, 1940.0], [78347.5, 6450.0], [78340.0, 1960.0], [78337.5, 6520.0], [78330.0, 8090.0], [78327.5, 6500.0]], "asks": [[78415.0, 5590.0], [78417.5, 8700.0], [78420.0, 4790.0], [78425.0, 5050.0], [78427.5, 6500.0], [78430.0, 10000.0], [78435.0, 1960.0], [78437.5, 6520.0], [78445.0, 1960.0], [78447.5, 6520.0], [78455.0, 1960.0], [78457.5, 6520.0], [78477.5, 1940.0], [78480.0, 6450.0], [78482.5, 20.0], [78537.5, 1920.0], [78540.0, 6390.0], [78545.0, 20.0], [78605.0, 6640.0], [78607.5, 20.0]]}}}
{"jsonrpc": "2.0", "method": "subscription", "params": {"channel": "book.BTC-11APR25.none.20.100ms", "data": {"timestamp": 1744126072132, "change_id": 96262381053, "instrument_name": "BTC-11APR25", "bids": [[78332.5, 180.0], [78327.5, 4780.0], [78322.5, 10100.0], [78315.0, 1000.0], [78312.5, 31940.0], [78295.0, 20.0], [78292.5, 7460.0], [78290.0, 12140.0], [78282.5, 7440.0], [78280.0, 2000.0], [78272.5, 7440.0], [78257.5, 7490.0], [78235.0, 7500.0], [78232.5, 20.0], [78227.5, 24740.0], [78225.0, 7440.0], [78215.0, 7460.0], [78205.0, 7440.0], [78195.0, 7450.0], [78175.0, 7610.0]], "asks": [[78355.0, 9850.0], [78357.5, 20000.0], [78360.0, 12280.0], [78362.5, 100.0], [78365.0, 10000.0], [78367.5, 50000.0], [78370.0, 50000.0], [78392.5, 7440.0], [78400.0, 26300.0], [78402.5, 7380.0], [78417.5, 7380.0], [78420.0, 20.0], [78430.0, 7380.0], [78442.5, 7380.0], [78477.5, 7490.0], [78482.5, 20.0], [78517.5, 7680.0], [78532.5, 25270.0], [78535.0, 105000.0], [78537.5, 7520.0]]}}}
{"jsonrpc": "2.0", "method": "subscription", "params": {"channel": "book.BTC-18APR25.none.20.100ms", "data": {"timestamp": 1744126072286, "change_id": 96262381054, "instrument_name": "BTC-18APR25", "bids": [[78410.0, 2860.0], [78407.5, 660.0], [78405.0, 3520.0], [78402.5, 2200.0], [78400.0, 4810.0], [78397.5, 2200.0], [78395.0, 6500.0], [78387.5, 4460.0], [78385.0, 16830.0], [78382.5, 6500.0], [78375.0, 1950.0], [78372.5, 6500.0], [78360.0, 1940.0], [78357.5, 6460.0], [78350.0, 1940.0], [78347.5, 6450.0], [78340.0, 1960.0], [78337.5, 6520.0], [78332.5, 1840.0], [78330.0, 8090.0]], "asks": [[78412.5, 6500.0], [78415.0, 4040.0], [78417.5, 8700.0], [78420.0, 4780.0], [78425.0, 5050.0], [78427.5, 6500.0], [78430.0, 10000.0], [78435.0, 1960.0], [78437.5, 6520.0], [78445.0, 1960.0], [78447.5, 6520.0], [78455.0, 1960.0], [78457.5, 6520.0], [78477.5, 1940.0], [78480.0, 6450.0], [78482.5, 20.0], [78537.5, 1920.0], [78540.0, 6390.0], [78545.0, 20.0], [78605.0, 6640.0]]}}}
{"jsonrpc": "2.0", "method": "subscription", "params": {"channel": "book.BTC-11APR25.none.20.100ms", "data": {"timestamp": 1744126072436, "change_id": 96262381607, "instrument_name": "BTC-11APR25", "bids": [[78332.5, 180.0], [78330.0, 1430.0], [78327.5, 4780.0], [78325.0, 3030.0], [78322.5, 10100.0], [78317.5, 300.0], [78315.0, 10580.0], [78312.5, 31940.0], [78305.0, 2240.0], [78302.5, 9460.0], [78295.0, 5900.0], [78292.5, 7460.0], [78290.0, 12140.0], [78285.0, 2830.0], [78282.5, 7440.0], [78275.0, 2230.0], [78272.5, 7440.0], [78260.0, 2250.0], [78257.5, 7490.0], [78237.5, 2250.0]], "asks": [[78355.0, 9680.0], [78357.5, 20000.0], [78360.0, 4780.0], [78362.5, 3100.0], [78365.0, 59760.0], [78367.5, 128360.0], [78370.0, 50000.0], [78390.0, 2230.0], [78392.5, 7440.0], [78397.5, 7890.0], [78400.0, 28510.0], [78402.5, 7380.0], [78415.0, 2220.0], [78417.5, 7380.0], [78420.0, 20.0], [78427.5, 2210.0], [78430.0, 7380.0], [78440.0, 2210.0], [78442.5, 7380.0], [78475.0, 2250.0]]}}}
{"jsonrpc": "2.0", "method": "subscription", "params": {"channel": "book.BTC-18APR25.none.20.100ms", "data": {"timestamp": 1744126072537, "change_id": 96262381574, "instrument_name": "BTC-18APR25", "bids": [[78417.5, 2210.0], [78415.0, 6510.0], [78410.0, 2530.0], [78407.5, 2200.0], [78405.0, 7160.0], [78402.5, 2200.0], [78400.0, 2610.0], [78397.5, 2200.0], [78395.0, 6500.0], [78387.5, 4460.0], [78385.0, 16830.0], [78382.5, 6500.0], [78375.0, 1950.0], [78372.5, 6500.0], [78360.0, 1940.0], [78357.5, 6460.0], [78350.0, 1940.0], [78347.5, 6450.0], [78345.0, 600.0], [78342.5, 2000.0]], "asks": [[78420.0, 4780.0], [78425.0, 3000.0], [78430.0, 10000.0], [78435.0, 1960.0], [78437.5, 6620.0], [78445.0, 1960.0], [78447.5, 6520.0], [78455.0, 1960.0], [78457.5, 6520.0], [78477.5, 1940.0], [78480.0, 6450.0], [78482.5, 20.0], [78537.5, 1920.0], [78540.0, 6390.0], [78545.0, 20.0], [78605.0, 6640.0], [78607.5, 20.0], [78627.5, 18530.0], [78635.0, 12760.0], [78652.5, 50000.0]]}}}
{"jsonrpc": "2.0", "method": "subscription", "params": {"channel": "book.BTC-11APR25.none.20.100ms", "data": {"timestamp": 1744126072884, "change_id": 96262382998, "instrument_name": "BTC-11APR25", "bids": [[78342.5, 180.0], [78337.5, 1430.0], [78335.0, 7810.0], [78332.5, 10100.0], [78317.5, 300.0], [78315.0, 10580.0], [78312.5, 31940.0], [78305.0, 6200.0], [78302.5, 21600.0], [78295.0, 2260.0], [78292.5, 7460.0], [78285.0, 2830.0], [78282.5, 7440.0], [78275.0, 2230.0], [78272.5, 7440.0], [78260.0, 2250.0], [78257.5, 7490.0], [78240.0, 9670.0], [78237.5, 24740.0], [78235.0, 7500.0]], "asks": [[78360.0, 6000.0], [78362.5, 20000.0], [78365.0, 49760.0], [78367.5, 133140.0], [78375.0, 3100.0], [78377.5, 10000.0], [78397.5, 7890.0], [78400.0, 28510.0], [78402.5, 7380.0], [78415.0, 2220.0], [78417.5, 7380.0], [78420.0, 20.0], [78427.5, 2210.0], [78430.0, 7380.0], [78440.0, 2210.0], [78442.5, 7380.0], [78475.0, 2250.0], [78477.5, 7490.0], [78482.5, 20.0], [78515.0, 2300.0]]}}}
{"jsonrpc": "2.0", "method": "subscription", "params": {"channel": "book.BTC-18APR25.none.20.100ms", "data": {"timestamp": 1744126072947, "change_id": 96262383294, "instrument_name": "BTC-18APR25", "bids": [[78417.5, 2200.0], [78410.0, 2610.0], [78407.5, 2200.0], [78405.0, 7160.0], [78402.5, 2200.0], [78400.0, 5310.0], [78397.5, 2200.0], [78395.0, 18030.0], [78392.5, 4780.0], [78385.0, 1950.0], [78382.5, 6500.0], [78375.0, 1950.0], [78372.5, 6500.0], [78360.0, 1940.0], [78357.5, 6460.0], [78350.0, 1940.0], [78347.5, 6450.0], [78345.0, 1770.0], [78342.5, 2000.0], [78340.0, 8100.0]], "asks": [[78422.5, 8700.0], [78425.0, 6250.0], [78427.5, 11280.0], [78432.5, 6500.0], [78437.5, 100.0], [78440.0, 3000.0], [78442.5, 10000.0], [78445.0, 1960.0], [78447.5, 6520.0], [78455.0, 1960.0], [78457.5, 6520.0], [78477.5, 1940.0], [78480.0, 6450.0], [78482.5, 20.0], [78537.5, 1920.0], [78540.0, 6390.0], [78545.0, 20.0], [78602.5, 1990.0], [78605.0, 6640.0], [78607.5, 20.0]]}}}
{"jsonrpc": "2.0", "method": "subscription", "params": {"channel": "book.BTC-11APR25.none.20.100ms", "data": {"timestamp": 1744126073277, "change_id": 96262385936, "instrument_name": "BTC-11APR25", "bids": [[78295.0, 20.0], [78277.5, 12140.0], [78272.5, 17460.0], [78257.5, 7490.0], [78235.0, 7500.0], [78232.5, 20.0], [78225.0, 7440.0], [78217.5, 24740.0], [78215.0, 7460.0], [78205.0, 7440.0], [78195.0, 7450.0], [78175.0, 7610.0], [78170.0, 20.0], [78165.0, 7490.0], [78160.0, 105000.0], [78155.0, 7440.0], [78150.0, 25220.0], [78117.5, 7540.0], [78110.0, 49360.0], [78107.5, 7630.0]], "asks": [[78335.0, 4780.0], [78347.5, 180.0], [78352.5, 77510.0], [78355.0, 10000.0], [78357.5, 57500.0], [78362.5, 1000.0], [78375.0, 100.0], [78380.0, 7460.0], [78400.0, 26300.0], [78402.5, 7380.0], [78417.5, 7380.0], [78420.0, 20.0], [78430.0, 7380.0], [78442.5, 7380.0], [78477.5, 7490.0], [78482.5, 20.0], [78517.5, 7680.0], [78532.5, 25270.0], [78535.0, 105000.0], [78537.5, 7520.0]]}}}
{"jsonrpc": "2.0", "method": "subscription", "params": {"channel": "book.BTC-18APR25.none.20.100ms", "data": {"timestamp": 1744126073202, "change_id": 96262385840, "instrument_name": "BTC-18APR25", "bids": [[78372.5, 13000.0], [78357.5, 6460.0], [78347.5, 6450.0], [78337.5, 16520.0], [78327.5, 6500.0], [78322.5, 6140.0], [78317.5, 6450.0], [78305.0, 6590.0], [78295.0, 6460.0], [78285.0, 6520.0], [78275.0, 6520.0], [78270.0, 18290.0], [78242.5, 6390.0], [78232.5, 6410.0], [78227.5, 36700.0], [78212.5, 6450.0], [78185.0, 36660.0], [78172.5, 6650.0], [78170.0, 20.0], [78152.5, 6540.0]], "asks": [[78395.0, 4780.0], [78405.0, 6500.0], [78410.0, 8710.0], [78415.0, 13000.0], [78420.0, 12200.0], [78422.5, 2210.0], [78425.0, 10.0], [78432.5, 6500.0], [78437.5, 100.0], [78442.5, 800.0], [78447.5, 6520.0], [78457.5, 6520.0], [78480.0, 6450.0], [78482.5, 20.0], [78540.0, 6390.0], [78545.0, 20.0], [78605.0, 6640.0], [78607.5, 20.0], [78627.5, 18530.0], [78635.0, 12760.0]]}}}
{"jsonrpc": "2.0", "method": "subscription", "params": {"channel": "book.BTC-11APR25.none.20.100ms", "data": {"timestamp": 1744126073599, "change_id": 96262387981, "instrument_name": "BTC-11APR25", "bids": [[78312.5, 3100.0], [78310.0, 10000.0], [78305.0, 1430.0], [78302.5, 4780.0], [78297.5, 2260.0], [78295.0, 7520.0], [78277.5, 3640.0], [78275.0, 14380.0], [78272.5, 7460.0], [78260.0, 2250.0], [78257.5, 7490.0], [78237.5, 2250.0], [78235.0, 7500.0], [78232.5, 20.0], [78227.5, 2230.0], [78225.0, 7440.0], [78220.0, 9660.0], [78217.5, 24740.0], [78215.0, 7460.0], [78205.0, 7440.0]], "asks": [[78332.5, 1430.0], [78335.0, 4780.0], [78347.5, 180.0], [78352.5, 77500.0], [78355.0, 10100.0], [78357.5, 57500.0], [78380.0, 7460.0], [78400.0, 26300.0], [78402.5, 7380.0], [78417.5, 7380.0], [78420.0, 20.0], [78430.0, 7380.0], [78442.5, 7380.0], [78477.5, 7490.0], [78482.5, 20.0], [78517.5, 7680.0], [78532.5, 25270.0], [78535.0, 105000.0], [78537.5, 7520.0], [78545.0, 20.0]]}}}
{"jsonrpc": "2.0", "method": "subscription", "params": {"channel": "book.BTC-18APR25.none.20.100ms", "data": {"timestamp": 1744126073523, "change_id": 96262387959, "instrument_name": "BTC-18APR25", "bids": [[78387.5, 6500.0], [78385.0, 8700.0], [78375.0, 4810.0], [78372.5, 16500.0], [78362.5, 1430.0], [78360.0, 6720.0], [78357.5, 6460.0], [78350.0, 1940.0], [78347.5, 6450.0], [78340.0, 1960.0], [78337.5, 6520.0], [78330.0, 1950.0], [78327.5, 6500.0], [78325.0, 6140.0], [78320.0, 1940.0], [78317.5, 6450.0], [78307.5, 1980.0], [78305.0, 6590.0], [78297.5, 1940.0], [78295.0, 6460.0]], "asks": [[78390.0, 10.0], [78392.5, 1390.0], [78395.0, 4780.0], [78407.5, 1950.0], [78410.0, 6500.0], [78412.5, 3900.0], [78415.0, 13000.0], [78417.5, 3760.0], [78420.0, 12860.0], [78422.5, 2200.0], [78430.0, 1950.0], [78432.5, 6500.0], [78445.0, 1960.0], [78447.5, 6520.0], [78455.0, 1960.0], [78457.5, 6520.0], [78480.0, 6450.0], [78482.5, 20.0], [78540.0, 6390.0], [78545.0, 20.0]]}}}
{"jsonrpc": "2.0", "method": "subscription", "params": {"channel": "book.BTC-11APR25.none.20.100ms", "data": {"timestamp": 1744126073876, "change_id": 96262388965, "instrument_name": "BTC-11APR25", "bids": [[78312.5, 3100.0], [78310.0, 10000.0], [78305.0, 1430.0], [78302.5, 4780.0], [78297.5, 2260.0], [78295.0, 7520.0], [78285.0, 2240.0], [78282.5, 7460.0], [78275.0, 12140.0], [78272.5, 7460.0], [78257.5, 7490.0], [78237.5, 2250.0], [78235.0, 7500.0], [78232.5, 20.0], [78227.5, 2230.0], [78225.0, 7440.0], [78220.0, 9660.0], [78217.5, 24740.0], [78215.0, 7460.0], [78205.0, 7440.0]], "asks": [[78340.0, 4780.0], [78345.0, 41800.0], [78347.5, 180.0], [78350.0, 76280.0], [78352.5, 57500.0], [78355.0, 10100.0], [78380.0, 7460.0], [78402.5, 7380.0], [78415.0, 2220.0], [78417.5, 7380.0], [78420.0, 20.0], [78442.5, 7380.0], [78477.5, 7490.0], [78482.5, 20.0], [78510.0, 24110.0], [78517.5, 7680.0], [78532.5, 25270.0], [78535.0, 105000.0], [78537.5, 7520.0], [78545.0, 20.0]]}}}
{"jsonrpc": "2.0", "method": "subscription", "params": {"channel": "book.BTC-18APR25.none.20.100ms", "data": {"timestamp": 1744126073923, "change_id": 96262389138, "instrument_name": "BTC-18APR25", "bids": [[78390.0, 2210.0], [78375.0, 5050.0], [78372.5, 16500.0], [78362.5, 850.0], [78360.0, 6720.0], [78357.5, 6460.0], [78350.0, 1940.0], [78347.5, 6450.0], [78337.5, 6520.0], [78330.0, 1950.0], [78327.5, 6500.0], [78325.0, 1840.0], [78322.5, 6140.0], [78320.0, 1940.0], [78317.5, 6450.0], [78307.5, 1980.0], [78305.0, 6590.0], [78297.5, 1940.0], [78295.0, 6460.0], [78287.5, 1960.0]], "asks": [[78392.5, 10.0], [78395.0, 4660.0], [78397.5, 8700.0], [78400.0, 6980.0], [78412.5, 1950.0], [78415.0, 6500.0], [78417.5, 3760.0], [78420.0, 12200.0], [78432.5, 6500.0], [78447.5, 6520.0], [78455.0, 1960.0], [78457.5, 6520.0], [78477.5, 1940.0], [78480.0, 6450.0], [78482.5, 20.0], [78540.0, 6390.0], [78545.0, 20.0], [78605.0, 6640.0], [78607.5, 20.0], [78627.5, 18530.0]]}}}
{"jsonrpc": "2.0", "method": "subscription", "params": {"channel": "book.BTC-11APR25.none.20.100ms", "data": {"timestamp": 1744126073996, "change_id": 96262390230, "instrument_name": "BTC-11APR25", "bids": [[78312.5, 3100.0], [78310.0, 10000.0], [78305.0, 1430.0], [78302.5, 4780.0], [78297.5, 2260.0], [78295.0, 11440.0], [78292.5, 13050.0], [78285.0, 2240.0], [78282.5, 7460.0], [78277.5, 3640.0], [78275.0, 14380.0], [78272.5, 7460.0], [78260.0, 2250.0], [78257.5, 7490.0], [78237.5, 2250.0], [78235.0, 7500.0], [78232.5, 20.0], [78227.5, 2230.0], [78225.0, 7440.0], [78220.0, 9660.0]], "asks": [[78340.0, 4780.0], [78345.0, 64270.0], [78347.5, 180.0], [78350.0, 154620.0], [78352.5, 57500.0], [78355.0, 10100.0], [78377.5, 2240.0], [78380.0, 7460.0], [78400.0, 2210.0], [78402.5, 7380.0], [78415.0, 2220.0], [78417.5, 7380.0], [78420.0, 20.0], [78440.0, 2210.0], [78442.5, 7380.0], [78475.0, 2250.0], [78477.5, 7490.0], [78482.5, 20.0], [78510.0, 24110.0], [78517.5, 7680.0]]}}}
{"jsonrpc": "2.0", "method": "subscription", "params": {"channel": "book.BTC-18APR25.none.20.100ms", "data": {"timestamp": 1744126074229, "change_id": 96262390250, "instrument_name": "BTC-18APR25", "bids": [[78392.5, 2200.0], [78385.0, 1950.0], [78382.5, 6500.0], [78375.0, 5050.0], [78372.5, 16500.0], [78362.5, 1330.0], [78360.0, 6720.0], [78357.5, 6460.0], [78350.0, 1940.0], [78347.5, 6450.0], [78340.0, 1960.0], [78337.5, 6520.0], [78330.0, 1950.0], [78327.5, 6500.0], [78325.0, 1840.0], [78322.5, 6140.0], [78320.0, 1940.0], [78317.5, 6450.0], [78307.5, 1980.0], [78305.0, 6590.0]], "asks": [[78397.5, 4300.0], [78400.0, 6980.0], [78412.5, 1950.0], [78415.0, 6500.0], [78417.5, 3760.0], [78420.0, 12200.0], [78430.0, 1950.0], [78432.5, 6500.0], [78445.0, 1960.0], [78447.5, 6520.0], [78455.0, 1960.0], [78457.5, 6520.0], [78477.5, 1940.0], [78480.0, 6450.0], [78482.5, 20.0], [78540.0, 6390.0], [78545.0, 20.0], [78605.0, 6640.0], [78607.5, 20.0], [78627.5, 18530.0]]}}}
{"jsonrpc": "2.0", "method": "subscription", "params": {"channel": "book.BTC-11APR25.none.20.100ms", "data": {"timestamp": 1744126074466, "change_id": 96262390569, "instrument_name": "BTC-11APR25", "bids": [[78312.5, 3100.0], [78310.0, 10000.0], [78305.0, 1430.0], [78302.5, 4780.0], [78297.5, 2260.0], [78295.0, 11440.0], [78292.5, 13050.0], [78285.0, 2240.0], [78282.5, 7460.0], [78280.0, 2000.0], [78277.5, 3640.0], [78275.0, 14380.0], [78272.5, 7460.0], [78260.0, 2250.0], [78257.5, 7490.0], [78237.5, 2250.0], [78235.0, 7500.0], [78232.5, 20.0], [78227.5, 2230.0], [78225.0, 7440.0]], "asks": [[78340.0, 4780.0], [78345.0, 64270.0], [78347.5, 180.0], [78350.0, 154620.0], [78352.5, 57500.0], [78355.0, 10100.0], [78377.5, 2240.0], [78380.0, 7460.0], [78400.0, 2210.0], [78402.5, 7380.0], [78415.0, 2220.0], [78417.5, 7380.0], [78420.0, 20.0], [78440.0, 2210.0], [78442.5, 7380.0], [78475.0, 2250.0], [78477.5, 7490.0], [78482.5, 20.0], [78510.0, 24110.0], [78517.5, 7680.0]]}}}
{"jsonrpc": "2.0", "method": "subscription", "params": {"channel": "book.BTC-18APR25.none.20.100ms", "data": {"timestamp": 1744126074589, "change_id": 96262390787, "instrument_name": "BTC-18APR25", "bids": [[78397.5, 10.0], [78385.0, 1950.0], [78382.5, 6500.0], [78375.0, 5050.0], [78372.5, 16500.0], [78362.5, 1330.0], [78360.0, 6720.0], [78357.5, 6460.0], [78350.0, 1940.0], [78347.5, 6450.0], [78340.0, 1960.0], [78337.5, 6520.0], [78330.0, 1950.0], [78327.5, 6500.0], [78325.0, 1840.0], [78322.5, 8140.0], [78320.0, 1940.0], [78317.5, 6450.0], [78307.5, 1980.0], [78305.0, 6590.0]], "asks": [[78400.0, 11290.0], [78407.5, 660.0], [78410.0, 2200.0], [78412.5, 1950.0], [78415.0, 6500.0], [78417.5, 3760.0], [78420.0, 10000.0], [78430.0, 1950.0], [78432.5, 6500.0], [78445.0, 1960.0], [78447.5, 6520.0], [78455.0, 1960.0], [78457.5, 6520.0], [78477.5, 1940.0], [78480.0, 6450.0], [78482.5, 20.0], [78540.0, 6390.0], [78545.0, 20.0], [78605.0, 6640.0], [78607.5, 20.0]]}}}
{"jsonrpc": "2.0", "method": "subscription", "params": {"channel": "book.BTC-11APR25.none.20.100ms", "data": {"timestamp": 1744126074808, "change_id": 96262391034, "instrument_name": "BTC-11APR25", "bids": [[78312.5, 3100.0], [78310.0, 14780.0], [78297.5, 2260.0], [78295.0, 7520.0], [78285.0, 2240.0], [78282.5, 7460.0], [78280.0, 2000.0], [78277.5, 3640.0], [78275.0, 14380.0], [78272.5, 7460.0], [78260.0, 2250.0], [78257.5, 7490.0], [78237.5, 2250.0], [78235.0, 7500.0], [78232.5, 20.0], [78227.5, 2230.0], [78225.0, 7440.0], [78220.0, 9380.0], [78215.0, 32200.0], [78207.5, 2230.0]], "asks": [[78340.0, 4780.0], [78345.0, 64270.0], [78347.5, 180.0], [78350.0, 154620.0], [78352.5, 57500.0], [78355.0, 10100.0], [78377.5, 2240.0], [78380.0, 7460.0], [78400.0, 2210.0], [78402.5, 7380.0], [78415.0, 2220.0], [78417.5, 7380.0], [78420.0, 20.0], [78440.0, 2210.0], [78442.5, 7380.0], [78475.0, 2250.0], [78477.5, 7490.0], [78482.5, 20.0], [78510.0, 24110.0], [78517.5, 7680.0]]}}}
{"jsonrpc": "2.0", "method": "subscription", "params": {"channel": "book.BTC-18APR25.none.20.100ms", "data": {"timestamp": 1744126074930, "change_id": 96262391167, "instrument_name": "BTC-18APR25", "bids": [[78397.5, 10.0], [78395.0, 1320.0], [78392.5, 2200.0], [78390.0, 4150.0], [78387.5, 8700.0], [78385.0, 1950.0], [78382.5, 6500.0], [78375.0, 5050.0], [78372.5, 16500.0], [78370.0, 1430.0], [78367.5, 4780.0], [78360.0, 1940.0], [78357.5, 6460.0], [78350.0, 1940.0], [78347.5, 6450.0], [78340.0, 1960.0], [78337.5, 6520.0], [78330.0, 1950.0], [78327.5, 6500.0], [78325.0, 1840.0]], "asks": [[78400.0, 11290.0], [78407.5, 660.0], [78410.0, 2200.0], [78412.5, 1950.0], [78415.0, 6500.0], [78417.5, 3760.0], [78420.0, 10000.0], [78430.0, 1950.0], [78432.5, 6500.0], [78445.0, 1960.0], [78447.5, 6520.0], [78455.0, 1960.0], [78457.5, 6520.0], [78477.5, 1940.0], [78480.0, 6450.0], [78482.5, 20.0], [78540.0, 6390.0], [78545.0, 20.0], [78605.0, 6640.0], [78607.5, 20.0]]}}}
{"jsonrpc": "2.0", "method": "subscription", "params": {"channel": "book.BTC-11APR25.none.20.100ms", "data": {"timestamp": 1744126075007, "change_id": 96262391578, "instrument_name": "BTC-11APR25", "bids": [[78312.5, 3100.0], [78310.0, 14780.0], [78302.5, 6460.0], [78300.0, 21520.0], [78297.5, 2260.0], [78295.0, 7520.0], [78285.0, 2240.0], [78282.5, 7460.0], [78280.0, 2000.0], [78277.5, 3640.0], [78275.0, 14380.0], [78272.5, 7460.0], [78260.0, 2250.0], [78257.5, 7490.0], [78237.5, 2250.0], [78235.0, 7500.0], [78232.5, 20.0], [78227.5, 2230.0], [78225.0, 7440.0], [78220.0, 9380.0]], "asks": [[78337.5, 1430.0], [78340.0, 4780.0], [78342.5, 8250.0], [78345.0, 64270.0], [78347.5, 180.0], [78350.0, 154620.0], [78352.5, 57500.0], [78355.0, 10100.0], [78377.5, 2240.0], [78380.0, 7460.0], [78400.0, 2210.0], [78402.5, 7380.0], [78415.0, 2220.0], [78417.5, 7380.0], [78420.0, 20.0], [78440.0, 2210.0], [78442.5, 7380.0], [78475.0, 2250.0], [78477.5, 7490.0], [78482.5, 20.0]]}}}
{"jsonrpc": "2.0", "method": "subscription", "params": {"channel": "book.BTC-18APR25.none.20.100ms", "data": {"timestamp": 1744126075059, "change_id": 96262391603, "instrument_name": "BTC-18APR25", "bids": [[78395.0, 2210.0], [78392.5, 9360.0], [78390.0, 4150.0], [78387.5, 8700.0], [78385.0, 1950.0], [78382.5, 6500.0], [78375.0, 5050.0], [78372.5, 16500.0], [78370.0, 1430.0], [78367.5, 4780.0], [78360.0, 1940.0], [78357.5, 6460.0], [78350.0, 1940.0], [78347.5, 6450.0], [78340.0, 1960.0], [78337.5, 6520.0], [78330.0, 1950.0], [78327.5, 6500.0], [78325.0, 1840.0], [78322.5, 8140.0]], "asks": [[78397.5, 2200.0], [78400.0, 11280.0], [78407.5, 660.0], [78410.0, 2200.0], [78412.5, 1950.0], [78415.0, 6500.0], [78417.5, 3760.0], [78420.0, 10000.0], [78430.0, 1950.0], [78432.5, 6500.0], [78445.0, 1960.0], [78447.5, 6520.0], [78455.0, 1960.0], [78457.5, 6520.0], [78477.5, 1940.0], [78480.0, 6450.0], [78482.5, 20.0], [78540.0, 6390.0], [78545.0, 20.0], [78605.0, 6640.0]]}}}
{"jsonrpc": "2.0", "method": "subscription", "params": {"channel": "book.BTC-11APR25.none.20.100ms", "data": {"timestamp": 1744126075277, "change_id": 96262392074, "instrument_name": "BTC-11APR25", "bids": [[78312.5, 3100.0], [78310.0, 14780.0], [78302.5, 6460.0], [78300.0, 21520.0], [78297.5, 2260.0], [78295.0, 7520.0], [78285.0, 6200.0], [78282.5, 7460.0], [78280.0, 14140.0], [78275.0, 2240.0], [78272.5, 7460.0], [78260.0, 2250.0], [78257.5, 7490.0], [78237.5, 2250.0], [78235.0, 7500.0], [78232.5, 20.0], [78227.5, 2230.0], [78225.0, 7440.0], [78220.0, 9380.0], [78215.0, 32200.0]], "asks": [[78337.5, 1430.0], [78340.0, 4780.0], [78342.5, 8250.0], [78345.0, 64270.0], [78347.5, 180.0], [78350.0, 154620.0], [78352.5, 57500.0], [78355.0, 10100.0], [78377.5, 2240.0], [78380.0, 7460.0], [78400.0, 2210.0], [78402.5, 7380.0], [78415.0, 2220.0], [78417.5, 7380.0], [78420.0, 20.0], [78440.0, 2210.0], [78442.5, 7380.0], [78475.0, 2250.0], [78477.5, 7490.0], [78482.5, 20.0]]}}}
{"jsonrpc": "2.0", "method": "subscription", "params": {"channel": "book.BTC-18APR25.none.20.100ms", "data": {"timestamp": 1744126075509, "change_id": 96262392600, "instrument_name": "BTC-18APR25", "bids": [[78392.5, 2210.0], [78390.0, 4150.0], [78387.5, 6500.0], [78385.0, 1970.0], [78382.5, 6560.0], [78375.0, 5050.0], [78372.5, 16500.0], [78370.0, 1430.0], [78367.5, 4780.0], [78360.0, 1940.0], [78357.5, 6460.0], [78350.0, 1940.0], [78347.5, 6450.0], [78340.0, 1960.0], [78337.5, 6520.0], [78330.0, 1950.0], [78327.5, 6500.0], [78325.0, 1840.0], [78322.5, 8140.0], [78320.0, 1940.0]], "asks": [[78395.0, 2200.0], [78397.5, 10130.0], [78400.0, 4780.0], [78407.5, 660.0], [78410.0, 2200.0], [78412.5, 4150.0], [78415.0, 6500.0], [78417.5, 3760.0], [78420.0, 10000.0], [78430.0, 1950.0], [78432.5, 6500.0], [78445.0, 1960.0], [78447.5, 6520.0], [78455.0, 1960.0], [78457.5, 6520.0], [78477.5, 1940.0], [78480.0, 6450.0], [78482.5, 20.0], [78540.0, 6390.0], [78545.0, 20.0]]}}}
{"jsonrpc": "2.0", "method": "subscription", "params": {"channel": "book.BTC-18APR25.none.20.100ms", "data": {"timestamp": 1744126075819, "change_id": 96262393086, "instrument_name": "BTC-18APR25", "bids": [[78397.5, 2210.0], [78395.0, 2860.0], [78392.5, 2200.0], [78390.0, 1950.0], [78387.5, 6500.0], [78385.0, 1970.0], [78382.5, 6560.0], [78375.0, 5050.0], [78372.5, 16500.0], [78370.0, 1430.0], [78367.5, 4780.0], [78360.0, 1940.0], [78357.5, 6460.0], [78350.0, 1940.0], [78347.5, 6450.0], [78340.0, 1960.0], [78337.5, 6520.0], [78330.0, 1950.0], [78327.5, 6500.0], [78325.0, 1840.0]], "asks": [[78400.0, 4790.0], [78407.5, 660.0], [78410.0, 2200.0], [78412.5, 4150.0], [78415.0, 6500.0], [78417.5, 3760.0], [78420.0, 10000.0], [78430.0, 1950.0], [78432.5, 6500.0], [78445.0, 1960.0], [78447.5, 6520.0], [78455.0, 1960.0], [78457.5, 6520.0], [78477.5, 1940.0], [78480.0, 6450.0], [78482.5, 20.0], [78540.0, 6390.0], [78545.0, 20.0], [78605.0, 6640.0], [78607.5, 20.0]]}}}
{"jsonrpc": "2.0", "method": "subscription", "params": {"channel": "book.BTC-11APR25.none.20.100ms", "data": {"timestamp": 1744126076011, "change_id": 96262393823, "instrument_name": "BTC-11APR25", "bids": [[78312.5, 3100.0], [78310.0, 14780.0], [78302.5, 6460.0], [78300.0, 21520.0], [78297.5, 2260.0], [78295.0, 7520.0], [78285.0, 6200.0], [78282.5, 7460.0], [78280.0, 14140.0], [78275.0, 2240.0], [78272.5, 7460.0], [78260.0, 2250.0], [78257.5, 7490.0], [78237.5, 2250.0], [78235.0, 7500.0], [78232.5, 20.0], [78227.5, 2230.0], [78225.0, 7440.0], [78220.0, 9380.0], [78215.0, 32200.0]], "asks": [[78337.5, 1430.0], [78340.0, 4780.0], [78342.5, 6000.0], [78345.0, 56770.0], [78347.5, 180.0], [78350.0, 154620.0], [78352.5, 57500.0], [78355.0, 10100.0], [78377.5, 2240.0], [78380.0, 7460.0], [78400.0, 2210.0], [78402.5, 7380.0], [78415.0, 2220.0], [78417.5, 7380.0], [78420.0, 20.0], [78440.0, 2210.0], [78442.5, 7380.0], [78475.0, 2250.0], [78477.5, 7490.0], [78482.5, 20.0]]}}}
{"jsonrpc": "2.0", "method": "subscription", "params": {"channel": "book.BTC-18APR25.none.20.100ms", "data": {"timestamp": 1744126076201, "change_id": 96262393831, "instrument_name": "BTC-18APR25", "bids": [[78397.5, 8710.0], [78395.0, 2860.0], [78392.5, 2200.0], [78390.0, 1950.0], [78387.5, 6500.0], [78385.0, 1970.0], [78382.5, 6560.0], [78375.0, 5050.0], [78372.5, 16500.0], [78370.0, 1430.0], [78367.5, 4780.0], [78360.0, 1940.0], [78357.5, 6460.0], [78350.0, 1940.0], [78347.5, 6450.0], [78340.0, 1960.0], [78337.5, 6520.0], [78330.0, 1950.0], [78327.5, 6500.0], [78325.0, 1840.0]], "asks": [[78400.0, 4780.0], [78407.5, 660.0], [78410.0, 2860.0], [78412.5, 2200.0], [78417.5, 3760.0], [78420.0, 16560.0], [78430.0, 1950.0], [78432.5, 6500.0], [78445.0, 1960.0], [78447.5, 6520.0], [78455.0, 1960.0], [78457.5, 6520.0], [78477.5, 1940.0], [78480.0, 6450.0], [78482.5, 20.0], [78540.0, 6390.0], [78545.0, 20.0], [78605.0, 6640.0], [78607.5, 20.0], [78627.5, 18530.0]]}}}
{"jsonrpc": "2.0", "method": "subscription", "params": {"channel": "book.BTC-18APR25.none.20.100ms", "data": {"timestamp": 1744126076564, "change_id": 96262394244, "instrument_name": "BTC-18APR25", "bids": [[78397.5, 2210.0], [78395.0, 1240.0], [78392.5, 2200.0], [78390.0, 4150.0], [78387.5, 6500.0], [78385.0, 1970.0], [78382.5, 6560.0], [78375.0, 5050.0], [78372.5, 16500.0], [78370.0, 1430.0], [78367.5, 4780.0], [78360.0, 1940.0], [78357.5, 6460.0], [78350.0, 1940.0], [78347.5, 6450.0], [78340.0, 1960.0], [78337.5, 6520.0], [78330.0, 1950.0], [78327.5, 6500.0], [78325.0, 1840.0]], "asks": [[78400.0, 11280.0], [78407.5, 2550.0], [78410.0, 8760.0], [78412.5, 660.0], [78415.0, 2200.0], [78417.5, 3760.0], [78420.0, 16560.0], [78430.0, 1950.0], [78432.5, 6500.0], [78445.0, 1960.0], [78447.5, 6520.0], [78455.0, 1960.0], [78457.5, 6520.0], [78477.5, 1940.0], [78480.0, 6450.0], [78482.5, 20.0], [78537.5, 1920.0], [78540.0, 6390.0], [78545.0, 20.0], [78605.0, 6640.0]]}}}
{"jsonrpc": "2.0", "method": "subscription", "params": {"channel": "book.BTC-18APR25.none.20.100ms", "data": {"timestamp": 1744126076811, "change_id": 96262394485, "instrument_name": "BTC-18APR25", "bids": [[78397.5, 2210.0], [78395.0, 1240.0], [78392.5, 2200.0], [78390.0, 4150.0], [78387.5, 6500.0], [78385.0, 1970.0], [78382.5, 6560.0], [78375.0, 5050.0], [78372.5, 16500.0], [78370.0, 1430.0], [78367.5, 4780.0], [78360.0, 1940.0], [78357.5, 6460.0], [78350.0, 1940.0], [78347.5, 6450.0], [78340.0, 1960.0], [78337.5, 6520.0], [78330.0, 1950.0], [78327.5, 6500.0], [78325.0, 1840.0]], "asks": [[78400.0, 4780.0], [78407.5, 660.0], [78410.0, 2200.0], [78412.5, 660.0], [78415.0, 2200.0], [78417.5, 3760.0], [78420.0, 16560.0], [78430.0, 1950.0], [78432.5, 6500.0], [78445.0, 1960.0], [78447.5, 6520.0], [78455.0, 1960.0], [78457.5, 6520.0], [78477.5, 1940.0], [78480.0, 6450.0], [78482.5, 20.0], [78537.5, 1920.0], [78540.0, 6390.0], [78545.0, 20.0], [78605.0, 6640.0]]}}}
{"jsonrpc": "2.0", "method": "subscription", "params": {"channel": "book.BTC-18APR25.none.20.100ms", "data": {"timestamp": 1744126077216, "change_id": 96262395085, "instrument_name": "BTC-18APR25", "bids": [[78397.5, 2210.0], [78395.0, 1240.0], [78392.5, 2200.0], [78390.0, 4150.0], [78387.5, 6500.0], [78385.0, 1970.0], [78382.5, 6560.0], [78375.0, 5050.0], [78372.5, 16500.0], [78370.0, 1430.0], [78367.5, 4780.0], [78360.0, 1940.0], [78357.5, 6460.0], [78350.0, 1940.0], [78347.5, 6450.0], [78340.0, 1960.0], [78337.5, 6520.0], [78330.0, 1950.0], [78327.5, 6500.0], [78325.0, 1840.0]], "asks": [[78400.0, 11280.0], [78407.5, 2550.0], [78410.0, 8760.0], [78412.5, 660.0], [78415.0, 2200.0], [78417.5, 3760.0], [78420.0, 16560.0], [78430.0, 1950.0], [78432.5, 6500.0], [78445.0, 1960.0], [78447.5, 6520.0], [78455.0, 1960.0], [78457.5, 6520.0], [78477.5, 1940.0], [78480.0, 6450.0], [78482.5, 20.0], [78537.5, 1920.0], [78540.0, 6390.0], [78545.0, 20.0], [78605.0, 6640.0]]}}}
{"jsonrpc": "2.0", "method": "subscription", "params": {"channel": "book.BTC-18APR25.none.20.100ms", "data": {"timestamp": 1744126077491, "change_id": 96262395433, "instrument_name": "BTC-18APR25", "bids": [[78397.5, 8710.0], [78395.0, 1240.0], [78392.5, 2200.0], [78390.0, 4150.0], [78387.5, 8700.0], [78385.0, 1970.0], [78382.5, 6560.0], [78375.0, 5050.0], [78372.5, 16500.0], [78370.0, 1430.0], [78367.5, 4780.0], [78360.0, 1940.0], [78357.5, 6460.0], [78350.0, 1940.0], [78347.5, 6450.0], [78340.0, 1960.0], [78337.5, 6520.0], [78330.0, 1950.0], [78327.5, 6500.0], [78325.0, 1840.0]], "asks": [[78400.0, 4790.0], [78407.5, 660.0], [78410.0, 2200.0], [78412.5, 660.0], [78415.0, 2200.0], [78417.5, 5960.0], [78420.0, 16560.0], [78430.0, 1950.0], [78432.5, 6500.0], [78445.0, 1960.0], [78447.5, 6520.0], [78455.0, 1960.0], [78457.5, 6520.0], [78477.5, 1940.0], [78480.0, 6450.0], [78482.5, 20.0], [78537.5, 1920.0], [78540.0, 6390.0], [78545.0, 20.0], [78605.0, 6640.0]]}}}
{"jsonrpc": "2.0", "method": "subscription", "params": {"channel": "book.BTC-11APR25.none.20.100ms", "data": {"timestamp": 1744126077896, "change_id": 96262396459, "instrument_name": "BTC-11APR25", "bids": [[78335.0, 180.0], [78330.0, 1600.0], [78327.5, 1000.0], [78325.0, 2960.0], [78322.5, 1000.0], [78320.0, 6130.0], [78317.5, 1000.0], [78315.0, 6710.0], [78312.5, 7600.0], [78310.0, 10000.0], [78302.5, 6460.0], [78300.0, 21520.0], [78297.5, 2260.0], [78295.0, 7520.0], [78285.0, 14380.0], [78282.5, 7460.0], [78280.0, 2000.0], [78275.0, 2240.0], [78272.5, 7460.0], [78260.0, 2250.0]], "asks": [[78340.0, 9850.0], [78342.5, 6000.0], [78345.0, 56770.0], [78350.0, 135050.0], [78352.5, 7500.0], [78355.0, 14880.0], [78387.5, 2240.0], [78390.0, 7460.0], [78400.0, 2210.0], [78402.5, 7380.0], [78415.0, 2220.0], [78417.5, 7380.0], [78420.0, 20.0], [78440.0, 2210.0], [78442.5, 7380.0], [78475.0, 2250.0], [78477.5, 7490.0], [78482.5, 20.0], [78510.0, 24110.0], [78517.5, 7680.0]]}}}
{"jsonrpc": "2.0", "method": "subscription", "params": {"channel": "book.BTC-18APR25.none.20.100ms", "data": {"timestamp": 1744126077763, "change_id": 96262396473, "instrument_name": "BTC-18APR25", "bids": [[78407.5, 2210.0], [78405.0, 1320.0], [78402.5, 2200.0], [78400.0, 2860.0], [78397.5, 2200.0], [78395.0, 3130.0], [78392.5, 8760.0], [78390.0, 2200.0], [78385.0, 1970.0], [78382.5, 16560.0], [78380.0, 1460.0], [78377.5, 4780.0], [78375.0, 5050.0], [78372.5, 6500.0], [78360.0, 1940.0], [78357.5, 6460.0], [78350.0, 1940.0], [78347.5, 6450.0], [78340.0, 1960.0], [78337.5, 6520.0]], "asks": [[78410.0, 6500.0], [78412.5, 10180.0], [78415.0, 6500.0], [78417.5, 2300.0], [78420.0, 11970.0], [78422.5, 6560.0], [78430.0, 1950.0], [78432.5, 6500.0], [78445.0, 1960.0], [78447.5, 6520.0], [78455.0, 1960.0], [78457.5, 6520.0], [78477.5, 1940.0], [78480.0, 6450.0], [78482.5, 20.0], [78537.5, 1920.0], [78540.0, 6390.0], [78545.0, 20.0], [78605.0, 6640.0], [78607.5, 20.0]]}}}
{"jsonrpc": "2.0", "method": "subscription", "params": {"channel": "book.BTC-11APR25.none.20.100ms", "data": {"timestamp": 1744126078168, "change_id": 96262397227, "instrument_name": "BTC-11APR25", "bids": [[78335.0, 180.0], [78330.0, 1600.0], [78327.5, 1000.0], [78325.0, 5820.0], [78322.5, 1100.0], [78320.0, 16130.0], [78317.5, 1000.0], [78315.0, 2250.0], [78312.5, 7500.0], [78302.5, 6460.0], [78300.0, 21520.0], [78297.5, 2260.0], [78295.0, 7520.0], [78287.5, 12140.0], [78285.0, 2240.0], [78282.5, 7460.0], [78280.0, 2000.0], [78275.0, 2240.0], [78272.5, 7460.0], [78260.0, 2250.0]], "asks": [[78342.5, 6000.0], [78345.0, 35000.0], [78350.0, 56710.0], [78352.5, 7500.0], [78355.0, 14780.0], [78367.5, 100.0], [78380.0, 7460.0], [78387.5, 2240.0], [78390.0, 7460.0], [78400.0, 2210.0], [78402.5, 7380.0], [78415.0, 2220.0], [78417.5, 7380.0], [78420.0, 20.0], [78440.0, 2210.0], [78442.5, 7380.0], [78475.0, 2250.0], [78477.5, 7490.0], [78482.5, 20.0], [78510.0, 24110.0]]}}}
{"jsonrpc": "2.0", "method": "subscription", "params": {"channel": "book.BTC-18APR25.none.20.100ms", "data": {"timestamp": 1744126078222, "change_id": 96262397286, "instrument_name": "BTC-18APR25", "bids": [[78407.5, 2200.0], [78405.0, 1320.0], [78402.5, 2200.0], [78400.0, 2860.0], [78397.5, 2200.0], [78395.0, 3130.0], [78392.5, 8760.0], [78390.0, 2200.0], [78385.0, 4820.0], [78382.5, 16560.0], [78380.0, 1460.0], [78377.5, 4780.0], [78375.0, 1950.0], [78372.5, 6500.0], [78360.0, 1940.0], [78357.5, 6460.0], [78350.0, 1940.0], [78347.5, 6450.0], [78340.0, 1960.0], [78337.5, 6520.0]], "asks": [[78410.0, 2210.0], [78412.5, 14940.0], [78417.5, 2200.0], [78420.0, 11970.0], [78422.5, 6560.0], [78430.0, 2050.0], [78432.5, 6500.0], [78445.0, 1960.0], [78447.5, 6520.0], [78455.0, 1960.0], [78457.5, 6520.0], [78477.5, 1940.0], [78480.0, 6450.0], [78482.5, 20.0], [78537.5, 1920.0], [78540.0, 6390.0], [78545.0, 20.0], [78605.0, 6640.0], [78607.5, 20.0], [78627.5, 18530.0]]}}}
{"jsonrpc": "2.0", "method": "subscription", "params": {"channel": "book.BTC-11APR25.none.20.100ms", "data": {"timestamp": 1744126078398, "change_id": 96262397424, "instrument_name": "BTC-11APR25", "bids": [[78335.0, 180.0], [78330.0, 1600.0], [78327.5, 1000.0], [78325.0, 5820.0], [78322.5, 1100.0], [78320.0, 16130.0], [78317.5, 1000.0], [78315.0, 2250.0], [78312.5, 7500.0], [78297.5, 2260.0], [78295.0, 14980.0], [78287.5, 12140.0], [78285.0, 2240.0], [78282.5, 7460.0], [78280.0, 2000.0], [78275.0, 2240.0], [78272.5, 7460.0], [78260.0, 2250.0], [78257.5, 7490.0], [78237.5, 2250.0]], "asks": [[78340.0, 9850.0], [78342.5, 6000.0], [78345.0, 35000.0], [78350.0, 56710.0], [78352.5, 7500.0], [78355.0, 14780.0], [78367.5, 100.0], [78387.5, 2240.0], [78390.0, 7460.0], [78400.0, 2210.0], [78402.5, 7380.0], [78415.0, 2220.0], [78417.5, 7380.0], [78420.0, 20.0], [78440.0, 2210.0], [78442.5, 7380.0], [78475.0, 2250.0], [78477.5, 7490.0], [78482.5, 20.0], [78510.0, 24110.0]]}}}
{"jsonrpc": "2.0", "method": "subscription", "params": {"channel": "book.BTC-18APR25.none.20.100ms", "data": {"timestamp": 1744126078423, "change_id": 96262397434, "instrument_name": "BTC-18APR25", "bids": [[78410.0, 2210.0], [78407.5, 2200.0], [78405.0, 660.0], [78402.5, 2200.0], [78400.0, 1240.0], [78397.5, 2200.0], [78395.0, 4170.0], [78392.5, 6560.0], [78385.0, 4820.0], [78382.5, 16560.0], [78380.0, 1460.0], [78377.5, 4780.0], [78375.0, 1950.0], [78372.5, 6500.0], [78360.0, 1940.0], [78357.5, 6460.0], [78350.0, 1940.0], [78347.5, 6450.0], [78340.0, 1960.0], [78337.5, 6520.0]], "asks": [[78412.5, 11290.0], [78417.5, 5200.0], [78420.0, 11970.0], [78422.5, 6560.0], [78430.0, 2050.0], [78432.5, 6500.0], [78445.0, 1960.0], [78447.5, 6520.0], [78455.0, 1960.0], [78457.5, 6520.0], [78477.5, 1940.0], [78480.0, 6450.0], [78482.5, 20.0], [78537.5, 1920.0], [78540.0, 6390.0], [78545.0, 20.0], [78605.0, 6640.0], [78607.5, 20.0], [78627.5, 18530.0], [78635.0, 12760.0]]}}}
{"jsonrpc": "2.0", "method": "subscription", "params": {"channel": "book.BTC-11APR25.none.20.100ms", "data": {"timestamp": 1744126078884, "change_id": 96262397961, "instrument_name": "BTC-11APR25", "bids": [[78335.0, 180.0], [78330.0, 1600.0], [78327.5, 1000.0], [78325.0, 5820.0], [78322.5, 1100.0], [78320.0, 16130.0], [78317.5, 1000.0], [78315.0, 2250.0], [78312.5, 7500.0], [78297.5, 4210.0], [78295.0, 14980.0], [78287.5, 12140.0], [78285.0, 2240.0], [78282.5, 7460.0], [78280.0, 2000.0], [78275.0, 2240.0], [78272.5, 7460.0], [78260.0, 2250.0], [78257.5, 7490.0], [78237.5, 2250.0]], "asks": [[78340.0, 9850.0], [78342.5, 6000.0], [78345.0, 35000.0], [78350.0, 56710.0], [78352.5, 7500.0], [78355.0, 14780.0], [78367.5, 100.0], [78377.5, 2240.0], [78380.0, 7460.0], [78387.5, 2240.0], [78390.0, 7460.0], [78400.0, 2210.0], [78402.5, 7380.0], [78415.0, 2220.0], [78417.5, 7380.0], [78420.0, 20.0], [78440.0, 2210.0], [78442.5, 7380.0], [78475.0, 2250.0], [78477.5, 7490.0]]}}}
{"jsonrpc": "2.0", "method": "subscription", "params": {"channel": "book.BTC-18APR25.none.20.100ms", "data": {"timestamp": 1744126078882, "change_id": 96262397954, "instrument_name": "BTC-18APR25", "bids": [[78405.0, 10.0], [78402.5, 2200.0], [78400.0, 1240.0], [78397.5, 2200.0], [78395.0, 4170.0], [78392.5, 6560.0], [78385.0, 4820.0], [78382.5, 16560.0], [78380.0, 1460.0], [78377.5, 4780.0], [78375.0, 1950.0], [78372.5, 6500.0], [78360.0, 1940.0], [78357.5, 6460.0], [78350.0, 1940.0], [78347.5, 6450.0], [78340.0, 1960.0], [78337.5, 6520.0], [78332.5, 1840.0], [78330.0, 8090.0]], "asks": [[78407.5, 8700.0], [78410.0, 10130.0], [78412.5, 4780.0], [78417.5, 5200.0], [78420.0, 11970.0], [78422.5, 6560.0], [78430.0, 2050.0], [78432.5, 6500.0], [78445.0, 1960.0], [78447.5, 6520.0], [78455.0, 1960.0], [78457.5, 6520.0], [78477.5, 1940.0], [78480.0, 6450.0], [78482.5, 20.0], [78537.5, 1920.0], [78540.0, 6390.0], [78545.0, 20.0], [78605.0, 6640.0], [78607.5, 20.0]]}}}
{"jsonrpc": "2.0", "method": "subscription", "params": {"channel": "book.BTC-11APR25.none.20.100ms", "data": {"timestamp": 1744126079032, "change_id": 96262399312, "instrument_name": "BTC-11APR25", "bids": [[78322.5, 100.0], [78312.5, 1000.0], [78310.0, 3000.0], [78307.5, 10000.0], [78305.0, 1430.0], [78302.5, 4780.0], [78297.5, 2260.0], [78295.0, 7520.0], [78280.0, 2000.0], [78277.5, 12140.0], [78275.0, 2240.0], [78272.5, 7460.0], [78260.0, 2250.0], [78257.5, 7490.0], [78237.5, 2250.0], [78235.0, 7500.0], [78232.5, 20.0], [78227.5, 2230.0], [78225.0, 7440.0], [78220.0, 2240.0]], "asks": [[78327.5, 180.0], [78332.5, 3410.0], [78335.0, 17910.0], [78340.0, 20000.0], [78345.0, 15000.0], [78350.0, 53000.0], [78355.0, 88350.0], [78357.5, 100.0], [78370.0, 7460.0], [78377.5, 2240.0], [78380.0, 7460.0], [78390.0, 7460.0], [78400.0, 2210.0], [78402.5, 7380.0], [78415.0, 2220.0], [78417.5, 7380.0], [78420.0, 20.0], [78440.0, 2210.0], [78442.5, 7380.0], [78475.0, 2250.0]]}}}
{"jsonrpc": "2.0", "method": "subscription", "params": {"channel": "book.BTC-18APR25.none.20.100ms", "data": {"timestamp": 1744126079223, "change_id": 96262399315, "instrument_name": "BTC-18APR25", "bids": [[78387.5, 10.0], [78372.5, 100.0], [78370.0, 10000.0], [78367.5, 6560.0], [78362.5, 4780.0], [78357.5, 6460.0], [78347.5, 6450.0], [78337.5, 6520.0], [78327.5, 6500.0], [78325.0, 6140.0], [78322.5, 2000.0], [78317.5, 6450.0], [78305.0, 6590.0], [78295.0, 6460.0], [78285.0, 6520.0], [78275.0, 6520.0], [78270.0, 18290.0], [78265.0, 6560.0], [78262.5, 6280.0], [78242.5, 6390.0]], "asks": [[78390.0, 6500.0], [78395.0, 4780.0], [78400.0, 2200.0], [78402.5, 2200.0], [78405.0, 8760.0], [78407.5, 2200.0], [78410.0, 2200.0], [78417.5, 2200.0], [78420.0, 10100.0], [78422.5, 6560.0], [78432.5, 6500.0], [78447.5, 6520.0], [78457.5, 6520.0], [78480.0, 6450.0], [78482.5, 20.0], [78540.0, 6390.0], [78545.0, 20.0], [78605.0, 6640.0], [78607.5, 20.0], [78627.5, 18530.0]]}}}
{"jsonrpc": "2.0", "method": "subscription", "params": {"channel": "book.BTC-11APR25.none.20.100ms", "data": {"timestamp": 1744126079490, "change_id": 96262400097, "instrument_name": "BTC-11APR25", "bids": [[78317.5, 180.0], [78312.5, 1000.0], [78310.0, 100.0], [78307.5, 10000.0], [78300.0, 1440.0], [78297.5, 4780.0], [78295.0, 20.0], [78280.0, 2000.0], [78267.5, 7460.0], [78265.0, 12140.0], [78260.0, 2250.0], [78257.5, 7490.0], [78237.5, 2250.0], [78235.0, 7500.0], [78232.5, 20.0], [78225.0, 7440.0], [78215.0, 7460.0], [78205.0, 7440.0], [78202.5, 24740.0], [78197.5, 26300.0]], "asks": [[78325.0, 3680.0], [78327.5, 12280.0], [78330.0, 8250.0], [78332.5, 20000.0], [78335.0, 7500.0], [78345.0, 15000.0], [78350.0, 53000.0], [78355.0, 88350.0], [78357.5, 100.0], [78370.0, 7460.0], [78380.0, 7460.0], [78390.0, 7460.0], [78402.5, 7380.0], [78415.0, 2220.0], [78417.5, 7380.0], [78420.0, 20.0], [78440.0, 2210.0], [78442.5, 7380.0], [78475.0, 2250.0], [78477.5, 7490.0]]}}}
{"jsonrpc": "2.0", "method": "subscription", "params": {"channel": "book.BTC-18APR25.none.20.100ms", "data": {"timestamp": 1744126079480, "change_id": 96262400069, "instrument_name": "BTC-18APR25", "bids": [[78380.0, 10.0], [78377.5, 660.0], [78375.0, 2200.0], [78372.5, 5300.0], [78370.0, 11970.0], [78367.5, 6560.0], [78360.0, 3370.0], [78357.5, 6460.0], [78355.0, 4780.0], [78347.5, 6450.0], [78337.5, 6520.0], [78327.5, 6500.0], [78322.5, 2000.0], [78317.5, 6450.0], [78307.5, 6140.0], [78305.0, 6590.0], [78295.0, 6460.0], [78285.0, 6520.0], [78275.0, 6520.0], [78265.0, 6560.0]], "asks": [[78385.0, 10540.0], [78387.5, 6980.0], [78390.0, 6500.0], [78395.0, 6560.0], [78397.5, 660.0], [78400.0, 5490.0], [78402.5, 2200.0], [78405.0, 8760.0], [78417.5, 5230.0], [78420.0, 10100.0], [78422.5, 6560.0], [78432.5, 6500.0], [78447.5, 6520.0], [78457.5, 6520.0], [78480.0, 6450.0], [78482.5, 20.0], [78540.0, 6390.0], [78545.0, 20.0], [78605.0, 6640.0], [78607.5, 20.0]]}}}
{"jsonrpc": "2.0", "method": "subscription", "params": {"channel": "book.BTC-11APR25.none.20.100ms", "data": {"timestamp": 1744126079800, "change_id": 96262400552, "instrument_name": "BTC-11APR25", "bids": [[78317.5, 180.0], [78312.5, 1000.0], [78310.0, 100.0], [78307.5, 10000.0], [78300.0, 1440.0], [78297.5, 4780.0], [78295.0, 20.0], [78280.0, 2000.0], [78267.5, 19600.0], [78260.0, 2250.0], [78257.5, 7490.0], [78237.5, 2250.0], [78235.0, 7500.0], [78232.5, 20.0], [78225.0, 7440.0], [78215.0, 7460.0], [78205.0, 7440.0], [78202.5, 24740.0], [78197.5, 26300.0], [78195.0, 7450.0]], "asks": [[78325.0, 1430.0], [78327.5, 4780.0], [78330.0, 8250.0], [78332.5, 20000.0], [78335.0, 7500.0], [78345.0, 15000.0], [78347.5, 100.0], [78350.0, 53000.0], [78355.0, 10000.0], [78370.0, 7460.0], [78380.0, 7460.0], [78390.0, 7460.0], [78402.5, 7380.0], [78415.0, 2220.0], [78417.5, 7380.0], [78420.0, 20.0], [78440.0, 2210.0], [78442.5, 7380.0], [78475.0, 2250.0], [78477.5, 7490.0]]}}}
{"jsonrpc": "2.0", "method": "subscription", "params": {"channel": "book.BTC-18APR25.none.20.100ms", "data": {"timestamp": 1744126079856, "change_id": 96262400614, "instrument_name": "BTC-18APR25", "bids": [[78385.0, 10.0], [78382.5, 2200.0], [78377.5, 660.0], [78375.0, 2200.0], [78372.5, 5300.0], [78370.0, 11970.0], [78367.5, 6560.0], [78360.0, 3370.0], [78357.5, 6460.0], [78355.0, 4780.0], [78350.0, 1940.0], [78347.5, 6450.0], [78340.0, 1960.0], [78337.5, 6520.0], [78330.0, 1950.0], [78327.5, 6500.0], [78325.0, 600.0], [78322.5, 2000.0], [78320.0, 1940.0], [78317.5, 6450.0]], "asks": [[78387.5, 13490.0], [78390.0, 6500.0], [78397.5, 660.0], [78400.0, 5490.0], [78402.5, 2200.0], [78405.0, 8760.0], [78407.5, 3000.0], [78410.0, 10100.0], [78415.0, 690.0], [78417.5, 2200.0], [78420.0, 1970.0], [78422.5, 6560.0], [78430.0, 1950.0], [78432.5, 6500.0], [78445.0, 1960.0], [78447.5, 6520.0], [78455.0, 1960.0], [78457.5, 6520.0], [78480.0, 6450.0], [78482.5, 20.0]]}}}
{"jsonrpc": "2.0", "method": "subscription", "params": {"channel": "book.BTC-11APR25.none.20.100ms", "data": {"timestamp": 1744126080198, "change_id": 96262401193, "instrument_name": "BTC-11APR25", "bids": [[78317.5, 1180.0], [78312.5, 1000.0], [78310.0, 100.0], [78307.5, 10000.0], [78300.0, 1440.0], [78297.5, 4780.0], [78295.0, 20.0], [78282.5, 600.0], [78280.0, 2000.0], [78267.5, 19600.0], [78260.0, 2250.0], [78257.5, 7490.0], [78237.5, 2250.0], [78235.0, 7500.0], [78232.5, 20.0], [78227.5, 2230.0], [78225.0, 7440.0], [78215.0, 7460.0], [78205.0, 7440.0], [78202.5, 24740.0]], "asks": [[78325.0, 1430.0], [78327.5, 4780.0], [78330.0, 8250.0], [78332.5, 20000.0], [78335.0, 46000.0], [78337.5, 50000.0], [78340.0, 78330.0], [78342.5, 3000.0], [78345.0, 10000.0], [78347.5, 100.0], [78367.5, 2240.0], [78370.0, 7460.0], [78380.0, 7460.0], [78390.0, 7460.0], [78400.0, 2210.0], [78402.5, 7380.0], [78415.0, 2220.0], [78417.5, 7380.0], [78420.0, 20.0], [78440.0, 2210.0]]}}}
{"jsonrpc": "2.0", "method": "subscription", "params": {"channel": "book.BTC-18APR25.none.20.100ms", "data": {"timestamp": 1744126080105, "change_id": 96262401142, "instrument_name": "BTC-18APR25", "bids": [[78385.0, 10.0], [78382.5, 2200.0], [78377.5, 660.0], [78375.0, 2200.0], [78372.5, 5300.0], [78370.0, 11970.0], [78367.5, 6560.0], [78360.0, 3370.0], [78357.5, 6460.0], [78355.0, 4780.0], [78350.0, 1940.0], [78347.5, 6450.0], [78340.0, 1960.0], [78337.5, 6520.0], [78330.0, 1950.0], [78327.5, 6500.0], [78325.0, 600.0], [78322.5, 2000.0], [78320.0, 1940.0], [78317.5, 6450.0]], "asks": [[78387.5, 13480.0], [78390.0, 6500.0], [78397.5, 660.0], [78400.0, 5490.0], [78402.5, 2200.0], [78405.0, 8760.0], [78407.5, 3000.0], [78410.0, 10100.0], [78415.0, 690.0], [78417.5, 2200.0], [78420.0, 1970.0], [78422.5, 6560.0], [78430.0, 1950.0], [78432.5, 6500.0], [78445.0, 1960.0], [78447.5, 6520.0], [78480.0, 6450.0], [78482.5, 20.0], [78540.0, 6390.0], [78545.0, 20.0]]}}}
{"jsonrpc": "2.0", "method": "subscription", "params": {"channel": "book.BTC-11APR25.none.20.100ms", "data": {"timestamp": 1744126080439, "change_id": 96262401385, "instrument_name": "BTC-11APR25", "bids": [[78317.5, 1000.0], [78312.5, 1000.0], [78310.0, 100.0], [78307.5, 10000.0], [78300.0, 1440.0], [78297.5, 4780.0], [78295.0, 20.0], [78282.5, 600.0], [78280.0, 2000.0], [78267.5, 19600.0], [78260.0, 2250.0], [78257.5, 7490.0], [78237.5, 2250.0], [78235.0, 7500.0], [78232.5, 20.0], [78227.5, 2230.0], [78225.0, 7440.0], [78215.0, 7460.0], [78205.0, 7440.0], [78202.5, 24740.0]], "asks": [[78325.0, 1520.0], [78327.5, 4780.0], [78330.0, 8250.0], [78332.5, 20000.0], [78335.0, 46000.0], [78337.5, 50000.0], [78340.0, 78330.0], [78342.5, 3000.0], [78345.0, 10000.0], [78347.5, 100.0], [78367.5, 2240.0], [78370.0, 7460.0], [78380.0, 7460.0], [78390.0, 7460.0], [78400.0, 2210.0], [78402.5, 7380.0], [78415.0, 2220.0], [78417.5, 7380.0], [78420.0, 20.0], [78440.0, 2210.0]]}}}
{"jsonrpc": "2.0", "method": "subscription", "params": {"channel": "book.BTC-18APR25.none.20.100ms", "data": {"timestamp": 1744126080528, "change_id": 96262401570, "instrument_name": "BTC-18APR25", "bids": [[78385.0, 10.0], [78377.5, 660.0], [78375.0, 2200.0], [78372.5, 5300.0], [78370.0, 11970.0], [78367.5, 6560.0], [78360.0, 3370.0], [78357.5, 6460.0], [78355.0, 4780.0], [78350.0, 1940.0], [78347.5, 6450.0], [78340.0, 1960.0], [78337.5, 6520.0], [78330.0, 1950.0], [78327.5, 6500.0], [78325.0, 600.0], [78322.5, 2000.0], [78320.0, 1940.0], [78317.5, 6450.0], [78312.5, 1840.0]], "asks": [[78387.5, 6980.0], [78390.0, 6500.0], [78392.5, 660.0], [78395.0, 2200.0], [78400.0, 3290.0], [78402.5, 2200.0], [78405.0, 8760.0], [78407.5, 3000.0], [78410.0, 10100.0], [78415.0, 690.0], [78417.5, 2200.0], [78420.0, 1970.0], [78422.5, 6560.0], [78430.0, 1950.0], [78432.5, 6500.0], [78445.0, 1960.0], [78447.5, 6520.0], [78480.0, 6450.0], [78482.5, 20.0], [78540.0, 6390.0]]}}}
{"jsonrpc": "2.0", "method": "subscription", "params": {"channel": "book.BTC-11APR25.none.20.100ms", "data": {"timestamp": 1744126080806, "change_id": 96262401897, "instrument_name": "BTC-11APR25", "bids": [[78317.5, 180.0], [78312.5, 1000.0], [78310.0, 100.0], [78307.5, 10000.0], [78300.0, 1440.0], [78297.5, 4780.0], [78295.0, 20.0], [78282.5, 600.0], [78280.0, 2000.0], [78267.5, 19600.0], [78260.0, 2250.0], [78257.5, 7490.0], [78237.5, 2250.0], [78235.0, 7500.0], [78232.5, 20.0], [78215.0, 7460.0], [78205.0, 7440.0], [78202.5, 24740.0], [78200.0, 10130.0], [78197.5, 26300.0]], "asks": [[78320.0, 140.0], [78325.0, 1430.0], [78327.5, 4780.0], [78330.0, 8250.0], [78332.5, 20000.0], [78335.0, 46000.0], [78337.5, 50000.0], [78340.0, 78330.0], [78342.5, 3000.0], [78345.0, 10000.0], [78347.5, 100.0], [78380.0, 7460.0], [78390.0, 7460.0], [78400.0, 2210.0], [78402.5, 7380.0], [78415.0, 2220.0], [78417.5, 7380.0], [78420.0, 20.0], [78440.0, 2210.0], [78442.5, 7380.0]]}}}
{"jsonrpc": "2.0", "method": "subscription", "params": {"channel": "book.BTC-18APR25.none.20.100ms", "data": {"timestamp": 1744126080829, "change_id": 96262401921, "instrument_name": "BTC-18APR25", "bids": [[78380.0, 10.0], [78377.5, 660.0], [78375.0, 2200.0], [78372.5, 5300.0], [78370.0, 11970.0], [78367.5, 6560.0], [78360.0, 3370.0], [78357.5, 6460.0], [78355.0, 4780.0], [78350.0, 1940.0], [78347.5, 6450.0], [78340.0, 1960.0], [78337.5, 6520.0], [78330.0, 1950.0], [78327.5, 6500.0], [78325.0, 600.0], [78322.5, 2000.0], [78320.0, 1940.0], [78317.5, 6450.0], [78315.0, 1840.0]], "asks": [[78382.5, 8710.0], [78385.0, 10790.0], [78387.5, 6980.0], [78392.5, 2630.0], [78395.0, 8760.0], [78400.0, 3290.0], [78402.5, 2200.0], [78405.0, 8760.0], [78407.5, 3000.0], [78410.0, 10100.0], [78415.0, 690.0], [78417.5, 2200.0], [78420.0, 1970.0], [78422.5, 6560.0], [78430.0, 1950.0], [78432.5, 6500.0], [78445.0, 1960.0], [78447.5, 6520.0], [78480.0, 6450.0], [78482.5, 20.0]]}}}
{"jsonrpc": "2.0", "method": "subscription", "params": {"channel": "book.BTC-11APR25.none.20.100ms", "data": {"timestamp": 1744126081187, "change_id": 96262403595, "instrument_name": "BTC-11APR25", "bids": [[78310.0, 1100.0], [78307.5, 10000.0], [78300.0, 310.0], [78297.5, 1000.0], [78295.0, 20.0], [78282.5, 600.0], [78280.0, 2000.0], [78270.0, 7350.0], [78267.5, 12140.0], [78260.0, 2250.0], [78257.5, 7490.0], [78237.5, 2250.0], [78235.0, 7500.0], [78232.5, 20.0], [78217.5, 2240.0], [78215.0, 7460.0], [78205.0, 7440.0], [78202.5, 24740.0], [78200.0, 10130.0], [78197.5, 26300.0]], "asks": [[78320.0, 140.0], [78325.0, 1430.0], [78327.5, 4780.0], [78330.0, 8250.0], [78332.5, 20000.0], [78335.0, 46000.0], [78337.5, 50000.0], [78340.0, 78330.0], [78342.5, 3000.0], [78345.0, 10000.0], [78347.5, 100.0], [78360.0, 7350.0], [78377.5, 2240.0], [78380.0, 7460.0], [78390.0, 7460.0], [78400.0, 2210.0], [78402.5, 7380.0], [78415.0, 2220.0], [78417.5, 7380.0], [78420.0, 20.0]]}}}
{"jsonrpc": "2.0", "method": "subscription", "params": {"channel": "book.BTC-18APR25.none.20.100ms", "data": {"timestamp": 1744126081196, "change_id": 96262403622, "instrument_name": "BTC-18APR25", "bids": [[78380.0, 2210.0], [78377.5, 10650.0], [78375.0, 9530.0], [78372.5, 100.0], [78370.0, 11970.0], [78367.5, 6560.0], [78360.0, 1940.0], [78357.5, 6460.0], [78350.0, 1940.0], [78347.5, 6450.0], [78340.0, 1960.0], [78337.5, 6520.0], [78330.0, 1950.0], [78327.5, 6500.0], [78325.0, 600.0], [78322.5, 2000.0], [78320.0, 1940.0], [78317.5, 6450.0], [78315.0, 1840.0], [78312.5, 6140.0]], "asks": [[78382.5, 2200.0], [78385.0, 3630.0], [78387.5, 4780.0], [78400.0, 3290.0], [78402.5, 2200.0], [78405.0, 8760.0], [78407.5, 3000.0], [78410.0, 10100.0], [78420.0, 1970.0], [78422.5, 6560.0], [78430.0, 1950.0], [78432.5, 6500.0], [78445.0, 1960.0], [78447.5, 6520.0], [78477.5, 1940.0], [78480.0, 6450.0], [78482.5, 20.0], [78540.0, 6390.0], [78545.0, 20.0], [78605.0, 6640.0]]}}}
{"jsonrpc": "2.0", "method": "subscription", "params": {"channel": "book.BTC-11APR25.none.20.100ms", "data": {"timestamp": 1744126081258, "change_id": 96262404195, "instrument_name": "BTC-11APR25", "bids": [[78315.0, 1180.0], [78310.0, 1100.0], [78300.0, 3270.0], [78297.5, 1000.0], [78295.0, 10020.0], [78292.5, 1430.0], [78290.0, 4780.0], [78282.5, 600.0], [78280.0, 2000.0], [78270.0, 7350.0], [78267.5, 12140.0], [78260.0, 2250.0], [78257.5, 7490.0], [78237.5, 2250.0], [78235.0, 7500.0], [78232.5, 20.0], [78217.5, 2240.0], [78215.0, 7460.0], [78205.0, 7440.0], [78202.5, 24740.0]], "asks": [[78325.0, 1430.0], [78327.5, 4780.0], [78330.0, 8250.0], [78332.5, 20000.0], [78335.0, 46000.0], [78337.5, 50000.0], [78340.0, 78330.0], [78342.5, 3000.0], [78345.0, 10000.0], [78347.5, 100.0], [78360.0, 7350.0], [78377.5, 2240.0], [78380.0, 7460.0], [78390.0, 7460.0], [78400.0, 2210.0], [78402.5, 7380.0], [78415.0, 2220.0], [78417.5, 7380.0], [78420.0, 20.0], [78440.0, 2210.0]]}}}
{"jsonrpc": "2.0", "method": "subscription", "params": {"channel": "book.BTC-18APR25.none.20.100ms", "data": {"timestamp": 1744126081421, "change_id": 96262404206, "instrument_name": "BTC-18APR25", "bids": [[78380.0, 6510.0], [78377.5, 2200.0], [78375.0, 3030.0], [78372.5, 100.0], [78370.0, 11970.0], [78367.5, 6560.0], [78360.0, 1940.0], [78357.5, 6460.0], [78350.0, 3130.0], [78347.5, 11230.0], [78340.0, 1960.0], [78337.5, 6520.0], [78330.0, 1950.0], [78327.5, 6500.0], [78325.0, 600.0], [78322.5, 2000.0], [78320.0, 1940.0], [78317.5, 6450.0], [78315.0, 1840.0], [78312.5, 6140.0]], "asks": [[78382.5, 2200.0], [78385.0, 3630.0], [78387.5, 4780.0], [78400.0, 3290.0], [78402.5, 2200.0], [78405.0, 8760.0], [78407.5, 3000.0], [78410.0, 10100.0], [78420.0, 1970.0], [78422.5, 6560.0], [78430.0, 1950.0], [78432.5, 6500.0], [78445.0, 1960.0], [78447.5, 6520.0], [78477.5, 1940.0], [78480.0, 6450.0], [78482.5, 20.0], [78540.0, 6390.0], [78545.0, 20.0], [78605.0, 6640.0]]}}}
{"jsonrpc": "2.0", "method": "subscription", "params": {"channel": "book.BTC-11APR25.none.20.100ms", "data": {"timestamp": 1744126081826, "change_id": 96262405032, "instrument_name": "BTC-11APR25", "bids": [[78310.0, 1100.0], [78300.0, 3270.0], [78297.5, 1000.0], [78295.0, 10020.0], [78292.5, 1430.0], [78290.0, 4780.0], [78282.5, 600.0], [78280.0, 2000.0], [78267.5, 12140.0], [78260.0, 2250.0], [78257.5, 7490.0], [78237.5, 2250.0], [78235.0, 7500.0], [78232.5, 20.0], [78217.5, 2240.0], [78215.0, 7460.0], [78205.0, 7440.0], [78202.5, 24740.0], [78200.0, 10130.0], [78197.5, 26300.0]], "asks": [[78320.0, 70.0], [78325.0, 1430.0], [78327.5, 4780.0], [78330.0, 8250.0], [78332.5, 20000.0], [78335.0, 46000.0], [78337.5, 50000.0], [78340.0, 78330.0], [78342.5, 3000.0], [78345.0, 10000.0], [78347.5, 100.0], [78360.0, 7350.0], [78377.5, 2240.0], [78380.0, 7460.0], [78390.0, 7460.0], [78400.0, 2210.0], [78402.5, 7380.0], [78415.0, 2220.0], [78417.5, 7380.0], [78420.0, 20.0]]}}}
{"jsonrpc": "2.0", "method": "subscription", "params": {"channel": "book.BTC-18APR25.none.20.100ms", "data": {"timestamp": 1744126081870, "change_id": 96262405105, "instrument_name": "BTC-18APR25", "bids": [[78377.5, 10.0], [78375.0, 3030.0], [78372.5, 100.0], [78370.0, 11970.0], [78367.5, 6560.0], [78360.0, 1940.0], [78357.5, 6460.0], [78350.0, 3130.0], [78347.5, 11230.0], [78340.0, 1960.0], [78337.5, 6520.0], [78330.0, 1950.0], [78327.5, 6500.0], [78325.0, 600.0], [78322.5, 2000.0], [78320.0, 1940.0], [78317.5, 6450.0], [78315.0, 1840.0], [78312.5, 6140.0], [78307.5, 1980.0]], "asks": [[78380.0, 8700.0], [78382.5, 8700.0], [78385.0, 3630.0], [78387.5, 4780.0], [78390.0, 1970.0], [78392.5, 6560.0], [78400.0, 3290.0], [78402.5, 2200.0], [78405.0, 8760.0], [78407.5, 3000.0], [78410.0, 10100.0], [78420.0, 1970.0], [78422.5, 6560.0], [78430.0, 1950.0], [78432.5, 6500.0], [78445.0, 1960.0], [78447.5, 6520.0], [78477.5, 1940.0], [78480.0, 6450.0], [78482.5, 20.0]]}}}
{"jsonrpc": "2.0", "method": "subscription", "params": {"channel": "book.BTC-11APR25.none.20.100ms", "data": {"timestamp": 1744126082177, "change_id": 96262405969, "instrument_name": "BTC-11APR25", "bids": [[78302.5, 1000.0], [78300.0, 1000.0], [78297.5, 4110.0], [78295.0, 10020.0], [78292.5, 1430.0], [78290.0, 4780.0], [78270.0, 3640.0], [78267.5, 12140.0], [78260.0, 2250.0], [78257.5, 7490.0], [78237.5, 2250.0], [78235.0, 7500.0], [78232.5, 20.0], [78217.5, 2240.0], [78215.0, 7460.0], [78205.0, 14860.0], [78202.5, 24740.0], [78200.0, 10130.0], [78197.5, 26300.0], [78195.0, 7450.0]], "asks": [[78320.0, 70.0], [78325.0, 1430.0], [78327.5, 4780.0], [78330.0, 8250.0], [78332.5, 20000.0], [78335.0, 46000.0], [78337.5, 50000.0], [78340.0, 78330.0], [78342.5, 3000.0], [78345.0, 10000.0], [78347.5, 100.0], [78350.0, 7350.0], [78357.5, 2210.0], [78360.0, 7350.0], [78377.5, 2240.0], [78380.0, 7460.0], [78387.5, 2240.0], [78390.0, 7460.0], [78400.0, 2210.0], [78402.5, 7380.0]]}}}
{"jsonrpc": "2.0", "method": "subscription", "params": {"channel": "book.BTC-18APR25.none.20.100ms", "data": {"timestamp": 1744126082195, "change_id": 96262405977, "instrument_name": "BTC-18APR25", "bids": [[78367.5, 2200.0], [78365.0, 690.0], [78362.5, 2200.0], [78360.0, 4800.0], [78357.5, 16460.0], [78350.0, 3130.0], [78347.5, 11230.0], [78340.0, 1960.0], [78337.5, 6520.0], [78330.0, 1950.0], [78327.5, 6500.0], [78325.0, 600.0], [78322.5, 2000.0], [78320.0, 1940.0], [78317.5, 6450.0], [78312.5, 1840.0], [78310.0, 6140.0], [78307.5, 1980.0], [78305.0, 6590.0], [78297.5, 1940.0]], "asks": [[78372.5, 2210.0], [78375.0, 11970.0], [78377.5, 8700.0], [78380.0, 1320.0], [78382.5, 2200.0], [78385.0, 3630.0], [78387.5, 4780.0], [78390.0, 1970.0], [78392.5, 6560.0], [78400.0, 1970.0], [78405.0, 6560.0], [78407.5, 3000.0], [78410.0, 10100.0], [78420.0, 1970.0], [78422.5, 6560.0], [78430.0, 1950.0], [78432.5, 6500.0], [78445.0, 1960.0], [78447.5, 6520.0], [78477.5, 1940.0]]}}}
{"jsonrpc": "2.0", "method": "subscription", "params": {"channel": "book.BTC-11APR25.none.20.100ms", "data": {"timestamp": 1744126082365, "change_id": 96262406349, "instrument_name": "BTC-11APR25", "bids": [[78302.5, 1000.0], [78300.0, 1000.0], [78297.5, 1100.0], [78295.0, 10020.0], [78292.5, 1430.0], [78290.0, 4780.0], [78270.0, 3640.0], [78267.5, 12140.0], [78262.5, 600.0], [78260.0, 4250.0], [78257.5, 7490.0], [78237.5, 2250.0], [78235.0, 7500.0], [78232.5, 20.0], [78217.5, 2240.0], [78215.0, 7460.0], [78207.5, 2230.0], [78205.0, 14860.0], [78202.5, 24740.0], [78200.0, 10130.0]], "asks": [[78315.0, 1460.0], [78317.5, 4780.0], [78320.0, 70.0], [78330.0, 8250.0], [78332.5, 20000.0], [78335.0, 46000.0], [78337.5, 50100.0], [78340.0, 78330.0], [78342.5, 3000.0], [78345.0, 10000.0], [78347.5, 2210.0], [78350.0, 7350.0], [78357.5, 2210.0], [78360.0, 7350.0], [78377.5, 2240.0], [78380.0, 7460.0], [78387.5, 2240.0], [78390.0, 7460.0], [78400.0, 2210.0], [78402.5, 7380.0]]}}}
