{"jsonrpc": "2.0", "id": 1, "result": ["book.BTC-5SEP25.none.20.100ms"], "usIn": 1756432253154350, "usOut": 1756432253154728, "usDiff": 378, "testnet": false}
{"jsonrpc": "2.0", "method": "subscription", "params": {"channel": "book.BTC-5SEP25.none.20.100ms", "data": {"timestamp": 1756432252939, "change_id": 115420521636, "instrument_name": "BTC-5SEP25", "bids": [[111685.0, 4200.0], [111682.5, 5110.0], [111680.0, 26910.0], [111670.0, 1500.0], [111667.5, 5000.0], [111660.0, 15730.0], [111657.5, 2790.0], [111655.0, 51830.0], [111650.0, 1440.0], [111647.5, 6810.0], [111615.0, 1830.0], [111612.5, 6110.0], [111597.5, 840.0], [111595.0, 2800.0], [111582.5, 840.0], [111580.0, 2720.0], [111557.5, 830.0], [111555.0, 2780.0], [111552.5, 1840.0], [111550.0, 6130.0]], "asks": [[111687.5, 5000.0], [111700.0, 2760.0], [111702.5, 4810.0], [111725.0, 160.0], [111727.5, 1260.0], [111730.0, 6350.0], [111732.5, 7520.0], [111747.5, 810.0], [111750.0, 2700.0], [111757.5, 40.0], [111760.0, 810.0], [111762.5, 2700.0], [111765.0, 13320.0], [111767.5, 44400.0], [111772.5, 810.0], [111775.0, 2690.0], [111777.5, 5650.0], [111780.0, 18830.0], [111787.5, 810.0], [111790.0, 17710.0]]}}}
{"jsonrpc": "2.0", "method": "subscription", "params": {"channel": "book.BTC-5SEP25.none.20.100ms", "data": {"timestamp": 1756432253199, "change_id": 115420522121, "instrument_name": "BTC-5SEP25", "bids": [[111685.0, 4200.0], [111682.5, 5110.0], [111680.0, 26910.0], [111670.0, 1500.0], [111667.5, 5000.0], [111660.0, 15730.0], [111657.5, 2790.0], [111655.0, 51830.0], [111650.0, 1440.0], [111647.5, 6810.0], [111615.0, 1830.0], [111612.5, 6110.0], [111597.5, 840.0], [111595.0, 2800.0], [111582.5, 840.0], [111580.0, 2720.0], [111557.5, 830.0], [111555.0, 2780.0], [111552.5, 1840.0], [111550.0, 6130.0]], "asks": [[111687.5, 5000.0], [111700.0, 2760.0], [111702.5, 4810.0], [111725.0, 160.0], [111727.5, 1260.0], [111730.0, 6350.0], [111732.5, 7520.0], [111747.5, 810.0], [111750.0, 2700.0], [111757.5, 40.0], [111760.0, 810.0], [111762.5, 2700.0], [111765.0, 13320.0], [111767.5, 44400.0], [111772.5, 810.0], [111775.0, 2690.0], [111777.5, 5650.0], [111780.0, 18830.0], [111787.5, 810.0], [111790.0, 17710.0]]}}}
{"jsonrpc": "2.0", "method": "subscription", "params": {"channel": "book.BTC-5SEP25.none.20.100ms", "data": {"timestamp": 1756432253494, "change_id": 115420522520, "instrument_name": "BTC-5SEP25", "bids": [[111685.0, 4200.0], [111682.5, 5110.0], [111680.0, 26910.0], [111670.0, 1500.0], [111667.5, 5000.0], [111660.0, 15730.0], [111657.5, 2790.0], [111655.0, 51830.0], [111650.0, 1440.0], [111647.5, 6810.0], [111615.0, 1830.0], [111612.5, 6110.0], [111597.5, 840.0], [111595.0, 2800.0], [111582.5, 840.0], [111580.0, 2720.0], [111560.0, 1610.0], [111557.5, 2570.0], [111555.0, 2780.0], [111552.5, 1840.0]], "asks": [[111687.5, 7760.0], [111700.0, 2760.0], [111702.5, 4810.0], [111725.0, 160.0], [111727.5, 1260.0], [111730.0, 6350.0], [111732.5, 7520.0], [111747.5, 810.0], [111750.0, 2700.0], [111757.5, 40.0], [111760.0, 810.0], [111762.5, 2700.0], [111765.0, 13320.0], [111767.5, 44400.0], [111772.5, 810.0], [111775.0, 2690.0], [111777.5, 5650.0], [111780.0, 18830.0], [111787.5, 810.0], [111790.0, 17710.0]]}}}
{"jsonrpc": "2.0", "method": "subscription", "params": {"channel": "book.BTC-5SEP25.none.20.100ms", "data": {"timestamp": 1756432254152, "change_id": 115420523273, "instrument_name": "BTC-5SEP25", "bids": [[111685.0, 4200.0], [111682.5, 5110.0], [111680.0, 26910.0], [111670.0, 1500.0], [111667.5, 5000.0], [111660.0, 15730.0], [111657.5, 2790.0], [111655.0, 51830.0], [111650.0, 1440.0], [111647.5, 6810.0], [111615.0, 1830.0], [111612.5, 6110.0], [111597.5, 840.0], [111595.0, 2800.0], [111582.5, 840.0], [111580.0, 2720.0], [111560.0, 1610.0], [111557.5, 2570.0], [111555.0, 2780.0], [111552.5, 1840.0]], "asks": [[111687.5, 7760.0], [111700.0, 2760.0], [111702.5, 4810.0], [111725.0, 160.0], [111727.5, 1260.0], [111730.0, 6350.0], [111732.5, 7520.0], [111747.5, 810.0], [111750.0, 2700.0], [111757.5, 40.0], [111760.0, 810.0], [111762.5, 2700.0], [111765.0, 13320.0], [111767.5, 44400.0], [111772.5, 810.0], [111775.0, 2690.0], [111777.5, 5650.0], [111780.0, 18830.0], [111787.5, 810.0], [111790.0, 17710.0]]}}}
{"jsonrpc": "2.0", "method": "subscription", "params": {"channel": "book.BTC-5SEP25.none.20.100ms", "data": {"timestamp": 1756432254522, "change_id": 115420523857, "instrument_name": "BTC-5SEP25", "bids": [[111685.0, 4200.0], [111682.5, 5110.0], [111680.0, 26910.0], [111670.0, 1500.0], [111667.5, 5000.0], [111660.0, 15730.0], [111657.5, 2790.0], [111655.0, 51830.0], [111650.0, 1440.0], [111647.5, 6810.0], [111620.0, 1830.0], [111617.5, 6110.0], [111597.5, 840.0], [111595.0, 2800.0], [111582.5, 840.0], [111580.0, 2720.0], [111560.0, 1610.0], [111557.5, 2570.0], [111555.0, 2780.0], [111552.5, 1840.0]], "asks": [[111687.5, 5000.0], [111700.0, 2760.0], [111712.5, 160.0], [111727.5, 1260.0], [111730.0, 6350.0], [111732.5, 7520.0], [111747.5, 810.0], [111750.0, 2700.0], [111757.5, 40.0], [111760.0, 810.0], [111762.5, 2700.0], [111765.0, 13320.0], [111767.5, 44400.0], [111772.5, 810.0], [111775.0, 2690.0], [111777.5, 5650.0], [111780.0, 18830.0], [111787.5, 810.0], [111790.0, 17710.0], [111792.5, 50000.0]]}}}
{"jsonrpc": "2.0", "method": "subscription", "params": {"channel": "book.BTC-5SEP25.none.20.100ms", "data": {"timestamp": 1756432254597, "change_id": 115420523954, "instrument_name": "BTC-5SEP25", "bids": [[111685.0, 4200.0], [111682.5, 5110.0], [111680.0, 26910.0], [111670.0, 1500.0], [111667.5, 5000.0], [111660.0, 15730.0], [111657.5, 2790.0], [111655.0, 51830.0], [111650.0, 1440.0], [111647.5, 6810.0], [111620.0, 1830.0], [111617.5, 6110.0], [111597.5, 840.0], [111595.0, 2800.0], [111582.5, 840.0], [111580.0, 2720.0], [111560.0, 1610.0], [111557.5, 2570.0], [111555.0, 2780.0], [111552.5, 1840.0]], "asks": [[111687.5, 5000.0], [111700.0, 2760.0], [111702.5, 4810.0], [111712.5, 160.0], [111727.5, 1260.0], [111730.0, 6350.0], [111732.5, 7520.0], [111747.5, 810.0], [111750.0, 2700.0], [111757.5, 40.0], [111760.0, 810.0], [111762.5, 2700.0], [111765.0, 13320.0], [111767.5, 44400.0], [111772.5, 810.0], [111775.0, 2690.0], [111777.5, 5650.0], [111780.0, 18830.0], [111787.5, 810.0], [111790.0, 17710.0]]}}}
{"jsonrpc": "2.0", "method": "subscription", "params": {"channel": "book.BTC-5SEP25.none.20.100ms", "data": {"timestamp": 1756432257048, "change_id": 115420526935, "instrument_name": "BTC-5SEP25", "bids": [[111685.0, 4200.0], [111682.5, 5110.0], [111680.0, 26910.0], [111670.0, 1500.0], [111667.5, 5000.0], [111660.0, 15730.0], [111657.5, 2790.0], [111655.0, 51830.0], [111650.0, 1440.0], [111647.5, 6810.0], [111620.0, 1830.0], [111617.5, 6110.0], [111597.5, 840.0], [111595.0, 2800.0], [111582.5, 840.0], [111580.0, 2720.0], [111560.0, 1610.0], [111557.5, 2570.0], [111555.0, 2780.0], [111552.5, 1840.0]], "asks": [[111687.5, 7670.0], [111700.0, 2760.0], [111702.5, 4810.0], [111712.5, 160.0], [111727.5, 1260.0], [111730.0, 6350.0], [111732.5, 7520.0], [111747.5, 810.0], [111750.0, 2700.0], [111757.5, 40.0], [111760.0, 810.0], [111762.5, 2700.0], [111765.0, 13320.0], [111767.5, 44400.0], [111772.5, 810.0], [111775.0, 2690.0], [111777.5, 5650.0], [111780.0, 18830.0], [111787.5, 810.0], [111790.0, 17710.0]]}}}
{"jsonrpc": "2.0", "method": "subscription", "params": {"channel": "book.BTC-5SEP25.none.20.100ms", "data": {"timestamp": 1756432257547, "change_id": 115420527578, "instrument_name": "BTC-5SEP25", "bids": [[111685.0, 4200.0], [111682.5, 5110.0], [111680.0, 26910.0], [111670.0, 7610.0], [111667.5, 5000.0], [111660.0, 15730.0], [111657.5, 2790.0], [111655.0, 51830.0], [111650.0, 1440.0], [111647.5, 6810.0], [111597.5, 840.0], [111595.0, 2800.0], [111582.5, 2570.0], [111580.0, 8850.0], [111560.0, 1610.0], [111557.5, 2570.0], [111555.0, 2780.0], [111510.0, 3090.0], [111507.5, 10310.0], [111505.0, 800.0]], "asks": [[111687.5, 7670.0], [111700.0, 2760.0], [111702.5, 4810.0], [111712.5, 160.0], [111727.5, 1260.0], [111730.0, 6350.0], [111732.5, 7520.0], [111747.5, 810.0], [111750.0, 2700.0], [111757.5, 40.0], [111760.0, 810.0], [111762.5, 2700.0], [111765.0, 13320.0], [111767.5, 44400.0], [111772.5, 810.0], [111775.0, 2690.0], [111777.5, 5650.0], [111780.0, 18830.0], [111787.5, 810.0], [111790.0, 17710.0]]}}}
{"jsonrpc": "2.0", "method": "subscription", "params": {"channel": "book.BTC-5SEP25.none.20.100ms", "data": {"timestamp": 1756432257840, "change_id": 115420527863, "instrument_name": "BTC-5SEP25", "bids": [[111685.0, 4200.0], [111682.5, 160.0], [111677.5, 3610.0], [111675.0, 20000.0], [111672.5, 1830.0], [111670.0, 7610.0], [111667.5, 5000.0], [111660.0, 15730.0], [111657.5, 2790.0], [111655.0, 51830.0], [111650.0, 1440.0], [111647.5, 6810.0], [111597.5, 840.0], [111595.0, 2800.0], [111582.5, 2570.0], [111580.0, 8850.0], [111560.0, 1610.0], [111557.5, 2570.0], [111555.0, 2780.0], [111510.0, 3090.0]], "asks": [[111687.5, 7670.0], [111700.0, 2760.0], [111702.5, 4810.0], [111712.5, 160.0], [111727.5, 1260.0], [111730.0, 6350.0], [111732.5, 7520.0], [111747.5, 810.0], [111750.0, 2700.0], [111757.5, 40.0], [111760.0, 810.0], [111762.5, 2700.0], [111765.0, 13320.0], [111767.5, 44400.0], [111772.5, 810.0], [111775.0, 2690.0], [111777.5, 5650.0], [111780.0, 18830.0], [111787.5, 810.0], [111790.0, 17710.0]]}}}
{"jsonrpc": "2.0", "method": "subscription", "params": {"channel": "book.BTC-5SEP25.none.20.100ms", "data": {"timestamp": 1756432258005, "change_id": 115420528214, "instrument_name": "BTC-5SEP25", "bids": [[111685.0, 4200.0], [111682.5, 4970.0], [111677.5, 3610.0], [111675.0, 20000.0], [111672.5, 1830.0], [111670.0, 7610.0], [111667.5, 5000.0], [111660.0, 12340.0], [111657.5, 52790.0], [111650.0, 1440.0], [111647.5, 6810.0], [111597.5, 840.0], [111595.0, 2800.0], [111582.5, 2570.0], [111580.0, 8850.0], [111560.0, 1610.0], [111557.5, 2570.0], [111555.0, 2780.0], [111510.0, 3090.0], [111507.5, 10310.0]], "asks": [[111687.5, 7670.0], [111700.0, 2760.0], [111702.5, 4810.0], [111712.5, 160.0], [111727.5, 1260.0], [111730.0, 6350.0], [111732.5, 7520.0], [111747.5, 810.0], [111750.0, 2700.0], [111757.5, 40.0], [111760.0, 810.0], [111762.5, 2700.0], [111765.0, 13320.0], [111767.5, 44400.0], [111772.5, 810.0], [111775.0, 2690.0], [111777.5, 5650.0], [111780.0, 18830.0], [111787.5, 810.0], [111790.0, 17710.0]]}}}
{"jsonrpc": "2.0", "method": "subscription", "params": {"channel": "book.BTC-5SEP25.none.20.100ms", "data": {"timestamp": 1756432258537, "change_id": 115420528878, "instrument_name": "BTC-5SEP25", "bids": [[111685.0, 4200.0], [111682.5, 160.0], [111677.5, 3610.0], [111675.0, 20000.0], [111672.5, 1830.0], [111670.0, 7610.0], [111667.5, 5000.0], [111660.0, 12340.0], [111657.5, 52790.0], [111650.0, 1440.0], [111647.5, 6810.0], [111597.5, 840.0], [111595.0, 2800.0], [111582.5, 2570.0], [111580.0, 8850.0], [111560.0, 1610.0], [111557.5, 2570.0], [111555.0, 2780.0], [111510.0, 3090.0], [111507.5, 10310.0]], "asks": [[111687.5, 7670.0], [111700.0, 2760.0], [111702.5, 4810.0], [111712.5, 160.0], [111727.5, 1260.0], [111730.0, 6350.0], [111732.5, 7520.0], [111747.5, 810.0], [111750.0, 2700.0], [111757.5, 40.0], [111760.0, 810.0], [111762.5, 2700.0], [111765.0, 13320.0], [111767.5, 44400.0], [111772.5, 810.0], [111775.0, 2690.0], [111777.5, 5650.0], [111780.0, 18830.0], [111787.5, 810.0], [111790.0, 17710.0]]}}}
{"jsonrpc": "2.0", "method": "subscription", "params": {"channel": "book.BTC-5SEP25.none.20.100ms", "data": {"timestamp": 1756432258602, "change_id": 115420528949, "instrument_name": "BTC-5SEP25", "bids": [[111685.0, 4200.0], [111682.5, 4970.0], [111677.5, 3610.0], [111675.0, 20000.0], [111672.5, 1830.0], [111670.0, 7610.0], [111667.5, 5000.0], [111660.0, 12340.0], [111657.5, 52790.0], [111650.0, 1440.0], [111647.5, 6810.0], [111597.5, 840.0], [111595.0, 2800.0], [111582.5, 2570.0], [111580.0, 8850.0], [111560.0, 1610.0], [111557.5, 2570.0], [111555.0, 2780.0], [111510.0, 3090.0], [111507.5, 10310.0]], "asks": [[111687.5, 7670.0], [111700.0, 2760.0], [111702.5, 4810.0], [111712.5, 160.0], [111727.5, 1260.0], [111730.0, 6350.0], [111732.5, 7520.0], [111747.5, 810.0], [111750.0, 2700.0], [111757.5, 40.0], [111760.0, 810.0], [111762.5, 2700.0], [111765.0, 13320.0], [111767.5, 44400.0], [111772.5, 810.0], [111775.0, 2690.0], [111777.5, 5650.0], [111780.0, 18830.0], [111787.5, 810.0], [111790.0, 17710.0]]}}}
{"jsonrpc": "2.0", "method": "subscription", "params": {"channel": "book.BTC-5SEP25.none.20.100ms", "data": {"timestamp": 1756432259127, "change_id": 115420529444, "instrument_name": "BTC-5SEP25", "bids": [[111685.0, 4200.0], [111682.5, 4970.0], [111677.5, 3610.0], [111675.0, 20000.0], [111672.5, 1830.0], [111670.0, 7610.0], [111667.5, 5000.0], [111660.0, 12340.0], [111657.5, 52790.0], [111650.0, 1440.0], [111647.5, 6810.0], [111597.5, 840.0], [111595.0, 2800.0], [111582.5, 2570.0], [111580.0, 8850.0], [111560.0, 1610.0], [111557.5, 2570.0], [111555.0, 2780.0], [111510.0, 3090.0], [111507.5, 10310.0]], "asks": [[111687.5, 7670.0], [111700.0, 2760.0], [111702.5, 4810.0], [111712.5, 160.0], [111727.5, 1260.0], [111730.0, 6350.0], [111732.5, 7520.0], [111747.5, 810.0], [111750.0, 2700.0], [111757.5, 40.0], [111760.0, 810.0], [111762.5, 2700.0], [111765.0, 13320.0], [111767.5, 44400.0], [111772.5, 810.0], [111775.0, 2690.0], [111777.5, 5650.0], [111780.0, 18830.0], [111787.5, 810.0], [111790.0, 17710.0]]}}}
{"jsonrpc": "2.0", "method": "subscription", "params": {"channel": "book.BTC-5SEP25.none.20.100ms", "data": {"timestamp": 1756432260051, "change_id": 115420530711, "instrument_name": "BTC-5SEP25", "bids": [[111685.0, 4200.0], [111682.5, 4970.0], [111677.5, 3610.0], [111675.0, 20000.0], [111672.5, 1830.0], [111670.0, 7610.0], [111667.5, 5000.0], [111660.0, 12340.0], [111657.5, 52790.0], [111650.0, 1440.0], [111647.5, 6810.0], [111597.5, 840.0], [111595.0, 2800.0], [111582.5, 2570.0], [111580.0, 8850.0], [111560.0, 1610.0], [111557.5, 2570.0], [111555.0, 2780.0], [111510.0, 3090.0], [111507.5, 10310.0]], "asks": [[111687.5, 5000.0], [111700.0, 2760.0], [111702.5, 4810.0], [111712.5, 160.0], [111727.5, 1260.0], [111730.0, 6350.0], [111732.5, 7520.0], [111747.5, 810.0], [111750.0, 2700.0], [111757.5, 40.0], [111760.0, 810.0], [111762.5, 2700.0], [111765.0, 13320.0], [111767.5, 44400.0], [111772.5, 810.0], [111775.0, 2690.0], [111777.5, 5650.0], [111780.0, 18830.0], [111787.5, 810.0], [111790.0, 17710.0]]}}}
{"jsonrpc": "2.0", "method": "subscription", "params": {"channel": "book.BTC-5SEP25.none.20.100ms", "data": {"timestamp": 1756432260390, "change_id": 115420531098, "instrument_name": "BTC-5SEP25", "bids": [[111685.0, 4200.0], [111682.5, 4970.0], [111677.5, 3610.0], [111675.0, 20000.0], [111672.5, 1830.0], [111670.0, 7610.0], [111667.5, 5000.0], [111660.0, 12340.0], [111657.5, 52790.0], [111650.0, 1440.0], [111647.5, 6810.0], [111597.5, 840.0], [111595.0, 2800.0], [111582.5, 2570.0], [111580.0, 8850.0], [111560.0, 1610.0], [111557.5, 2570.0], [111555.0, 2780.0], [111510.0, 3090.0], [111507.5, 10310.0]], "asks": [[111687.5, 5000.0], [111700.0, 2760.0], [111702.5, 4810.0], [111712.5, 160.0], [111727.5, 1260.0], [111730.0, 6350.0], [111732.5, 7520.0], [111747.5, 810.0], [111750.0, 2700.0], [111757.5, 40.0], [111760.0, 810.0], [111762.5, 2700.0], [111765.0, 13320.0], [111767.5, 44400.0], [111772.5, 810.0], [111775.0, 2690.0], [111777.5, 5650.0], [111780.0, 18830.0], [111787.5, 810.0], [111790.0, 17710.0]]}}}
{"jsonrpc": "2.0", "method": "subscription", "params": {"channel": "book.BTC-5SEP25.none.20.100ms", "data": {"timestamp": 1756432261080, "change_id": 115420531940, "instrument_name": "BTC-5SEP25", "bids": [[111685.0, 4200.0], [111682.5, 4970.0], [111677.5, 3610.0], [111675.0, 20000.0], [111672.5, 1830.0], [111670.0, 7610.0], [111667.5, 5000.0], [111660.0, 12340.0], [111657.5, 52790.0], [111650.0, 1440.0], [111647.5, 6810.0], [111597.5, 840.0], [111595.0, 2800.0], [111582.5, 2570.0], [111580.0, 8850.0], [111560.0, 1610.0], [111557.5, 2570.0], [111555.0, 2780.0], [111510.0, 3090.0], [111507.5, 10310.0]], "asks": [[111687.5, 5000.0], [111700.0, 2760.0], [111702.5, 4810.0], [111712.5, 160.0], [111727.5, 1260.0], [111730.0, 6350.0], [111732.5, 7520.0], [111747.5, 810.0], [111750.0, 2700.0], [111757.5, 40.0], [111760.0, 810.0], [111762.5, 2700.0], [111765.0, 13320.0], [111767.5, 44400.0], [111772.5, 810.0], [111775.0, 2690.0], [111777.5, 5650.0], [111780.0, 18830.0], [111787.5, 810.0], [111790.0, 17710.0]]}}}
{"jsonrpc": "2.0", "method": "subscription", "params": {"channel": "book.BTC-5SEP25.none.20.100ms", "data": {"timestamp": 1756432261824, "change_id": 115420533143, "instrument_name": "BTC-5SEP25", "bids": [[111690.0, 6720.0], [111687.5, 4200.0], [111685.0, 6760.0], [111682.5, 24970.0], [111680.0, 4200.0], [111677.5, 4200.0], [111675.0, 8060.0], [111672.5, 50000.0], [111670.0, 8110.0], [111667.5, 5000.0], [111660.0, 840.0], [111657.5, 2790.0], [111650.0, 1440.0], [111647.5, 4810.0], [111597.5, 840.0], [111595.0, 2800.0], [111582.5, 20.0], [111580.0, 8850.0], [111560.0, 1610.0], [111557.5, 2570.0]], "asks": [[111697.5, 5000.0], [111710.0, 7480.0], [111712.5, 160.0], [111727.5, 620.0], [111730.0, 6360.0], [111732.5, 7520.0], [111747.5, 810.0], [111750.0, 2700.0], [111757.5, 40.0], [111760.0, 810.0], [111762.5, 2700.0], [111765.0, 13320.0], [111767.5, 44400.0], [111772.5, 810.0], [111775.0, 2690.0], [111777.5, 5650.0], [111780.0, 18830.0], [111787.5, 810.0], [111790.0, 17710.0], [111792.5, 50000.0]]}}}
{"jsonrpc": "2.0", "method": "subscription", "params": {"channel": "book.BTC-5SEP25.none.20.100ms", "data": {"timestamp": 1756432261999, "change_id": 115420533493, "instrument_name": "BTC-5SEP25", "bids": [[111690.0, 11530.0], [111687.5, 4200.0], [111685.0, 6760.0], [111682.5, 20160.0], [111680.0, 5460.0], [111677.5, 4200.0], [111675.0, 13060.0], [111672.5, 50000.0], [111670.0, 8110.0], [111660.0, 840.0], [111657.5, 2790.0], [111650.0, 1440.0], [111647.5, 4810.0], [111597.5, 840.0], [111595.0, 2800.0], [111582.5, 20.0], [111580.0, 8850.0], [111560.0, 1610.0], [111557.5, 2570.0], [111555.0, 2780.0]], "asks": [[111697.5, 5000.0], [111710.0, 7480.0], [111712.5, 160.0], [111727.5, 1180.0], [111730.0, 6360.0], [111732.5, 7520.0], [111747.5, 810.0], [111750.0, 2700.0], [111757.5, 40.0], [111760.0, 810.0], [111762.5, 2700.0], [111765.0, 13320.0], [111767.5, 44400.0], [111772.5, 810.0], [111775.0, 2690.0], [111777.5, 5650.0], [111780.0, 18830.0], [111787.5, 810.0], [111790.0, 17710.0], [111792.5, 50000.0]]}}}
{"jsonrpc": "2.0", "method": "subscription", "params": {"channel": "book.BTC-5SEP25.none.20.100ms", "data": {"timestamp": 1756432262435, "change_id": 115420534302, "instrument_name": "BTC-5SEP25", "bids": [[111690.0, 4200.0], [111687.5, 4200.0], [111685.0, 9010.0], [111682.5, 20160.0], [111680.0, 4200.0], [111677.5, 1500.0], [111675.0, 9730.0], [111672.5, 50000.0], [111670.0, 8110.0], [111660.0, 840.0], [111657.5, 2790.0], [111647.5, 4810.0], [111595.0, 2800.0], [111582.5, 20.0], [111580.0, 8850.0], [111560.0, 1610.0], [111557.5, 2570.0], [111555.0, 2780.0], [111507.5, 10310.0], [111502.5, 2680.0]], "asks": [[111695.0, 2670.0], [111697.5, 5000.0], [111710.0, 7480.0], [111712.5, 160.0], [111727.5, 840.0], [111730.0, 6360.0], [111732.5, 7520.0], [111750.0, 2700.0], [111757.5, 40.0], [111760.0, 810.0], [111762.5, 2700.0], [111765.0, 13320.0], [111767.5, 44400.0], [111772.5, 810.0], [111775.0, 2690.0], [111777.5, 5650.0], [111780.0, 18830.0], [111787.5, 810.0], [111790.0, 17710.0], [111792.5, 50000.0]]}}}
{"jsonrpc": "2.0", "method": "subscription", "params": {"channel": "book.BTC-5SEP25.none.20.100ms", "data": {"timestamp": 1756432262817, "change_id": 115420534653, "instrument_name": "BTC-5SEP25", "bids": [[111690.0, 4200.0], [111687.5, 4200.0], [111685.0, 12480.0], [111682.5, 20160.0], [111680.0, 4200.0], [111677.5, 4900.0], [111675.0, 9730.0], [111672.5, 50000.0], [111670.0, 8110.0], [111660.0, 840.0], [111657.5, 2790.0], [111647.5, 4810.0], [111595.0, 2800.0], [111582.5, 20.0], [111580.0, 8850.0], [111560.0, 1610.0], [111557.5, 2570.0], [111555.0, 2780.0], [111507.5, 10310.0], [111502.5, 2680.0]], "asks": [[111697.5, 7670.0], [111710.0, 7480.0], [111712.5, 160.0], [111727.5, 840.0], [111730.0, 6360.0], [111732.5, 7520.0], [111747.5, 810.0], [111750.0, 2700.0], [111757.5, 40.0], [111760.0, 810.0], [111762.5, 2700.0], [111765.0, 13320.0], [111767.5, 44400.0], [111772.5, 810.0], [111775.0, 2690.0], [111777.5, 5650.0], [111780.0, 18830.0], [111787.5, 810.0], [111790.0, 17710.0], [111792.5, 50000.0]]}}}
{"jsonrpc": "2.0", "method": "subscription", "params": {"channel": "book.BTC-5SEP25.none.20.100ms", "data": {"timestamp": 1756432263353, "change_id": 115420535412, "instrument_name": "BTC-5SEP25", "bids": [[111690.0, 4200.0], [111687.5, 4200.0], [111685.0, 12480.0], [111682.5, 20160.0], [111680.0, 4200.0], [111677.5, 4900.0], [111675.0, 9730.0], [111672.5, 50000.0], [111670.0, 2000.0], [111662.5, 6110.0], [111660.0, 840.0], [111657.5, 2790.0], [111650.0, 1440.0], [111647.5, 4810.0], [111597.5, 840.0], [111595.0, 2800.0], [111582.5, 20.0], [111580.0, 8850.0], [111560.0, 1610.0], [111557.5, 2570.0]], "asks": [[111697.5, 7670.0], [111710.0, 7480.0], [111712.5, 160.0], [111727.5, 840.0], [111730.0, 6360.0], [111732.5, 7520.0], [111747.5, 810.0], [111750.0, 2700.0], [111757.5, 40.0], [111760.0, 810.0], [111762.5, 2700.0], [111765.0, 13320.0], [111767.5, 44400.0], [111772.5, 810.0], [111775.0, 2690.0], [111777.5, 5650.0], [111780.0, 18830.0], [111787.5, 810.0], [111790.0, 17710.0], [111792.5, 50000.0]]}}}
{"jsonrpc": "2.0", "method": "subscription", "params": {"channel": "book.BTC-5SEP25.none.20.100ms", "data": {"timestamp": 1756432263770, "change_id": 115420535836, "instrument_name": "BTC-5SEP25", "bids": [[111687.5, 4200.0], [111685.0, 12480.0], [111682.5, 20160.0], [111680.0, 4200.0], [111677.5, 4900.0], [111675.0, 9730.0], [111672.5, 50000.0], [111670.0, 2000.0], [111665.0, 1830.0], [111662.5, 6110.0], [111660.0, 840.0], [111657.5, 2790.0], [111650.0, 1440.0], [111647.5, 4810.0], [111597.5, 840.0], [111595.0, 2800.0], [111582.5, 20.0], [111580.0, 8850.0], [111560.0, 1610.0], [111557.5, 2570.0]], "asks": [[111697.5, 7670.0], [111710.0, 7480.0], [111712.5, 160.0], [111727.5, 840.0], [111730.0, 6360.0], [111732.5, 7520.0], [111747.5, 810.0], [111750.0, 2700.0], [111757.5, 40.0], [111760.0, 810.0], [111762.5, 2700.0], [111765.0, 13320.0], [111767.5, 44400.0], [111772.5, 810.0], [111775.0, 2690.0], [111777.5, 5650.0], [111780.0, 18830.0], [111787.5, 810.0], [111790.0, 17710.0], [111792.5, 50000.0]]}}}
{"jsonrpc": "2.0", "method": "subscription", "params": {"channel": "book.BTC-5SEP25.none.20.100ms", "data": {"timestamp": 1756432264130, "change_id": 115420536387, "instrument_name": "BTC-5SEP25", "bids": [[111690.0, 7600.0], [111687.5, 4200.0], [111685.0, 12480.0], [111682.5, 20160.0], [111680.0, 4200.0], [111677.5, 4900.0], [111675.0, 9730.0], [111672.5, 50000.0], [111670.0, 2000.0], [111665.0, 1830.0], [111662.5, 6110.0], [111660.0, 840.0], [111657.5, 2790.0], [111650.0, 1440.0], [111647.5, 4810.0], [111597.5, 840.0], [111595.0, 2800.0], [111582.5, 20.0], [111580.0, 8850.0], [111560.0, 1610.0]], "asks": [[111697.5, 5000.0], [111710.0, 7480.0], [111712.5, 160.0], [111727.5, 840.0], [111730.0, 6360.0], [111732.5, 7520.0], [111747.5, 810.0], [111750.0, 2700.0], [111757.5, 40.0], [111760.0, 810.0], [111762.5, 2700.0], [111765.0, 13320.0], [111767.5, 44400.0], [111772.5, 810.0], [111775.0, 2690.0], [111777.5, 5650.0], [111780.0, 18830.0], [111787.5, 810.0], [111790.0, 17710.0], [111792.5, 50000.0]]}}}
{"jsonrpc": "2.0", "method": "subscription", "params": {"channel": "book.BTC-5SEP25.none.20.100ms", "data": {"timestamp": 1756432264646, "change_id": 115420537167, "instrument_name": "BTC-5SEP25", "bids": [[111690.0, 7600.0], [111687.5, 4200.0], [111685.0, 12480.0], [111682.5, 20160.0], [111680.0, 4200.0], [111677.5, 4900.0], [111675.0, 9730.0], [111672.5, 50000.0], [111670.0, 2000.0], [111665.0, 1830.0], [111662.5, 6110.0], [111660.0, 840.0], [111657.5, 2790.0], [111650.0, 1440.0], [111647.5, 4810.0], [111597.5, 840.0], [111595.0, 2800.0], [111582.5, 2680.0], [111580.0, 8850.0], [111560.0, 1610.0]], "asks": [[111697.5, 7700.0], [111710.0, 7480.0], [111712.5, 160.0], [111727.5, 840.0], [111730.0, 6360.0], [111732.5, 7520.0], [111747.5, 810.0], [111750.0, 2700.0], [111757.5, 40.0], [111760.0, 810.0], [111762.5, 2700.0], [111765.0, 13320.0], [111767.5, 44400.0], [111772.5, 810.0], [111775.0, 2690.0], [111777.5, 5650.0], [111780.0, 18830.0], [111787.5, 810.0], [111790.0, 17710.0], [111792.5, 50000.0]]}}}
{"jsonrpc": "2.0", "method": "subscription", "params": {"channel": "book.BTC-5SEP25.none.20.100ms", "data": {"timestamp": 1756432265295, "change_id": 115420538003, "instrument_name": "BTC-5SEP25", "bids": [[111690.0, 7600.0], [111687.5, 4200.0], [111685.0, 12480.0], [111682.5, 20160.0], [111680.0, 4200.0], [111677.5, 4900.0], [111675.0, 9730.0], [111672.5, 50000.0], [111670.0, 2000.0], [111665.0, 1830.0], [111662.5, 6110.0], [111660.0, 840.0], [111657.5, 2790.0], [111650.0, 1440.0], [111647.5, 4810.0], [111597.5, 840.0], [111595.0, 2800.0], [111582.5, 2680.0], [111580.0, 8850.0], [111560.0, 1610.0]], "asks": [[111697.5, 5000.0], [111710.0, 7480.0], [111712.5, 160.0], [111727.5, 840.0], [111730.0, 6360.0], [111732.5, 7520.0], [111747.5, 810.0], [111750.0, 2700.0], [111757.5, 40.0], [111760.0, 810.0], [111762.5, 2700.0], [111765.0, 13320.0], [111767.5, 44400.0], [111772.5, 810.0], [111775.0, 2690.0], [111777.5, 5650.0], [111780.0, 18830.0], [111787.5, 810.0], [111790.0, 17710.0], [111792.5, 50000.0]]}}}
{"jsonrpc": "2.0", "method": "subscription", "params": {"channel": "book.BTC-5SEP25.none.20.100ms", "data": {"timestamp": 1756432265747, "change_id": 115420538466, "instrument_name": "BTC-5SEP25", "bids": [[111692.5, 3800.0], [111690.0, 3400.0], [111687.5, 4200.0], [111685.0, 12480.0], [111682.5, 20160.0], [111680.0, 4200.0], [111677.5, 4900.0], [111675.0, 9730.0], [111672.5, 50000.0], [111670.0, 2000.0], [111665.0, 1830.0], [111662.5, 6110.0], [111660.0, 840.0], [111657.5, 2790.0], [111650.0, 1440.0], [111647.5, 4810.0], [111597.5, 840.0], [111595.0, 2800.0], [111582.5, 2680.0], [111580.0, 8850.0]], "asks": [[111697.5, 7700.0], [111710.0, 7480.0], [111712.5, 160.0], [111727.5, 840.0], [111730.0, 6360.0], [111732.5, 7520.0], [111747.5, 810.0], [111750.0, 2700.0], [111757.5, 40.0], [111760.0, 810.0], [111762.5, 2700.0], [111765.0, 13320.0], [111767.5, 44400.0], [111772.5, 810.0], [111775.0, 2690.0], [111777.5, 5650.0], [111780.0, 18830.0], [111787.5, 810.0], [111790.0, 17710.0], [111792.5, 50000.0]]}}}
{"jsonrpc": "2.0", "method": "subscription", "params": {"channel": "book.BTC-5SEP25.none.20.100ms", "data": {"timestamp": 1756432265973, "change_id": 115420538876, "instrument_name": "BTC-5SEP25", "bids": [[111692.5, 3800.0], [111690.0, 3400.0], [111687.5, 4200.0], [111685.0, 12480.0], [111682.5, 20160.0], [111680.0, 4200.0], [111677.5, 4900.0], [111675.0, 9730.0], [111672.5, 50000.0], [111670.0, 2000.0], [111665.0, 1830.0], [111662.5, 6110.0], [111660.0, 840.0], [111657.5, 2790.0], [111650.0, 1440.0], [111647.5, 4810.0], [111597.5, 840.0], [111595.0, 2800.0], [111582.5, 2680.0], [111580.0, 8850.0]], "asks": [[111697.5, 5000.0], [111710.0, 7480.0], [111712.5, 160.0], [111727.5, 840.0], [111730.0, 6360.0], [111732.5, 7520.0], [111747.5, 810.0], [111750.0, 2700.0], [111757.5, 40.0], [111760.0, 810.0], [111762.5, 2700.0], [111765.0, 13320.0], [111767.5, 44400.0], [111772.5, 810.0], [111775.0, 2690.0], [111777.5, 5650.0], [111780.0, 18830.0], [111787.5, 810.0], [111790.0, 17710.0], [111792.5, 50000.0]]}}}
{"jsonrpc": "2.0", "method": "subscription", "params": {"channel": "book.BTC-5SEP25.none.20.100ms", "data": {"timestamp": 1756432266353, "change_id": 115420539236, "instrument_name": "BTC-5SEP25", "bids": [[111692.5, 3800.0], [111690.0, 3400.0], [111687.5, 4200.0], [111685.0, 12480.0], [111682.5, 20160.0], [111680.0, 4200.0], [111677.5, 4900.0], [111675.0, 9730.0], [111672.5, 50000.0], [111670.0, 2000.0], [111667.5, 6110.0], [111660.0, 840.0], [111657.5, 2790.0], [111650.0, 1440.0], [111647.5, 4810.0], [111597.5, 840.0], [111595.0, 2800.0], [111582.5, 2680.0], [111580.0, 8850.0], [111560.0, 1610.0]], "asks": [[111697.5, 5000.0], [111710.0, 7480.0], [111712.5, 160.0], [111727.5, 840.0], [111730.0, 6360.0], [111732.5, 7520.0], [111747.5, 810.0], [111750.0, 2700.0], [111757.5, 40.0], [111760.0, 810.0], [111762.5, 2700.0], [111765.0, 13320.0], [111767.5, 44400.0], [111772.5, 810.0], [111775.0, 2690.0], [111777.5, 5650.0], [111780.0, 18830.0], [111787.5, 810.0], [111790.0, 17710.0], [111792.5, 50000.0]]}}}
{"jsonrpc": "2.0", "method": "subscription", "params": {"channel": "book.BTC-5SEP25.none.20.100ms", "data": {"timestamp": 1756432266806, "change_id": 115420539754, "instrument_name": "BTC-5SEP25", "bids": [[111692.5, 3800.0], [111690.0, 3400.0], [111687.5, 4200.0], [111685.0, 12480.0], [111682.5, 20160.0], [111680.0, 4200.0], [111677.5, 1500.0], [111675.0, 9730.0], [111672.5, 50000.0], [111670.0, 2000.0], [111667.5, 6110.0], [111660.0, 840.0], [111657.5, 2790.0], [111650.0, 1440.0], [111647.5, 4810.0], [111597.5, 840.0], [111595.0, 2800.0], [111582.5, 2680.0], [111580.0, 8850.0], [111560.0, 1610.0]], "asks": [[111695.0, 2700.0], [111697.5, 5000.0], [111710.0, 7480.0], [111712.5, 160.0], [111727.5, 840.0], [111730.0, 6360.0], [111732.5, 7520.0], [111747.5, 810.0], [111750.0, 2700.0], [111757.5, 40.0], [111760.0, 810.0], [111762.5, 2700.0], [111765.0, 13320.0], [111767.5, 44400.0], [111772.5, 810.0], [111775.0, 2690.0], [111777.5, 5650.0], [111780.0, 18830.0], [111787.5, 810.0], [111790.0, 17710.0]]}}}
{"jsonrpc": "2.0", "method": "subscription", "params": {"channel": "book.BTC-5SEP25.none.20.100ms", "data": {"timestamp": 1756432267126, "change_id": 115420540293, "instrument_name": "BTC-5SEP25", "bids": [[111692.5, 3800.0], [111687.5, 4200.0], [111685.0, 12480.0], [111682.5, 20160.0], [111680.0, 4200.0], [111675.0, 4730.0], [111672.5, 50000.0], [111670.0, 2000.0], [111667.5, 6110.0], [111665.0, 5000.0], [111660.0, 840.0], [111657.5, 2790.0], [111650.0, 1440.0], [111647.5, 4810.0], [111597.5, 840.0], [111595.0, 2800.0], [111582.5, 2680.0], [111580.0, 8850.0], [111560.0, 1610.0], [111557.5, 2570.0]], "asks": [[111695.0, 2700.0], [111697.5, 5000.0], [111710.0, 7480.0], [111712.5, 160.0], [111727.5, 840.0], [111730.0, 6360.0], [111732.5, 7520.0], [111747.5, 810.0], [111750.0, 2700.0], [111757.5, 40.0], [111760.0, 810.0], [111762.5, 2700.0], [111765.0, 13320.0], [111767.5, 44400.0], [111772.5, 810.0], [111775.0, 2690.0], [111777.5, 5650.0], [111780.0, 18830.0], [111787.5, 810.0], [111790.0, 17710.0]]}}}
{"jsonrpc": "2.0", "method": "subscription", "params": {"channel": "book.BTC-5SEP25.none.20.100ms", "data": {"timestamp": 1756432267395, "change_id": 115420540735, "instrument_name": "BTC-5SEP25", "bids": [[111692.5, 3800.0], [111687.5, 4200.0], [111685.0, 9010.0], [111682.5, 20160.0], [111672.5, 600.0], [111670.0, 3500.0], [111665.0, 5000.0], [111660.0, 840.0], [111657.5, 2790.0], [111655.0, 50000.0], [111652.5, 6110.0], [111647.5, 4810.0], [111595.0, 2800.0], [111582.5, 20.0], [111580.0, 2720.0], [111562.5, 6130.0], [111560.0, 1610.0], [111557.5, 2570.0], [111555.0, 2780.0], [111510.0, 3090.0]], "asks": [[111695.0, 2700.0], [111697.5, 5000.0], [111710.0, 7480.0], [111712.5, 160.0], [111727.5, 840.0], [111730.0, 6360.0], [111732.5, 7520.0], [111747.5, 810.0], [111750.0, 2700.0], [111757.5, 40.0], [111760.0, 810.0], [111762.5, 2700.0], [111765.0, 13320.0], [111767.5, 44400.0], [111772.5, 810.0], [111775.0, 2690.0], [111777.5, 5650.0], [111780.0, 18830.0], [111787.5, 810.0], [111790.0, 17710.0]]}}}
{"jsonrpc": "2.0", "method": "subscription", "params": {"channel": "book.BTC-5SEP25.none.20.100ms", "data": {"timestamp": 1756432267803, "change_id": 115420541520, "instrument_name": "BTC-5SEP25", "bids": [[111675.0, 20000.0], [111672.5, 4200.0], [111670.0, 1260.0], [111667.5, 4200.0], [111660.0, 9230.0], [111657.5, 2950.0], [111655.0, 50000.0], [111652.5, 6110.0], [111647.5, 4810.0], [111595.0, 2800.0], [111582.5, 20.0], [111580.0, 2720.0], [111562.5, 6130.0], [111560.0, 1610.0], [111557.5, 2570.0], [111555.0, 2780.0], [111510.0, 3090.0], [111507.5, 10310.0], [111502.5, 2680.0], [111492.5, 820.0]], "asks": [[111687.5, 2700.0], [111690.0, 5000.0], [111707.5, 2240.0], [111710.0, 7480.0], [111712.5, 160.0], [111727.5, 840.0], [111730.0, 6360.0], [111732.5, 7520.0], [111747.5, 810.0], [111750.0, 2700.0], [111757.5, 40.0], [111760.0, 810.0], [111762.5, 2700.0], [111765.0, 13320.0], [111767.5, 44400.0], [111772.5, 810.0], [111775.0, 2690.0], [111777.5, 5650.0], [111780.0, 18830.0], [111787.5, 810.0]]}}}
{"jsonrpc": "2.0", "method": "subscription", "params": {"channel": "book.BTC-5SEP25.none.20.100ms", "data": {"timestamp": 1756432268105, "change_id": 115420543233, "instrument_name": "BTC-5SEP25", "bids": [[111672.5, 4200.0], [111670.0, 20000.0], [111667.5, 4200.0], [111665.0, 4810.0], [111660.0, 890.0], [111657.5, 2950.0], [111642.5, 2000.0], [111607.5, 6110.0], [111605.0, 4810.0], [111597.5, 50000.0], [111595.0, 2800.0], [111582.5, 20.0], [111580.0, 2720.0], [111555.0, 2780.0], [111550.0, 1840.0], [111547.5, 6130.0], [111502.5, 2680.0], [111492.5, 820.0], [111490.0, 2740.0], [111455.0, 830.0]], "asks": [[111675.0, 2700.0], [111680.0, 5000.0], [111685.0, 4810.0], [111687.5, 2700.0], [111700.0, 160.0], [111707.5, 800.0], [111710.0, 2670.0], [111727.5, 840.0], [111730.0, 6360.0], [111732.5, 7520.0], [111747.5, 810.0], [111750.0, 2700.0], [111757.5, 40.0], [111760.0, 810.0], [111762.5, 2700.0], [111765.0, 13320.0], [111767.5, 44400.0], [111772.5, 810.0], [111775.0, 2690.0], [111777.5, 5650.0]]}}}
{"jsonrpc": "2.0", "method": "subscription", "params": {"channel": "book.BTC-5SEP25.none.20.100ms", "data": {"timestamp": 1756432268463, "change_id": 115420544112, "instrument_name": "BTC-5SEP25", "bids": [[111672.5, 4200.0], [111670.0, 20000.0], [111667.5, 4200.0], [111665.0, 4810.0], [111660.0, 890.0], [111657.5, 2950.0], [111652.5, 1500.0], [111650.0, 5000.0], [111642.5, 2000.0], [111612.5, 15000.0], [111610.0, 50000.0], [111607.5, 6110.0], [111605.0, 4810.0], [111595.0, 2800.0], [111580.0, 2720.0], [111572.5, 20.0], [111555.0, 2780.0], [111550.0, 1840.0], [111547.5, 6130.0], [111502.5, 2680.0]], "asks": [[111677.5, 2700.0], [111680.0, 5000.0], [111685.0, 4810.0], [111700.0, 160.0], [111707.5, 800.0], [111710.0, 2670.0], [111727.5, 840.0], [111730.0, 6360.0], [111732.5, 7520.0], [111747.5, 810.0], [111750.0, 2700.0], [111757.5, 40.0], [111760.0, 810.0], [111762.5, 2700.0], [111765.0, 13320.0], [111767.5, 44400.0], [111772.5, 810.0], [111775.0, 2690.0], [111777.5, 5650.0], [111780.0, 18830.0]]}}}
{"jsonrpc": "2.0", "method": "subscription", "params": {"channel": "book.BTC-5SEP25.none.20.100ms", "data": {"timestamp": 1756432268713, "change_id": 115420544558, "instrument_name": "BTC-5SEP25", "bids": [[111672.5, 13250.0], [111670.0, 20160.0], [111660.0, 890.0], [111657.5, 2790.0], [111655.0, 9660.0], [111652.5, 50000.0], [111650.0, 6440.0], [111647.5, 4810.0], [111642.5, 2000.0], [111617.5, 6110.0], [111595.0, 2800.0], [111580.0, 2720.0], [111572.5, 20.0], [111555.0, 2780.0], [111550.0, 1840.0], [111547.5, 6130.0], [111502.5, 2680.0], [111492.5, 820.0], [111490.0, 2740.0], [111455.0, 830.0]], "asks": [[111680.0, 5000.0], [111692.5, 4810.0], [111700.0, 160.0], [111710.0, 2670.0], [111727.5, 840.0], [111730.0, 6360.0], [111732.5, 7520.0], [111747.5, 810.0], [111750.0, 2700.0], [111757.5, 40.0], [111760.0, 810.0], [111762.5, 2700.0], [111765.0, 13320.0], [111767.5, 44400.0], [111772.5, 810.0], [111775.0, 2690.0], [111777.5, 5650.0], [111780.0, 18830.0], [111787.5, 810.0], [111790.0, 17710.0]]}}}
{"jsonrpc": "2.0", "method": "subscription", "params": {"channel": "book.BTC-5SEP25.none.20.100ms", "data": {"timestamp": 1756432268907, "change_id": 115420545045, "instrument_name": "BTC-5SEP25", "bids": [[111672.5, 13250.0], [111670.0, 20160.0], [111660.0, 2230.0], [111657.5, 7790.0], [111655.0, 9660.0], [111652.5, 50000.0], [111650.0, 1440.0], [111647.5, 4810.0], [111642.5, 2000.0], [111617.5, 6110.0], [111597.5, 840.0], [111595.0, 2800.0], [111580.0, 2720.0], [111572.5, 20.0], [111557.5, 830.0], [111555.0, 2780.0], [111550.0, 1840.0], [111547.5, 6130.0], [111505.0, 800.0], [111502.5, 2680.0]], "asks": [[111680.0, 7700.0], [111692.5, 4810.0], [111700.0, 160.0], [111707.5, 800.0], [111710.0, 2670.0], [111727.5, 840.0], [111730.0, 6360.0], [111732.5, 7520.0], [111747.5, 810.0], [111750.0, 2700.0], [111757.5, 40.0], [111760.0, 810.0], [111762.5, 2700.0], [111765.0, 13320.0], [111767.5, 44400.0], [111772.5, 810.0], [111775.0, 2690.0], [111777.5, 5650.0], [111780.0, 18830.0], [111787.5, 810.0]]}}}
{"jsonrpc": "2.0", "method": "subscription", "params": {"channel": "book.BTC-5SEP25.none.20.100ms", "data": {"timestamp": 1756432269386, "change_id": 115420545705, "instrument_name": "BTC-5SEP25", "bids": [[111672.5, 13250.0], [111670.0, 20160.0], [111660.0, 2230.0], [111657.5, 7790.0], [111655.0, 9660.0], [111652.5, 50000.0], [111650.0, 1440.0], [111647.5, 4810.0], [111642.5, 2000.0], [111617.5, 6110.0], [111597.5, 840.0], [111595.0, 2800.0], [111580.0, 2720.0], [111572.5, 20.0], [111557.5, 830.0], [111555.0, 2780.0], [111550.0, 1840.0], [111547.5, 6130.0], [111505.0, 800.0], [111502.5, 2680.0]], "asks": [[111680.0, 7700.0], [111692.5, 4810.0], [111700.0, 160.0], [111707.5, 800.0], [111710.0, 2670.0], [111727.5, 840.0], [111730.0, 6360.0], [111732.5, 7520.0], [111747.5, 810.0], [111750.0, 2700.0], [111757.5, 40.0], [111760.0, 810.0], [111762.5, 2700.0], [111765.0, 13320.0], [111767.5, 44400.0], [111772.5, 810.0], [111775.0, 2690.0], [111777.5, 5650.0], [111780.0, 18830.0], [111787.5, 810.0]]}}}
{"jsonrpc": "2.0", "method": "subscription", "params": {"channel": "book.BTC-5SEP25.none.20.100ms", "data": {"timestamp": 1756432269783, "change_id": 115420546399, "instrument_name": "BTC-5SEP25", "bids": [[111672.5, 13250.0], [111670.0, 20160.0], [111660.0, 2230.0], [111657.5, 7790.0], [111655.0, 9660.0], [111652.5, 50000.0], [111650.0, 1440.0], [111647.5, 4810.0], [111645.0, 600.0], [111642.5, 2000.0], [111617.5, 6110.0], [111597.5, 840.0], [111595.0, 2800.0], [111580.0, 2720.0], [111572.5, 20.0], [111557.5, 830.0], [111555.0, 2780.0], [111550.0, 1840.0], [111547.5, 6130.0], [111505.0, 800.0]], "asks": [[111680.0, 5000.0], [111700.0, 160.0], [111710.0, 2670.0], [111727.5, 840.0], [111730.0, 4950.0], [111732.5, 2710.0], [111747.5, 810.0], [111750.0, 2700.0], [111757.5, 40.0], [111760.0, 810.0], [111762.5, 2700.0], [111765.0, 13320.0], [111767.5, 44400.0], [111772.5, 810.0], [111775.0, 2690.0], [111777.5, 5650.0], [111780.0, 18830.0], [111787.5, 810.0], [111790.0, 17710.0], [111792.5, 50000.0]]}}}
{"jsonrpc": "2.0", "method": "subscription", "params": {"channel": "book.BTC-5SEP25.none.20.100ms", "data": {"timestamp": 1756432269852, "change_id": 115420546589, "instrument_name": "BTC-5SEP25", "bids": [[111672.5, 13250.0], [111670.0, 20160.0], [111660.0, 2230.0], [111657.5, 7790.0], [111655.0, 9660.0], [111652.5, 50000.0], [111650.0, 1440.0], [111647.5, 4810.0], [111645.0, 600.0], [111642.5, 2000.0], [111620.0, 1830.0], [111617.5, 6110.0], [111597.5, 840.0], [111595.0, 2800.0], [111582.5, 820.0], [111580.0, 2720.0], [111572.5, 20.0], [111557.5, 830.0], [111555.0, 2780.0], [111550.0, 1840.0]], "asks": [[111680.0, 5000.0], [111692.5, 2700.0], [111700.0, 4970.0], [111710.0, 2670.0], [111727.5, 840.0], [111730.0, 6360.0], [111732.5, 7520.0], [111747.5, 810.0], [111750.0, 2700.0], [111757.5, 40.0], [111760.0, 810.0], [111762.5, 2700.0], [111765.0, 13320.0], [111767.5, 44400.0], [111772.5, 810.0], [111775.0, 2690.0], [111777.5, 5650.0], [111780.0, 18830.0], [111787.5, 810.0], [111790.0, 17710.0]]}}}
{"jsonrpc": "2.0", "method": "subscription", "params": {"channel": "book.BTC-5SEP25.none.20.100ms", "data": {"timestamp": 1756432270448, "change_id": 115420548030, "instrument_name": "BTC-5SEP25", "bids": [[111690.0, 98280.0], [111685.0, 9010.0], [111677.5, 1260.0], [111675.0, 4200.0], [111672.5, 8440.0], [111670.0, 28240.0], [111667.5, 50000.0], [111665.0, 5000.0], [111662.5, 1260.0], [111660.0, 5090.0], [111657.5, 2790.0], [111650.0, 1440.0], [111647.5, 4810.0], [111645.0, 600.0], [111642.5, 2000.0], [111620.0, 1830.0], [111617.5, 6110.0], [111597.5, 840.0], [111595.0, 2800.0], [111582.5, 820.0]], "asks": [[111692.5, 2700.0], [111705.0, 5000.0], [111707.5, 4810.0], [111710.0, 2670.0], [111722.5, 160.0], [111727.5, 840.0], [111730.0, 6360.0], [111732.5, 7520.0], [111747.5, 810.0], [111750.0, 2700.0], [111757.5, 40.0], [111760.0, 810.0], [111762.5, 2700.0], [111765.0, 13320.0], [111767.5, 44400.0], [111772.5, 810.0], [111775.0, 2690.0], [111777.5, 5650.0], [111780.0, 18830.0], [111787.5, 810.0]]}}}
{"jsonrpc": "2.0", "method": "subscription", "params": {"channel": "book.BTC-5SEP25.none.20.100ms", "data": {"timestamp": 1756432270780, "change_id": 115420548424, "instrument_name": "BTC-5SEP25", "bids": [[111690.0, 98280.0], [111685.0, 9010.0], [111682.5, 6410.0], [111680.0, 70000.0], [111675.0, 1310.0], [111672.5, 4200.0], [111670.0, 1500.0], [111665.0, 5000.0], [111662.5, 1260.0], [111660.0, 5090.0], [111657.5, 2790.0], [111650.0, 1440.0], [111647.5, 4810.0], [111645.0, 600.0], [111642.5, 2000.0], [111620.0, 1830.0], [111617.5, 6110.0], [111597.5, 840.0], [111595.0, 2800.0], [111580.0, 2720.0]], "asks": [[111692.5, 2700.0], [111697.5, 5000.0], [111707.5, 4810.0], [111710.0, 2670.0], [111722.5, 160.0], [111727.5, 840.0], [111730.0, 6360.0], [111732.5, 7520.0], [111747.5, 810.0], [111750.0, 2700.0], [111757.5, 40.0], [111760.0, 810.0], [111762.5, 2700.0], [111765.0, 13320.0], [111767.5, 44400.0], [111772.5, 810.0], [111775.0, 2690.0], [111777.5, 5650.0], [111780.0, 18830.0], [111787.5, 810.0]]}}}
{"jsonrpc": "2.0", "method": "subscription", "params": {"channel": "book.BTC-5SEP25.none.20.100ms", "data": {"timestamp": 1756432270852, "change_id": 115420548589, "instrument_name": "BTC-5SEP25", "bids": [[111690.0, 98280.0], [111685.0, 9010.0], [111682.5, 6410.0], [111680.0, 70000.0], [111675.0, 2760.0], [111672.5, 9200.0], [111662.5, 1260.0], [111660.0, 5090.0], [111657.5, 2790.0], [111650.0, 1440.0], [111647.5, 4810.0], [111645.0, 600.0], [111642.5, 2000.0], [111617.5, 6110.0], [111597.5, 840.0], [111595.0, 2800.0], [111580.0, 2720.0], [111572.5, 20.0], [111557.5, 830.0], [111555.0, 2780.0]], "asks": [[111695.0, 2700.0], [111697.5, 5000.0], [111707.5, 4810.0], [111710.0, 2670.0], [111722.5, 160.0], [111727.5, 840.0], [111730.0, 6360.0], [111732.5, 7520.0], [111747.5, 810.0], [111750.0, 2700.0], [111757.5, 40.0], [111760.0, 810.0], [111762.5, 2700.0], [111765.0, 13320.0], [111767.5, 44400.0], [111772.5, 810.0], [111775.0, 2690.0], [111777.5, 5650.0], [111780.0, 18830.0], [111787.5, 810.0]]}}}
{"jsonrpc": "2.0", "method": "subscription", "params": {"channel": "book.BTC-5SEP25.none.20.100ms", "data": {"timestamp": 1756432271774, "change_id": 115420549840, "instrument_name": "BTC-5SEP25", "bids": [[111692.5, 4200.0], [111690.0, 98280.0], [111685.0, 54200.0], [111682.5, 15420.0], [111680.0, 20000.0], [111675.0, 1500.0], [111672.5, 5000.0], [111662.5, 1260.0], [111660.0, 5090.0], [111657.5, 2790.0], [111647.5, 4810.0], [111645.0, 600.0], [111642.5, 2000.0], [111617.5, 6110.0], [111597.5, 840.0], [111595.0, 2800.0], [111580.0, 2720.0], [111572.5, 20.0], [111557.5, 830.0], [111555.0, 2780.0]], "asks": [[111695.0, 2700.0], [111697.5, 5000.0], [111707.5, 4810.0], [111710.0, 2670.0], [111722.5, 160.0], [111727.5, 840.0], [111730.0, 6360.0], [111732.5, 7520.0], [111747.5, 810.0], [111750.0, 2700.0], [111757.5, 40.0], [111760.0, 810.0], [111762.5, 2700.0], [111765.0, 13320.0], [111767.5, 44400.0], [111772.5, 810.0], [111775.0, 2690.0], [111777.5, 5650.0], [111780.0, 18830.0], [111787.5, 810.0]]}}}
{"jsonrpc": "2.0", "method": "subscription", "params": {"channel": "book.BTC-5SEP25.none.20.100ms", "data": {"timestamp": 1756432272079, "change_id": 115420550318, "instrument_name": "BTC-5SEP25", "bids": [[111692.5, 4200.0], [111690.0, 98280.0], [111687.5, 3620.0], [111685.0, 76950.0], [111682.5, 9170.0], [111675.0, 1500.0], [111672.5, 5000.0], [111662.5, 1260.0], [111660.0, 5090.0], [111657.5, 2790.0], [111650.0, 1440.0], [111647.5, 4810.0], [111645.0, 600.0], [111642.5, 2000.0], [111620.0, 1830.0], [111617.5, 6110.0], [111597.5, 840.0], [111595.0, 2800.0], [111582.5, 820.0], [111580.0, 2720.0]], "asks": [[111695.0, 2700.0], [111697.5, 5000.0], [111710.0, 2670.0], [111722.5, 160.0], [111727.5, 840.0], [111730.0, 6360.0], [111732.5, 7520.0], [111747.5, 810.0], [111750.0, 2700.0], [111757.5, 40.0], [111760.0, 810.0], [111762.5, 2700.0], [111765.0, 13320.0], [111767.5, 44400.0], [111772.5, 810.0], [111775.0, 2690.0], [111777.5, 5650.0], [111780.0, 18830.0], [111787.5, 810.0], [111790.0, 17710.0]]}}}
{"jsonrpc": "2.0", "method": "subscription", "params": {"channel": "book.BTC-5SEP25.none.20.100ms", "data": {"timestamp": 1756432272419, "change_id": 115420550778, "instrument_name": "BTC-5SEP25", "bids": [[111692.5, 4200.0], [111690.0, 98280.0], [111687.5, 3620.0], [111685.0, 74200.0], [111682.5, 4360.0], [111675.0, 1500.0], [111672.5, 5000.0], [111662.5, 1260.0], [111660.0, 5090.0], [111657.5, 2790.0], [111650.0, 7550.0], [111647.5, 4810.0], [111645.0, 600.0], [111642.5, 2000.0], [111597.5, 840.0], [111595.0, 2800.0], [111582.5, 820.0], [111580.0, 2720.0], [111572.5, 20.0], [111557.5, 6960.0]], "asks": [[111695.0, 2700.0], [111697.5, 5000.0], [111705.0, 4810.0], [111710.0, 2670.0], [111722.5, 160.0], [111727.5, 840.0], [111730.0, 6360.0], [111732.5, 7520.0], [111747.5, 810.0], [111750.0, 2700.0], [111757.5, 40.0], [111760.0, 810.0], [111762.5, 2700.0], [111765.0, 13320.0], [111767.5, 44400.0], [111772.5, 810.0], [111775.0, 2690.0], [111777.5, 5650.0], [111780.0, 18830.0], [111787.5, 810.0]]}}}
{"jsonrpc": "2.0", "method": "subscription", "params": {"channel": "book.BTC-5SEP25.none.20.100ms", "data": {"timestamp": 1756432272713, "change_id": 115420551249, "instrument_name": "BTC-5SEP25", "bids": [[111692.5, 4200.0], [111690.0, 102480.0], [111687.5, 7820.0], [111685.0, 74200.0], [111682.5, 4970.0], [111675.0, 1500.0], [111672.5, 5000.0], [111662.5, 1260.0], [111660.0, 5090.0], [111657.5, 2790.0], [111650.0, 7550.0], [111647.5, 4810.0], [111645.0, 600.0], [111642.5, 2000.0], [111597.5, 840.0], [111595.0, 2800.0], [111582.5, 820.0], [111580.0, 2720.0], [111572.5, 20.0], [111557.5, 6960.0]], "asks": [[111695.0, 2700.0], [111697.5, 5000.0], [111705.0, 4810.0], [111710.0, 2670.0], [111722.5, 160.0], [111727.5, 840.0], [111730.0, 6360.0], [111732.5, 7520.0], [111747.5, 810.0], [111750.0, 2700.0], [111757.5, 40.0], [111760.0, 810.0], [111762.5, 2700.0], [111765.0, 13320.0], [111767.5, 44400.0], [111772.5, 810.0], [111775.0, 2690.0], [111777.5, 5650.0], [111780.0, 18830.0], [111787.5, 810.0]]}}}
{"jsonrpc": "2.0", "method": "subscription", "params": {"channel": "book.BTC-5SEP25.none.20.100ms", "data": {"timestamp": 1756432273319, "change_id": 115420552119, "instrument_name": "BTC-5SEP25", "bids": [[111692.5, 4200.0], [111690.0, 102480.0], [111687.5, 7820.0], [111685.0, 74200.0], [111682.5, 4970.0], [111675.0, 1500.0], [111672.5, 5000.0], [111662.5, 1260.0], [111660.0, 5090.0], [111657.5, 2790.0], [111652.5, 1830.0], [111650.0, 7550.0], [111647.5, 4810.0], [111645.0, 600.0], [111642.5, 2000.0], [111597.5, 840.0], [111595.0, 2800.0], [111582.5, 820.0], [111580.0, 2720.0], [111572.5, 20.0]], "asks": [[111695.0, 2700.0], [111697.5, 5000.0], [111710.0, 2670.0], [111722.5, 160.0], [111727.5, 840.0], [111730.0, 6360.0], [111732.5, 7520.0], [111747.5, 810.0], [111750.0, 2700.0], [111757.5, 40.0], [111760.0, 810.0], [111762.5, 2700.0], [111765.0, 13320.0], [111767.5, 44400.0], [111772.5, 810.0], [111775.0, 2690.0], [111777.5, 5650.0], [111780.0, 18830.0], [111787.5, 810.0], [111790.0, 17710.0]]}}}
{"jsonrpc": "2.0", "method": "subscription", "params": {"channel": "book.BTC-5SEP25.none.20.100ms", "data": {"timestamp": 1756432273710, "change_id": 115420552549, "instrument_name": "BTC-5SEP25", "bids": [[111692.5, 4200.0], [111690.0, 102480.0], [111687.5, 7820.0], [111685.0, 74200.0], [111682.5, 4970.0], [111675.0, 1500.0], [111672.5, 5000.0], [111662.5, 1260.0], [111660.0, 5090.0], [111657.5, 2790.0], [111652.5, 1830.0], [111650.0, 7550.0], [111647.5, 4810.0], [111645.0, 600.0], [111642.5, 2000.0], [111597.5, 840.0], [111595.0, 2800.0], [111582.5, 820.0], [111580.0, 2720.0], [111572.5, 20.0]], "asks": [[111697.5, 7700.0], [111705.0, 4810.0], [111710.0, 2670.0], [111722.5, 160.0], [111727.5, 840.0], [111730.0, 6360.0], [111732.5, 7520.0], [111747.5, 810.0], [111750.0, 2700.0], [111757.5, 40.0], [111760.0, 810.0], [111762.5, 2700.0], [111765.0, 13320.0], [111767.5, 44400.0], [111772.5, 810.0], [111775.0, 2690.0], [111777.5, 5650.0], [111780.0, 18830.0], [111787.5, 810.0], [111790.0, 17710.0]]}}}
{"jsonrpc": "2.0", "method": "subscription", "params": {"channel": "book.BTC-5SEP25.none.20.100ms", "data": {"timestamp": 1756432273982, "change_id": 115420552989, "instrument_name": "BTC-5SEP25", "bids": [[111692.5, 4200.0], [111690.0, 102480.0], [111687.5, 7820.0], [111685.0, 70000.0], [111682.5, 4970.0], [111675.0, 1500.0], [111672.5, 5000.0], [111662.5, 1260.0], [111660.0, 5090.0], [111657.5, 2790.0], [111652.5, 1830.0], [111650.0, 7550.0], [111647.5, 4810.0], [111645.0, 600.0], [111642.5, 2000.0], [111597.5, 840.0], [111595.0, 2800.0], [111582.5, 820.0], [111580.0, 2720.0], [111572.5, 20.0]], "asks": [[111695.0, 2700.0], [111697.5, 7700.0], [111705.0, 4810.0], [111710.0, 2670.0], [111722.5, 160.0], [111727.5, 840.0], [111730.0, 6360.0], [111732.5, 7520.0], [111747.5, 810.0], [111750.0, 2700.0], [111757.5, 40.0], [111760.0, 810.0], [111762.5, 2700.0], [111765.0, 13320.0], [111767.5, 44400.0], [111772.5, 810.0], [111775.0, 2690.0], [111777.5, 5650.0], [111780.0, 18830.0], [111787.5, 810.0]]}}}
{"jsonrpc": "2.0", "method": "subscription", "params": {"channel": "book.BTC-5SEP25.none.20.100ms", "data": {"timestamp": 1756432274193, "change_id": 115420553223, "instrument_name": "BTC-5SEP25", "bids": [[111692.5, 4200.0], [111690.0, 102480.0], [111687.5, 7820.0], [111685.0, 70000.0], [111682.5, 4970.0], [111680.0, 2800.0], [111675.0, 1500.0], [111672.5, 5000.0], [111662.5, 1260.0], [111660.0, 5090.0], [111657.5, 2790.0], [111652.5, 1830.0], [111650.0, 7550.0], [111647.5, 4810.0], [111645.0, 3400.0], [111642.5, 2000.0], [111597.5, 840.0], [111595.0, 2800.0], [111582.5, 820.0], [111580.0, 2720.0]], "asks": [[111695.0, 2700.0], [111697.5, 5000.0], [111705.0, 4810.0], [111710.0, 2670.0], [111722.5, 160.0], [111727.5, 840.0], [111730.0, 6360.0], [111732.5, 7520.0], [111747.5, 810.0], [111750.0, 2700.0], [111757.5, 40.0], [111760.0, 810.0], [111762.5, 2700.0], [111765.0, 13320.0], [111767.5, 44400.0], [111772.5, 810.0], [111775.0, 2690.0], [111777.5, 5650.0], [111780.0, 18830.0], [111787.5, 810.0]]}}}
{"jsonrpc": "2.0", "method": "subscription", "params": {"channel": "book.BTC-5SEP25.none.20.100ms", "data": {"timestamp": 1756432274783, "change_id": 115420553865, "instrument_name": "BTC-5SEP25", "bids": [[111692.5, 4200.0], [111690.0, 102480.0], [111687.5, 7820.0], [111685.0, 70000.0], [111682.5, 4970.0], [111680.0, 2800.0], [111675.0, 1500.0], [111672.5, 5000.0], [111662.5, 1260.0], [111660.0, 5090.0], [111657.5, 2790.0], [111652.5, 1830.0], [111650.0, 8210.0], [111647.5, 4810.0], [111645.0, 3400.0], [111642.5, 2000.0], [111597.5, 840.0], [111595.0, 2800.0], [111582.5, 820.0], [111580.0, 2720.0]], "asks": [[111695.0, 2700.0], [111697.5, 5000.0], [111705.0, 4810.0], [111710.0, 2670.0], [111722.5, 160.0], [111727.5, 840.0], [111730.0, 6360.0], [111732.5, 7520.0], [111747.5, 810.0], [111750.0, 2700.0], [111757.5, 40.0], [111760.0, 810.0], [111762.5, 2700.0], [111765.0, 13320.0], [111767.5, 44400.0], [111772.5, 810.0], [111775.0, 2690.0], [111777.5, 5650.0], [111780.0, 18830.0], [111787.5, 810.0]]}}}
{"jsonrpc": "2.0", "method": "subscription", "params": {"channel": "book.BTC-5SEP25.none.20.100ms", "data": {"timestamp": 1756432275361, "change_id": 115420554685, "instrument_name": "BTC-5SEP25", "bids": [[111692.5, 4200.0], [111690.0, 102480.0], [111687.5, 7820.0], [111685.0, 70000.0], [111682.5, 4970.0], [111680.0, 2800.0], [111675.0, 1500.0], [111672.5, 5000.0], [111662.5, 7370.0], [111660.0, 5090.0], [111657.5, 2790.0], [111650.0, 2100.0], [111647.5, 4810.0], [111645.0, 3400.0], [111642.5, 2000.0], [111597.5, 840.0], [111595.0, 2800.0], [111582.5, 820.0], [111580.0, 2720.0], [111577.5, 1840.0]], "asks": [[111695.0, 2700.0], [111697.5, 5000.0], [111705.0, 4810.0], [111710.0, 2670.0], [111722.5, 160.0], [111727.5, 840.0], [111730.0, 6360.0], [111732.5, 7520.0], [111747.5, 810.0], [111750.0, 2700.0], [111757.5, 40.0], [111760.0, 810.0], [111762.5, 2700.0], [111765.0, 13320.0], [111767.5, 44400.0], [111772.5, 810.0], [111775.0, 2690.0], [111777.5, 5650.0], [111780.0, 18830.0], [111787.5, 810.0]]}}}
{"jsonrpc": "2.0", "method": "subscription", "params": {"channel": "book.BTC-5SEP25.none.20.100ms", "data": {"timestamp": 1756432275730, "change_id": 115420555502, "instrument_name": "BTC-5SEP25", "bids": [[111692.5, 4200.0], [111690.0, 98280.0], [111685.0, 70000.0], [111662.5, 7530.0], [111660.0, 5090.0], [111657.5, 2790.0], [111650.0, 660.0], [111645.0, 3400.0], [111642.5, 2000.0], [111597.5, 840.0], [111595.0, 2800.0], [111582.5, 820.0], [111580.0, 2720.0], [111577.5, 1840.0], [111575.0, 6130.0], [111572.5, 20.0], [111555.0, 2780.0], [111537.5, 770.0], [111535.0, 2570.0], [111505.0, 800.0]], "asks": [[111695.0, 2700.0], [111697.5, 9810.0], [111710.0, 2830.0], [111727.5, 840.0], [111730.0, 6360.0], [111732.5, 7520.0], [111747.5, 810.0], [111750.0, 2700.0], [111757.5, 40.0], [111760.0, 810.0], [111762.5, 2700.0], [111765.0, 13320.0], [111767.5, 44400.0], [111772.5, 810.0], [111775.0, 2690.0], [111777.5, 5650.0], [111780.0, 18830.0], [111787.5, 810.0], [111790.0, 17710.0], [111792.5, 50000.0]]}}}
{"jsonrpc": "2.0", "method": "subscription", "params": {"channel": "book.BTC-5SEP25.none.20.100ms", "data": {"timestamp": 1756432276058, "change_id": 115420556157, "instrument_name": "BTC-5SEP25", "bids": [[111690.0, 98280.0], [111682.5, 70000.0], [111675.0, 4810.0], [111665.0, 3140.0], [111662.5, 6270.0], [111660.0, 5090.0], [111657.5, 2790.0], [111655.0, 5000.0], [111650.0, 2200.0], [111647.5, 4810.0], [111645.0, 3400.0], [111642.5, 2000.0], [111597.5, 840.0], [111595.0, 2800.0], [111582.5, 820.0], [111580.0, 2720.0], [111577.5, 1840.0], [111575.0, 6130.0], [111572.5, 20.0], [111557.5, 830.0]], "asks": [[111695.0, 2700.0], [111697.5, 9810.0], [111710.0, 2830.0], [111727.5, 840.0], [111730.0, 6360.0], [111732.5, 7520.0], [111747.5, 810.0], [111750.0, 2700.0], [111757.5, 40.0], [111760.0, 810.0], [111762.5, 2700.0], [111765.0, 13320.0], [111767.5, 44400.0], [111772.5, 810.0], [111775.0, 2690.0], [111777.5, 5650.0], [111780.0, 18830.0], [111787.5, 810.0], [111790.0, 17710.0], [111792.5, 50000.0]]}}}
{"jsonrpc": "2.0", "method": "subscription", "params": {"channel": "book.BTC-5SEP25.none.20.100ms", "data": {"timestamp": 1756432276363, "change_id": 115420556503, "instrument_name": "BTC-5SEP25", "bids": [[111690.0, 98280.0], [111682.5, 70000.0], [111675.0, 4970.0], [111665.0, 3140.0], [111662.5, 6110.0], [111660.0, 5090.0], [111657.5, 2790.0], [111655.0, 5000.0], [111650.0, 2200.0], [111647.5, 4810.0], [111645.0, 3400.0], [111642.5, 2000.0], [111597.5, 840.0], [111595.0, 2800.0], [111582.5, 820.0], [111580.0, 2720.0], [111577.5, 1840.0], [111575.0, 6130.0], [111572.5, 20.0], [111557.5, 830.0]], "asks": [[111695.0, 2700.0], [111697.5, 9810.0], [111710.0, 2830.0], [111727.5, 840.0], [111730.0, 6360.0], [111732.5, 7520.0], [111747.5, 810.0], [111750.0, 2700.0], [111757.5, 40.0], [111760.0, 810.0], [111762.5, 2700.0], [111765.0, 13320.0], [111767.5, 44400.0], [111772.5, 810.0], [111775.0, 2690.0], [111777.5, 5650.0], [111780.0, 18830.0], [111787.5, 810.0], [111790.0, 17710.0], [111792.5, 50000.0]]}}}
{"jsonrpc": "2.0", "method": "subscription", "params": {"channel": "book.BTC-5SEP25.none.20.100ms", "data": {"timestamp": 1756432276729, "change_id": 115420557046, "instrument_name": "BTC-5SEP25", "bids": [[111690.0, 102480.0], [111685.0, 70000.0], [111680.0, 2330.0], [111677.5, 2800.0], [111675.0, 4970.0], [111665.0, 3140.0], [111662.5, 11110.0], [111660.0, 5090.0], [111657.5, 2790.0], [111650.0, 2200.0], [111647.5, 4810.0], [111645.0, 3400.0], [111642.5, 2000.0], [111597.5, 840.0], [111595.0, 2800.0], [111582.5, 820.0], [111580.0, 2720.0], [111577.5, 1840.0], [111575.0, 6130.0], [111572.5, 20.0]], "asks": [[111695.0, 2700.0], [111697.5, 9810.0], [111710.0, 2830.0], [111727.5, 840.0], [111730.0, 6360.0], [111732.5, 7520.0], [111747.5, 810.0], [111750.0, 2700.0], [111757.5, 40.0], [111760.0, 810.0], [111762.5, 2700.0], [111765.0, 13320.0], [111767.5, 44400.0], [111772.5, 810.0], [111775.0, 2690.0], [111777.5, 5650.0], [111780.0, 18830.0], [111787.5, 810.0], [111790.0, 17710.0], [111792.5, 50000.0]]}}}
{"jsonrpc": "2.0", "method": "subscription", "params": {"channel": "book.BTC-5SEP25.none.20.100ms", "data": {"timestamp": 1756432276821, "change_id": 115420557100, "instrument_name": "BTC-5SEP25", "bids": [[111690.0, 102480.0], [111680.0, 72330.0], [111677.5, 2800.0], [111675.0, 4970.0], [111665.0, 3140.0], [111662.5, 11110.0], [111660.0, 5090.0], [111657.5, 2790.0], [111650.0, 2200.0], [111647.5, 4810.0], [111645.0, 3400.0], [111642.5, 2000.0], [111597.5, 840.0], [111595.0, 2800.0], [111582.5, 820.0], [111580.0, 2720.0], [111577.5, 1840.0], [111575.0, 6130.0], [111572.5, 20.0], [111557.5, 830.0]], "asks": [[111695.0, 2700.0], [111697.5, 9810.0], [111710.0, 2830.0], [111727.5, 840.0], [111730.0, 6360.0], [111732.5, 7520.0], [111747.5, 810.0], [111750.0, 2700.0], [111757.5, 40.0], [111760.0, 810.0], [111762.5, 2700.0], [111765.0, 13320.0], [111767.5, 44400.0], [111772.5, 810.0], [111775.0, 2690.0], [111777.5, 5650.0], [111780.0, 18830.0], [111787.5, 810.0], [111790.0, 17710.0], [111792.5, 50000.0]]}}}
{"jsonrpc": "2.0", "method": "subscription", "params": {"channel": "book.BTC-5SEP25.none.20.100ms", "data": {"timestamp": 1756432277678, "change_id": 115420558571, "instrument_name": "BTC-5SEP25", "bids": [[111692.5, 4200.0], [111690.0, 98280.0], [111685.0, 4200.0], [111682.5, 58490.0], [111680.0, 22330.0], [111677.5, 2800.0], [111675.0, 4970.0], [111672.5, 1500.0], [111670.0, 5000.0], [111665.0, 3140.0], [111662.5, 6110.0], [111660.0, 5090.0], [111657.5, 2790.0], [111650.0, 2200.0], [111647.5, 4810.0], [111645.0, 3400.0], [111642.5, 2000.0], [111597.5, 840.0], [111595.0, 2800.0], [111582.5, 820.0]], "asks": [[111695.0, 2700.0], [111697.5, 9810.0], [111710.0, 2670.0], [111725.0, 160.0], [111727.5, 840.0], [111730.0, 6360.0], [111732.5, 7520.0], [111747.5, 810.0], [111750.0, 2700.0], [111757.5, 40.0], [111760.0, 810.0], [111762.5, 2700.0], [111765.0, 13320.0], [111767.5, 44400.0], [111772.5, 810.0], [111775.0, 2690.0], [111777.5, 5650.0], [111780.0, 18830.0], [111787.5, 810.0], [111790.0, 17710.0]]}}}
{"jsonrpc": "2.0", "method": "subscription", "params": {"channel": "book.BTC-5SEP25.none.20.100ms", "data": {"timestamp": 1756432277805, "change_id": 115420558643, "instrument_name": "BTC-5SEP25", "bids": [[111692.5, 4200.0], [111690.0, 98280.0], [111685.0, 74200.0], [111682.5, 4200.0], [111680.0, 2330.0], [111677.5, 2800.0], [111675.0, 4970.0], [111672.5, 1500.0], [111670.0, 5000.0], [111665.0, 3140.0], [111662.5, 6110.0], [111660.0, 5090.0], [111657.5, 2790.0], [111650.0, 2200.0], [111647.5, 4810.0], [111645.0, 3400.0], [111642.5, 2000.0], [111597.5, 840.0], [111595.0, 2800.0], [111582.5, 820.0]], "asks": [[111695.0, 2700.0], [111697.5, 9810.0], [111710.0, 2670.0], [111725.0, 160.0], [111727.5, 840.0], [111730.0, 6360.0], [111732.5, 7520.0], [111747.5, 810.0], [111750.0, 2700.0], [111757.5, 40.0], [111760.0, 810.0], [111762.5, 2700.0], [111765.0, 13320.0], [111767.5, 44400.0], [111772.5, 810.0], [111775.0, 2690.0], [111777.5, 5650.0], [111780.0, 18830.0], [111787.5, 810.0], [111790.0, 17710.0]]}}}
{"jsonrpc": "2.0", "method": "subscription", "params": {"channel": "book.BTC-5SEP25.none.20.100ms", "data": {"timestamp": 1756432278725, "change_id": 115420560087, "instrument_name": "BTC-5SEP25", "bids": [[111692.5, 11400.0], [111690.0, 98280.0], [111687.5, 8770.0], [111685.0, 75460.0], [111682.5, 4200.0], [111680.0, 890.0], [111677.5, 2800.0], [111675.0, 160.0], [111672.5, 1500.0], [111670.0, 5000.0], [111665.0, 1830.0], [111662.5, 6110.0], [111660.0, 890.0], [111657.5, 2790.0], [111650.0, 2200.0], [111647.5, 4810.0], [111645.0, 3400.0], [111642.5, 2000.0], [111597.5, 840.0], [111595.0, 2800.0]], "asks": [[111710.0, 2670.0], [111725.0, 160.0], [111730.0, 6360.0], [111732.5, 7520.0], [111747.5, 810.0], [111750.0, 2700.0], [111757.5, 40.0], [111760.0, 810.0], [111762.5, 2700.0], [111765.0, 13320.0], [111767.5, 44400.0], [111772.5, 810.0], [111775.0, 2690.0], [111777.5, 5650.0], [111780.0, 18830.0], [111787.5, 810.0], [111790.0, 17710.0], [111792.5, 50000.0], [111795.0, 11450.0], [111797.5, 38150.0]]}}}
{"jsonrpc": "2.0", "method": "subscription", "params": {"channel": "book.BTC-5SEP25.none.20.100ms", "data": {"timestamp": 1756432279002, "change_id": 115420561569, "instrument_name": "BTC-5SEP25", "bids": [[111702.5, 4810.0], [111700.0, 6340.0], [111697.5, 4200.0], [111695.0, 4200.0], [111692.5, 8600.0], [111690.0, 106400.0], [111687.5, 50160.0], [111685.0, 20000.0], [111680.0, 890.0], [111677.5, 2800.0], [111670.0, 5000.0], [111667.5, 2000.0], [111657.5, 2790.0], [111647.5, 4810.0], [111645.0, 2800.0], [111600.0, 6110.0], [111597.5, 840.0], [111595.0, 2800.0], [111582.5, 820.0], [111580.0, 2720.0]], "asks": [[111705.0, 2800.0], [111717.5, 4200.0], [111720.0, 2800.0], [111722.5, 4810.0], [111730.0, 4200.0], [111732.5, 2710.0], [111740.0, 160.0], [111747.5, 810.0], [111750.0, 2700.0], [111757.5, 40.0], [111760.0, 810.0], [111762.5, 2700.0], [111767.5, 44400.0], [111775.0, 7500.0], [111780.0, 18830.0], [111790.0, 2710.0], [111792.5, 50000.0], [111795.0, 11450.0], [111797.5, 38150.0], [111840.0, 840.0]]}}}
{"jsonrpc": "2.0", "method": "subscription", "params": {"channel": "book.BTC-5SEP25.none.20.100ms", "data": {"timestamp": 1756432279254, "change_id": 115420562023, "instrument_name": "BTC-5SEP25", "bids": [[111702.5, 4810.0], [111700.0, 6340.0], [111697.5, 4200.0], [111695.0, 6300.0], [111692.5, 4200.0], [111690.0, 8120.0], [111687.5, 70160.0], [111685.0, 1500.0], [111682.5, 5000.0], [111680.0, 890.0], [111677.5, 2800.0], [111667.5, 2000.0], [111657.5, 2790.0], [111650.0, 6110.0], [111647.5, 4810.0], [111645.0, 2800.0], [111597.5, 840.0], [111595.0, 2800.0], [111582.5, 820.0], [111580.0, 2720.0]], "asks": [[111707.5, 7000.0], [111717.5, 4200.0], [111720.0, 11810.0], [111730.0, 4200.0], [111732.5, 2710.0], [111740.0, 160.0], [111747.5, 810.0], [111750.0, 2700.0], [111757.5, 40.0], [111760.0, 810.0], [111762.5, 2700.0], [111767.5, 44400.0], [111775.0, 7500.0], [111780.0, 23830.0], [111790.0, 2710.0], [111795.0, 11450.0], [111797.5, 38150.0], [111840.0, 840.0], [111842.5, 2790.0], [111847.5, 10.0]]}}}
{"jsonrpc": "2.0", "method": "subscription", "params": {"channel": "book.BTC-5SEP25.none.20.100ms", "data": {"timestamp": 1756432279660, "change_id": 115420562722, "instrument_name": "BTC-5SEP25", "bids": [[111702.5, 4810.0], [111700.0, 5620.0], [111697.5, 4200.0], [111695.0, 2100.0], [111692.5, 4200.0], [111690.0, 8120.0], [111687.5, 70000.0], [111685.0, 1500.0], [111682.5, 5000.0], [111680.0, 890.0], [111677.5, 2800.0], [111667.5, 2000.0], [111657.5, 2790.0], [111650.0, 6110.0], [111647.5, 4810.0], [111645.0, 2800.0], [111620.0, 17800.0], [111617.5, 50000.0], [111597.5, 840.0], [111595.0, 2800.0]], "asks": [[111705.0, 7000.0], [111717.5, 4200.0], [111720.0, 7610.0], [111730.0, 4200.0], [111732.5, 2710.0], [111740.0, 160.0], [111747.5, 810.0], [111750.0, 2700.0], [111755.0, 1510.0], [111757.5, 5040.0], [111760.0, 810.0], [111762.5, 2700.0], [111767.5, 44400.0], [111775.0, 7500.0], [111780.0, 18830.0], [111790.0, 2710.0], [111795.0, 11450.0], [111797.5, 38150.0], [111840.0, 840.0], [111842.5, 2790.0]]}}}
{"jsonrpc": "2.0", "method": "subscription", "params": {"channel": "book.BTC-5SEP25.none.20.100ms", "data": {"timestamp": 1756432279971, "change_id": 115420563257, "instrument_name": "BTC-5SEP25", "bids": [[111700.0, 4360.0], [111697.5, 5640.0], [111695.0, 6910.0], [111692.5, 4200.0], [111690.0, 8120.0], [111687.5, 20000.0], [111685.0, 51500.0], [111682.5, 5000.0], [111680.0, 890.0], [111677.5, 2800.0], [111667.5, 2000.0], [111657.5, 2790.0], [111652.5, 1830.0], [111650.0, 6110.0], [111647.5, 4810.0], [111645.0, 2800.0], [111620.0, 17800.0], [111617.5, 50000.0], [111597.5, 840.0], [111595.0, 2800.0]], "asks": [[111702.5, 4200.0], [111717.5, 4200.0], [111720.0, 7610.0], [111727.5, 160.0], [111730.0, 4200.0], [111732.5, 2710.0], [111745.0, 2310.0], [111747.5, 5000.0], [111750.0, 2700.0], [111757.5, 40.0], [111760.0, 810.0], [111762.5, 2700.0], [111765.0, 13320.0], [111767.5, 44400.0], [111775.0, 7500.0], [111780.0, 18830.0], [111790.0, 2710.0], [111795.0, 11450.0], [111797.5, 38150.0], [111840.0, 840.0]]}}}
{"jsonrpc": "2.0", "method": "subscription", "params": {"channel": "book.BTC-5SEP25.none.20.100ms", "data": {"timestamp": 1756432280357, "change_id": 115420563646, "instrument_name": "BTC-5SEP25", "bids": [[111700.0, 4360.0], [111697.5, 5640.0], [111695.0, 6910.0], [111692.5, 4200.0], [111690.0, 8120.0], [111687.5, 20000.0], [111685.0, 51500.0], [111682.5, 5000.0], [111680.0, 890.0], [111677.5, 2800.0], [111667.5, 2000.0], [111657.5, 2790.0], [111652.5, 1830.0], [111650.0, 6110.0], [111647.5, 4810.0], [111645.0, 2800.0], [111620.0, 17800.0], [111617.5, 50000.0], [111597.5, 840.0], [111595.0, 2800.0]], "asks": [[111702.5, 7000.0], [111717.5, 4200.0], [111720.0, 7610.0], [111727.5, 160.0], [111730.0, 9200.0], [111732.5, 2710.0], [111747.5, 810.0], [111750.0, 2700.0], [111757.5, 40.0], [111760.0, 810.0], [111762.5, 2700.0], [111765.0, 13320.0], [111767.5, 44400.0], [111775.0, 7500.0], [111780.0, 18830.0], [111790.0, 2710.0], [111795.0, 11450.0], [111797.5, 38150.0], [111840.0, 840.0], [111842.5, 2790.0]]}}}
{"jsonrpc": "2.0", "method": "subscription", "params": {"channel": "book.BTC-5SEP25.none.20.100ms", "data": {"timestamp": 1756432280580, "change_id": 115420563981, "instrument_name": "BTC-5SEP25", "bids": [[111700.0, 4360.0], [111697.5, 5640.0], [111695.0, 6910.0], [111692.5, 4200.0], [111690.0, 12320.0], [111687.5, 23200.0], [111685.0, 51500.0], [111682.5, 5000.0], [111680.0, 890.0], [111677.5, 2800.0], [111667.5, 2000.0], [111657.5, 2790.0], [111652.5, 1830.0], [111650.0, 6110.0], [111647.5, 4810.0], [111645.0, 2800.0], [111620.0, 17800.0], [111617.5, 50000.0], [111597.5, 840.0], [111595.0, 2800.0]], "asks": [[111702.5, 4200.0], [111717.5, 4200.0], [111720.0, 7610.0], [111725.0, 4200.0], [111727.5, 160.0], [111730.0, 9200.0], [111732.5, 2710.0], [111747.5, 810.0], [111750.0, 2700.0], [111757.5, 40.0], [111760.0, 810.0], [111762.5, 2700.0], [111765.0, 13320.0], [111767.5, 44400.0], [111775.0, 7500.0], [111780.0, 18830.0], [111790.0, 2710.0], [111795.0, 11450.0], [111797.5, 38150.0], [111840.0, 840.0]]}}}
{"jsonrpc": "2.0", "method": "subscription", "params": {"channel": "book.BTC-5SEP25.none.20.100ms", "data": {"timestamp": 1756432281368, "change_id": 115420565034, "instrument_name": "BTC-5SEP25", "bids": [[111700.0, 4360.0], [111697.5, 4200.0], [111695.0, 7910.0], [111692.5, 4200.0], [111690.0, 12320.0], [111687.5, 20000.0], [111685.0, 51500.0], [111682.5, 5000.0], [111680.0, 890.0], [111677.5, 2800.0], [111667.5, 2000.0], [111660.0, 840.0], [111657.5, 2790.0], [111652.5, 1830.0], [111650.0, 6110.0], [111647.5, 4810.0], [111645.0, 2800.0], [111622.5, 840.0], [111620.0, 17800.0], [111617.5, 50000.0]], "asks": [[111702.5, 7000.0], [111717.5, 4200.0], [111720.0, 7610.0], [111722.5, 5000.0], [111725.0, 4200.0], [111727.5, 160.0], [111730.0, 4200.0], [111732.5, 2710.0], [111747.5, 810.0], [111750.0, 2700.0], [111757.5, 40.0], [111760.0, 810.0], [111762.5, 2700.0], [111767.5, 44400.0], [111775.0, 7500.0], [111777.5, 5650.0], [111780.0, 18830.0], [111790.0, 2710.0], [111795.0, 11450.0], [111797.5, 38150.0]]}}}
{"jsonrpc": "2.0", "method": "subscription", "params": {"channel": "book.BTC-5SEP25.none.20.100ms", "data": {"timestamp": 1756432281569, "change_id": 115420565349, "instrument_name": "BTC-5SEP25", "bids": [[111700.0, 160.0], [111697.5, 4200.0], [111695.0, 7910.0], [111692.5, 4200.0], [111690.0, 12320.0], [111687.5, 20000.0], [111685.0, 51500.0], [111682.5, 5000.0], [111680.0, 890.0], [111677.5, 2800.0], [111667.5, 2000.0], [111660.0, 840.0], [111657.5, 2790.0], [111652.5, 1830.0], [111650.0, 6110.0], [111647.5, 4810.0], [111645.0, 2800.0], [111622.5, 840.0], [111620.0, 17800.0], [111617.5, 50000.0]], "asks": [[111702.5, 7000.0], [111712.5, 4200.0], [111715.0, 5000.0], [111717.5, 4200.0], [111720.0, 7610.0], [111725.0, 4200.0], [111727.5, 160.0], [111730.0, 4200.0], [111732.5, 2710.0], [111747.5, 810.0], [111750.0, 2700.0], [111757.5, 40.0], [111760.0, 810.0], [111762.5, 2700.0], [111767.5, 44400.0], [111775.0, 7500.0], [111777.5, 5650.0], [111780.0, 18830.0], [111790.0, 2710.0], [111795.0, 11450.0]]}}}
{"jsonrpc": "2.0", "method": "subscription", "params": {"channel": "book.BTC-5SEP25.none.20.100ms", "data": {"timestamp": 1756432281981, "change_id": 115420566149, "instrument_name": "BTC-5SEP25", "bids": [[111697.5, 4200.0], [111695.0, 7910.0], [111692.5, 4200.0], [111690.0, 9520.0], [111687.5, 20000.0], [111685.0, 1660.0], [111680.0, 50890.0], [111677.5, 2800.0], [111675.0, 1500.0], [111672.5, 5000.0], [111667.5, 2000.0], [111660.0, 840.0], [111657.5, 2790.0], [111652.5, 1830.0], [111650.0, 6110.0], [111647.5, 4810.0], [111645.0, 2800.0], [111622.5, 840.0], [111620.0, 17800.0], [111617.5, 50000.0]], "asks": [[111700.0, 7000.0], [111702.5, 4200.0], [111707.5, 5000.0], [111712.5, 9010.0], [111717.5, 4200.0], [111720.0, 2800.0], [111725.0, 4200.0], [111727.5, 160.0], [111730.0, 5010.0], [111732.5, 2710.0], [111747.5, 810.0], [111750.0, 2700.0], [111757.5, 40.0], [111760.0, 810.0], [111762.5, 2700.0], [111767.5, 44400.0], [111775.0, 7500.0], [111777.5, 5650.0], [111780.0, 18830.0], [111790.0, 2710.0]]}}}
{"jsonrpc": "2.0", "method": "subscription", "params": {"channel": "book.BTC-5SEP25.none.20.100ms", "data": {"timestamp": 1756432282687, "change_id": 115420567004, "instrument_name": "BTC-5SEP25", "bids": [[111697.5, 5640.0], [111695.0, 7910.0], [111692.5, 4200.0], [111690.0, 9520.0], [111687.5, 24200.0], [111685.0, 1660.0], [111682.5, 4200.0], [111680.0, 55890.0], [111677.5, 2800.0], [111667.5, 2000.0], [111660.0, 840.0], [111657.5, 2790.0], [111652.5, 1830.0], [111650.0, 8390.0], [111647.5, 4810.0], [111645.0, 2800.0], [111622.5, 840.0], [111620.0, 17800.0], [111617.5, 50000.0], [111597.5, 840.0]], "asks": [[111702.5, 4200.0], [111705.0, 4200.0], [111707.5, 5000.0], [111712.5, 4810.0], [111717.5, 4200.0], [111720.0, 2800.0], [111725.0, 4200.0], [111727.5, 160.0], [111730.0, 4200.0], [111732.5, 2710.0], [111747.5, 810.0], [111750.0, 2700.0], [111757.5, 40.0], [111760.0, 810.0], [111762.5, 2700.0], [111765.0, 13320.0], [111767.5, 44400.0], [111775.0, 7500.0], [111777.5, 5650.0], [111780.0, 18830.0]]}}}
{"jsonrpc": "2.0", "method": "subscription", "params": {"channel": "book.BTC-5SEP25.none.20.100ms", "data": {"timestamp": 1756432282970, "change_id": 115420567401, "instrument_name": "BTC-5SEP25", "bids": [[111697.5, 5640.0], [111695.0, 7910.0], [111692.5, 4200.0], [111690.0, 9520.0], [111687.5, 24200.0], [111685.0, 1660.0], [111682.5, 4200.0], [111680.0, 55890.0], [111677.5, 2800.0], [111667.5, 2000.0], [111660.0, 840.0], [111657.5, 2790.0], [111652.5, 1830.0], [111650.0, 8390.0], [111647.5, 4810.0], [111645.0, 2800.0], [111622.5, 840.0], [111620.0, 17800.0], [111617.5, 50000.0], [111597.5, 840.0]], "asks": [[111702.5, 7000.0], [111705.0, 4200.0], [111707.5, 5000.0], [111715.0, 4810.0], [111717.5, 4200.0], [111720.0, 2800.0], [111725.0, 4200.0], [111727.5, 160.0], [111730.0, 4200.0], [111732.5, 2710.0], [111747.5, 810.0], [111750.0, 2700.0], [111757.5, 40.0], [111760.0, 810.0], [111762.5, 2700.0], [111765.0, 13320.0], [111767.5, 44400.0], [111775.0, 7500.0], [111777.5, 5650.0], [111780.0, 18830.0]]}}}
{"jsonrpc": "2.0", "method": "subscription", "params": {"channel": "book.BTC-5SEP25.none.20.100ms", "data": {"timestamp": 1756432283670, "change_id": 115420568171, "instrument_name": "BTC-5SEP25", "bids": [[111697.5, 4200.0], [111695.0, 7910.0], [111692.5, 4200.0], [111690.0, 9520.0], [111687.5, 24200.0], [111685.0, 1660.0], [111682.5, 4200.0], [111680.0, 55890.0], [111677.5, 2800.0], [111670.0, 600.0], [111667.5, 2000.0], [111660.0, 840.0], [111657.5, 2790.0], [111652.5, 1830.0], [111650.0, 8390.0], [111647.5, 4810.0], [111645.0, 2800.0], [111622.5, 840.0], [111620.0, 17800.0], [111617.5, 50000.0]], "asks": [[111700.0, 7000.0], [111702.5, 4200.0], [111705.0, 4200.0], [111707.5, 5000.0], [111712.5, 4200.0], [111715.0, 4810.0], [111717.5, 4200.0], [111720.0, 2800.0], [111725.0, 4200.0], [111727.5, 160.0], [111732.5, 2710.0], [111747.5, 810.0], [111750.0, 2700.0], [111757.5, 40.0], [111760.0, 810.0], [111762.5, 2700.0], [111765.0, 13320.0], [111767.5, 44400.0], [111772.5, 2250.0], [111775.0, 7500.0]]}}}
{"jsonrpc": "2.0", "method": "subscription", "params": {"channel": "book.BTC-5SEP25.none.20.100ms", "data": {"timestamp": 1756432283933, "change_id": 115420568591, "instrument_name": "BTC-5SEP25", "bids": [[111697.5, 4200.0], [111695.0, 7910.0], [111692.5, 4200.0], [111690.0, 9520.0], [111687.5, 24200.0], [111685.0, 1660.0], [111682.5, 4200.0], [111680.0, 55890.0], [111677.5, 2800.0], [111670.0, 600.0], [111667.5, 2000.0], [111660.0, 840.0], [111657.5, 2790.0], [111652.5, 1830.0], [111650.0, 8390.0], [111647.5, 4810.0], [111645.0, 2800.0], [111622.5, 840.0], [111620.0, 17800.0], [111617.5, 50000.0]], "asks": [[111700.0, 4200.0], [111702.5, 4200.0], [111705.0, 4200.0], [111707.5, 5000.0], [111712.5, 4200.0], [111715.0, 4810.0], [111717.5, 4200.0], [111720.0, 2800.0], [111725.0, 4200.0], [111727.5, 160.0], [111732.5, 2710.0], [111747.5, 810.0], [111750.0, 2700.0], [111757.5, 40.0], [111760.0, 810.0], [111762.5, 2700.0], [111765.0, 13320.0], [111767.5, 44400.0], [111772.5, 2250.0], [111775.0, 7500.0]]}}}
{"jsonrpc": "2.0", "method": "subscription", "params": {"channel": "book.BTC-5SEP25.none.20.100ms", "data": {"timestamp": 1756432284535, "change_id": 115420569332, "instrument_name": "BTC-5SEP25", "bids": [[111697.5, 4200.0], [111695.0, 7910.0], [111692.5, 4200.0], [111690.0, 9520.0], [111687.5, 24200.0], [111685.0, 1660.0], [111682.5, 4200.0], [111680.0, 62000.0], [111677.5, 2800.0], [111670.0, 600.0], [111667.5, 2000.0], [111660.0, 840.0], [111657.5, 2790.0], [111650.0, 2280.0], [111647.5, 4810.0], [111645.0, 2800.0], [111622.5, 840.0], [111620.0, 17800.0], [111617.5, 50000.0], [111597.5, 840.0]], "asks": [[111700.0, 4200.0], [111705.0, 4200.0], [111707.5, 5000.0], [111712.5, 4200.0], [111715.0, 4810.0], [111717.5, 4200.0], [111720.0, 2800.0], [111725.0, 4200.0], [111727.5, 160.0], [111732.5, 2710.0], [111747.5, 810.0], [111750.0, 2700.0], [111757.5, 40.0], [111760.0, 810.0], [111762.5, 2700.0], [111765.0, 13320.0], [111767.5, 44400.0], [111772.5, 2250.0], [111775.0, 7500.0], [111777.5, 5650.0]]}}}
{"jsonrpc": "2.0", "method": "subscription", "params": {"channel": "book.BTC-5SEP25.none.20.100ms", "data": {"timestamp": 1756432284992, "change_id": 115420570965, "instrument_name": "BTC-5SEP25", "bids": [[111712.5, 2760.0], [111707.5, 4200.0], [111702.5, 4200.0], [111700.0, 100290.0], [111697.5, 24200.0], [111695.0, 57570.0], [111692.5, 4200.0], [111687.5, 4200.0], [111685.0, 4360.0], [111680.0, 5000.0], [111677.5, 2800.0], [111657.5, 2790.0], [111647.5, 4810.0], [111645.0, 2800.0], [111620.0, 2800.0], [111617.5, 50000.0], [111595.0, 2800.0], [111580.0, 2720.0], [111572.5, 20.0], [111542.5, 2800.0]], "asks": [[111725.0, 6960.0], [111750.0, 2700.0], [111757.5, 40.0], [111762.5, 2700.0], [111767.5, 44560.0], [111775.0, 7500.0], [111790.0, 2710.0], [111805.0, 18830.0], [111842.5, 2790.0], [111847.5, 10.0], [111877.5, 6180.0], [111880.0, 36700.0], [111925.0, 2570.0], [111927.5, 2740.0], [111937.5, 40.0], [111965.0, 2750.0], [112010.0, 51580.0], [112012.5, 36460.0], [112015.0, 2740.0], [112022.5, 105000.0]]}}}
{"jsonrpc": "2.0", "method": "subscription", "params": {"channel": "book.BTC-5SEP25.none.20.100ms", "data": {"timestamp": 1756432285285, "change_id": 115420572896, "instrument_name": "BTC-5SEP25", "bids": [[111725.0, 4810.0], [111712.5, 2760.0], [111710.0, 160.0], [111702.5, 4200.0], [111700.0, 170290.0], [111697.5, 4200.0], [111695.0, 2760.0], [111690.0, 4810.0], [111687.5, 4200.0], [111685.0, 4200.0], [111680.0, 5000.0], [111677.5, 2800.0], [111660.0, 6110.0], [111657.5, 2790.0], [111645.0, 2800.0], [111620.0, 2800.0], [111617.5, 50000.0], [111595.0, 2800.0], [111582.5, 20.0], [111580.0, 8850.0]], "asks": [[111745.0, 11770.0], [111757.5, 40.0], [111762.5, 2700.0], [111767.5, 44560.0], [111775.0, 7500.0], [111790.0, 2710.0], [111805.0, 18830.0], [111815.0, 2760.0], [111832.5, 38150.0], [111842.5, 2790.0], [111847.5, 10.0], [111880.0, 36700.0], [111925.0, 2570.0], [111927.5, 2740.0], [111935.0, 6180.0], [111937.5, 40.0], [111965.0, 2750.0], [112010.0, 51580.0], [112012.5, 36460.0], [112015.0, 2740.0]]}}}
{"jsonrpc": "2.0", "method": "subscription", "params": {"channel": "book.BTC-5SEP25.none.20.100ms", "data": {"timestamp": 1756432285674, "change_id": 115420574815, "instrument_name": "BTC-5SEP25", "bids": [[111720.0, 1450.0], [111717.5, 4810.0], [111712.5, 880.0], [111710.0, 2920.0], [111707.5, 1500.0], [111705.0, 5000.0], [111702.5, 20570.0], [111700.0, 72000.0], [111697.5, 4200.0], [111695.0, 2760.0], [111690.0, 4810.0], [111680.0, 840.0], [111677.5, 2800.0], [111662.5, 1830.0], [111660.0, 6950.0], [111657.5, 2790.0], [111647.5, 840.0], [111645.0, 2800.0], [111622.5, 840.0], [111620.0, 17800.0]], "asks": [[111742.5, 6960.0], [111745.0, 4810.0], [111755.0, 160.0], [111757.5, 1300.0], [111760.0, 6170.0], [111762.5, 6900.0], [111765.0, 13320.0], [111767.5, 44400.0], [111772.5, 2250.0], [111775.0, 7500.0], [111787.5, 810.0], [111790.0, 2710.0], [111802.5, 5650.0], [111805.0, 18830.0], [111812.5, 830.0], [111815.0, 2760.0], [111830.0, 11450.0], [111832.5, 38150.0], [111840.0, 840.0], [111842.5, 2790.0]]}}}
{"jsonrpc": "2.0", "method": "subscription", "params": {"channel": "book.BTC-5SEP25.none.20.100ms", "data": {"timestamp": 1756432285981, "change_id": 115420577182, "instrument_name": "BTC-5SEP25", "bids": [[111722.5, 98310.0], [111717.5, 4810.0], [111712.5, 5240.0], [111710.0, 72920.0], [111707.5, 1500.0], [111705.0, 5000.0], [111702.5, 4200.0], [111700.0, 4090.0], [111697.5, 4200.0], [111695.0, 2760.0], [111692.5, 1440.0], [111690.0, 4810.0], [111680.0, 840.0], [111677.5, 2800.0], [111662.5, 1830.0], [111660.0, 6950.0], [111657.5, 2790.0], [111647.5, 840.0], [111645.0, 2800.0], [111622.5, 840.0]], "asks": [[111737.5, 7570.0], [111742.5, 4200.0], [111755.0, 160.0], [111757.5, 1300.0], [111760.0, 6170.0], [111762.5, 6900.0], [111765.0, 13320.0], [111767.5, 44400.0], [111772.5, 2250.0], [111775.0, 7500.0], [111787.5, 810.0], [111790.0, 2710.0], [111802.5, 5650.0], [111805.0, 18830.0], [111812.5, 830.0], [111815.0, 2760.0], [111830.0, 11450.0], [111832.5, 38150.0], [111840.0, 840.0], [111842.5, 2790.0]]}}}
{"jsonrpc": "2.0", "method": "subscription", "params": {"channel": "book.BTC-5SEP25.none.20.100ms", "data": {"timestamp": 1756432286175, "change_id": 115420577444, "instrument_name": "BTC-5SEP25", "bids": [[111722.5, 98310.0], [111717.5, 4810.0], [111712.5, 5240.0], [111710.0, 70160.0], [111707.5, 1500.0], [111705.0, 5000.0], [111702.5, 4200.0], [111700.0, 4090.0], [111697.5, 4200.0], [111695.0, 2760.0], [111692.5, 1440.0], [111690.0, 4810.0], [111680.0, 840.0], [111677.5, 2800.0], [111662.5, 1830.0], [111660.0, 6950.0], [111657.5, 2790.0], [111647.5, 840.0], [111645.0, 2800.0], [111622.5, 840.0]], "asks": [[111737.5, 7570.0], [111742.5, 4200.0], [111755.0, 160.0], [111757.5, 1300.0], [111760.0, 6170.0], [111762.5, 6900.0], [111765.0, 13320.0], [111767.5, 44400.0], [111772.5, 2250.0], [111775.0, 7500.0], [111787.5, 810.0], [111790.0, 2710.0], [111802.5, 5650.0], [111805.0, 18830.0], [111812.5, 830.0], [111815.0, 2760.0], [111830.0, 11450.0], [111832.5, 38150.0], [111840.0, 840.0], [111842.5, 2790.0]]}}}
{"jsonrpc": "2.0", "method": "subscription", "params": {"channel": "book.BTC-5SEP25.none.20.100ms", "data": {"timestamp": 1756432286620, "change_id": 115420578352, "instrument_name": "BTC-5SEP25", "bids": [[111725.0, 4200.0], [111722.5, 102510.0], [111717.5, 4810.0], [111715.0, 4200.0], [111712.5, 9440.0], [111710.0, 70160.0], [111707.5, 1500.0], [111705.0, 5000.0], [111702.5, 4200.0], [111700.0, 4090.0], [111697.5, 4200.0], [111695.0, 2760.0], [111692.5, 1440.0], [111690.0, 4810.0], [111680.0, 840.0], [111677.5, 2800.0], [111662.5, 1830.0], [111660.0, 6950.0], [111657.5, 2790.0], [111647.5, 840.0]], "asks": [[111737.5, 11770.0], [111752.5, 1310.0], [111755.0, 4360.0], [111757.5, 1300.0], [111760.0, 6170.0], [111762.5, 6900.0], [111765.0, 13320.0], [111767.5, 44400.0], [111772.5, 2250.0], [111775.0, 7500.0], [111787.5, 810.0], [111790.0, 2710.0], [111802.5, 5650.0], [111805.0, 18830.0], [111812.5, 830.0], [111815.0, 2760.0], [111830.0, 11450.0], [111832.5, 38150.0], [111840.0, 840.0], [111842.5, 2790.0]]}}}
{"jsonrpc": "2.0", "method": "subscription", "params": {"channel": "book.BTC-5SEP25.none.20.100ms", "data": {"timestamp": 1756432286883, "change_id": 115420578745, "instrument_name": "BTC-5SEP25", "bids": [[111725.0, 4200.0], [111722.5, 102510.0], [111717.5, 4810.0], [111715.0, 4200.0], [111712.5, 82200.0], [111710.0, 160.0], [111707.5, 1500.0], [111705.0, 5000.0], [111702.5, 4200.0], [111700.0, 4090.0], [111697.5, 4200.0], [111695.0, 2760.0], [111692.5, 1440.0], [111690.0, 4810.0], [111680.0, 840.0], [111677.5, 2800.0], [111662.5, 1830.0], [111660.0, 6950.0], [111657.5, 2790.0], [111647.5, 840.0]], "asks": [[111737.5, 11770.0], [111752.5, 1310.0], [111755.0, 4360.0], [111757.5, 1300.0], [111760.0, 6170.0], [111762.5, 6900.0], [111765.0, 13320.0], [111767.5, 44400.0], [111772.5, 2250.0], [111775.0, 7500.0], [111787.5, 810.0], [111790.0, 2710.0], [111802.5, 5650.0], [111805.0, 18830.0], [111812.5, 830.0], [111815.0, 2760.0], [111830.0, 11450.0], [111832.5, 43150.0], [111840.0, 840.0], [111842.5, 2790.0]]}}}
{"jsonrpc": "2.0", "method": "subscription", "params": {"channel": "book.BTC-5SEP25.none.20.100ms", "data": {"timestamp": 1756432287265, "change_id": 115420579461, "instrument_name": "BTC-5SEP25", "bids": [[111725.0, 4200.0], [111722.5, 102510.0], [111717.5, 4810.0], [111715.0, 4200.0], [111712.5, 79440.0], [111710.0, 160.0], [111705.0, 1860.0], [111702.5, 4200.0], [111700.0, 5330.0], [111697.5, 4200.0], [111695.0, 7760.0], [111692.5, 1440.0], [111690.0, 4810.0], [111680.0, 840.0], [111677.5, 2800.0], [111662.5, 1830.0], [111660.0, 6950.0], [111657.5, 2790.0], [111647.5, 840.0], [111645.0, 2800.0]], "asks": [[111737.5, 11770.0], [111752.5, 1310.0], [111755.0, 4360.0], [111757.5, 1300.0], [111760.0, 6170.0], [111762.5, 6900.0], [111765.0, 13320.0], [111767.5, 44400.0], [111772.5, 2250.0], [111775.0, 7500.0], [111787.5, 810.0], [111790.0, 2710.0], [111802.5, 5650.0], [111805.0, 18830.0], [111812.5, 2220.0], [111815.0, 7760.0], [111830.0, 11450.0], [111832.5, 38150.0], [111840.0, 840.0], [111842.5, 2790.0]]}}}
{"jsonrpc": "2.0", "method": "subscription", "params": {"channel": "book.BTC-5SEP25.none.20.100ms", "data": {"timestamp": 1756432287659, "change_id": 115420580399, "instrument_name": "BTC-5SEP25", "bids": [[111727.5, 4200.0], [111725.0, 12840.0], [111722.5, 102510.0], [111717.5, 1260.0], [111715.0, 12010.0], [111712.5, 76960.0], [111710.0, 160.0], [111705.0, 1490.0], [111702.5, 4200.0], [111700.0, 2000.0], [111697.5, 2330.0], [111695.0, 7760.0], [111692.5, 1440.0], [111690.0, 4810.0], [111680.0, 840.0], [111677.5, 2800.0], [111662.5, 1830.0], [111660.0, 6950.0], [111657.5, 2790.0], [111645.0, 2800.0]], "asks": [[111737.5, 6960.0], [111752.5, 4200.0], [111755.0, 4360.0], [111757.5, 1300.0], [111760.0, 4200.0], [111762.5, 6900.0], [111765.0, 12580.0], [111767.5, 44400.0], [111775.0, 7500.0], [111790.0, 2710.0], [111805.0, 18830.0], [111815.0, 2760.0], [111832.5, 38150.0], [111842.5, 2790.0], [111847.5, 10.0], [111880.0, 36700.0], [111922.5, 530.0], [111925.0, 2570.0], [111927.5, 2740.0], [111935.0, 6180.0]]}}}
{"jsonrpc": "2.0", "method": "subscription", "params": {"channel": "book.BTC-5SEP25.none.20.100ms", "data": {"timestamp": 1756432287967, "change_id": 115420581779, "instrument_name": "BTC-5SEP25", "bids": [[111727.5, 4200.0], [111725.0, 12840.0], [111722.5, 102510.0], [111717.5, 1260.0], [111715.0, 12010.0], [111712.5, 76960.0], [111710.0, 160.0], [111707.5, 5000.0], [111705.0, 1490.0], [111702.5, 4200.0], [111700.0, 2000.0], [111697.5, 830.0], [111695.0, 2760.0], [111692.5, 1440.0], [111690.0, 4810.0], [111680.0, 840.0], [111677.5, 2800.0], [111662.5, 1830.0], [111660.0, 6950.0], [111657.5, 2790.0]], "asks": [[111737.5, 6960.0], [111745.0, 4810.0], [111752.5, 4200.0], [111755.0, 4360.0], [111757.5, 40.0], [111760.0, 6270.0], [111762.5, 6900.0], [111765.0, 12050.0], [111767.5, 44400.0], [111772.5, 2150.0], [111775.0, 7500.0], [111787.5, 810.0], [111790.0, 2710.0], [111792.5, 5000.0], [111802.5, 5650.0], [111805.0, 18830.0], [111815.0, 2760.0], [111832.5, 38150.0], [111842.5, 2790.0], [111847.5, 10.0]]}}}
{"jsonrpc": "2.0", "method": "subscription", "params": {"channel": "book.BTC-5SEP25.none.20.100ms", "data": {"timestamp": 1756432288247, "change_id": 115420582308, "instrument_name": "BTC-5SEP25", "bids": [[111727.5, 4200.0], [111725.0, 12840.0], [111722.5, 102510.0], [111717.5, 1260.0], [111715.0, 82010.0], [111712.5, 6960.0], [111710.0, 160.0], [111707.5, 5000.0], [111705.0, 1490.0], [111702.5, 4200.0], [111700.0, 2000.0], [111697.5, 830.0], [111695.0, 2760.0], [111692.5, 1440.0], [111690.0, 4810.0], [111680.0, 840.0], [111677.5, 2800.0], [111662.5, 1830.0], [111660.0, 6950.0], [111657.5, 2790.0]], "asks": [[111737.5, 6960.0], [111745.0, 4810.0], [111752.5, 4200.0], [111755.0, 4360.0], [111757.5, 40.0], [111760.0, 6270.0], [111762.5, 6900.0], [111765.0, 12050.0], [111767.5, 44400.0], [111772.5, 2150.0], [111775.0, 7500.0], [111777.5, 1500.0], [111780.0, 5000.0], [111787.5, 810.0], [111790.0, 2710.0], [111802.5, 5650.0], [111805.0, 18830.0], [111815.0, 2760.0], [111832.5, 38150.0], [111842.5, 2790.0]]}}}
{"jsonrpc": "2.0", "method": "subscription", "params": {"channel": "book.BTC-5SEP25.none.20.100ms", "data": {"timestamp": 1756432288615, "change_id": 115420582899, "instrument_name": "BTC-5SEP25", "bids": [[111727.5, 4200.0], [111725.0, 12840.0], [111722.5, 98310.0], [111717.5, 5460.0], [111715.0, 87010.0], [111712.5, 2760.0], [111710.0, 160.0], [111705.0, 1490.0], [111702.5, 4200.0], [111700.0, 2000.0], [111697.5, 830.0], [111695.0, 2760.0], [111692.5, 1440.0], [111690.0, 4810.0], [111680.0, 840.0], [111677.5, 2800.0], [111662.5, 1830.0], [111660.0, 6950.0], [111657.5, 2790.0], [111647.5, 840.0]], "asks": [[111737.5, 6960.0], [111745.0, 4810.0], [111752.5, 4200.0], [111755.0, 4360.0], [111757.5, 4240.0], [111760.0, 6270.0], [111762.5, 6900.0], [111765.0, 12050.0], [111767.5, 44400.0], [111772.5, 7150.0], [111775.0, 7500.0], [111787.5, 810.0], [111790.0, 2710.0], [111802.5, 5650.0], [111805.0, 18830.0], [111815.0, 2760.0], [111832.5, 38150.0], [111842.5, 2790.0], [111847.5, 10.0], [111880.0, 36700.0]]}}}
{"jsonrpc": "2.0", "method": "subscription", "params": {"channel": "book.BTC-5SEP25.none.20.100ms", "data": {"timestamp": 1756432288982, "change_id": 115420583485, "instrument_name": "BTC-5SEP25", "bids": [[111727.5, 4200.0], [111725.0, 8030.0], [111722.5, 98310.0], [111717.5, 10270.0], [111715.0, 87010.0], [111712.5, 2760.0], [111710.0, 160.0], [111705.0, 1490.0], [111702.5, 4200.0], [111700.0, 2000.0], [111697.5, 830.0], [111695.0, 2760.0], [111692.5, 1440.0], [111690.0, 4810.0], [111680.0, 840.0], [111677.5, 2800.0], [111662.5, 1830.0], [111660.0, 6950.0], [111657.5, 2790.0], [111647.5, 840.0]], "asks": [[111737.5, 6960.0], [111745.0, 4810.0], [111752.5, 4200.0], [111755.0, 4360.0], [111757.5, 9240.0], [111760.0, 6270.0], [111762.5, 6900.0], [111765.0, 12050.0], [111767.5, 44400.0], [111772.5, 2150.0], [111775.0, 7500.0], [111787.5, 810.0], [111790.0, 2710.0], [111802.5, 5650.0], [111805.0, 18830.0], [111815.0, 2760.0], [111830.0, 11450.0], [111832.5, 38150.0], [111842.5, 2790.0], [111847.5, 10.0]]}}}
{"jsonrpc": "2.0", "method": "subscription", "params": {"channel": "book.BTC-5SEP25.none.20.100ms", "data": {"timestamp": 1756432289632, "change_id": 115420584276, "instrument_name": "BTC-5SEP25", "bids": [[111727.5, 4200.0], [111725.0, 8030.0], [111722.5, 98310.0], [111720.0, 4200.0], [111717.5, 10270.0], [111715.0, 82810.0], [111712.5, 2760.0], [111710.0, 160.0], [111705.0, 1490.0], [111702.5, 4200.0], [111700.0, 2000.0], [111697.5, 830.0], [111695.0, 2760.0], [111692.5, 1440.0], [111690.0, 4810.0], [111680.0, 840.0], [111677.5, 2800.0], [111662.5, 1830.0], [111660.0, 6950.0], [111657.5, 2790.0]], "asks": [[111737.5, 6960.0], [111745.0, 9810.0], [111752.5, 4200.0], [111755.0, 4360.0], [111757.5, 4240.0], [111760.0, 6270.0], [111762.5, 6900.0], [111765.0, 12050.0], [111767.5, 44400.0], [111772.5, 2150.0], [111775.0, 7500.0], [111787.5, 810.0], [111790.0, 2710.0], [111802.5, 5650.0], [111805.0, 18830.0], [111815.0, 2760.0], [111830.0, 11450.0], [111832.5, 38150.0], [111842.5, 2790.0], [111847.5, 10.0]]}}}
{"jsonrpc": "2.0", "method": "subscription", "params": {"channel": "book.BTC-5SEP25.none.20.100ms", "data": {"timestamp": 1756432289970, "change_id": 115420584779, "instrument_name": "BTC-5SEP25", "bids": [[111727.5, 4200.0], [111725.0, 8030.0], [111722.5, 98310.0], [111720.0, 4200.0], [111717.5, 10270.0], [111715.0, 82810.0], [111712.5, 2760.0], [111710.0, 160.0], [111705.0, 1490.0], [111702.5, 4200.0], [111700.0, 2000.0], [111697.5, 830.0], [111695.0, 2760.0], [111692.5, 1440.0], [111690.0, 4810.0], [111680.0, 840.0], [111677.5, 2800.0], [111662.5, 1830.0], [111660.0, 6950.0], [111657.5, 2790.0]], "asks": [[111732.5, 11960.0], [111745.0, 4810.0], [111752.5, 4200.0], [111755.0, 4360.0], [111757.5, 4240.0], [111760.0, 6270.0], [111762.5, 6900.0], [111765.0, 12050.0], [111767.5, 44400.0], [111772.5, 2150.0], [111775.0, 7500.0], [111787.5, 810.0], [111790.0, 2710.0], [111802.5, 5650.0], [111805.0, 18830.0], [111812.5, 830.0], [111815.0, 2760.0], [111830.0, 11450.0], [111832.5, 38150.0], [111840.0, 840.0]]}}}
{"jsonrpc": "2.0", "method": "subscription", "params": {"channel": "book.BTC-5SEP25.none.20.100ms", "data": {"timestamp": 1756432290373, "change_id": 115420585262, "instrument_name": "BTC-5SEP25", "bids": [[111727.5, 4200.0], [111725.0, 8030.0], [111722.5, 98310.0], [111720.0, 4200.0], [111717.5, 10270.0], [111715.0, 82810.0], [111712.5, 2760.0], [111710.0, 160.0], [111705.0, 1490.0], [111702.5, 4200.0], [111700.0, 2000.0], [111697.5, 830.0], [111695.0, 2760.0], [111692.5, 1440.0], [111690.0, 4810.0], [111685.0, 1830.0], [111682.5, 6110.0], [111680.0, 840.0], [111677.5, 2800.0], [111660.0, 840.0]], "asks": [[111732.5, 11960.0], [111745.0, 4810.0], [111752.5, 4200.0], [111755.0, 4360.0], [111757.5, 4240.0], [111760.0, 6270.0], [111762.5, 6900.0], [111765.0, 12050.0], [111767.5, 44400.0], [111772.5, 2150.0], [111775.0, 7500.0], [111787.5, 810.0], [111790.0, 2710.0], [111802.5, 5650.0], [111805.0, 18830.0], [111812.5, 830.0], [111815.0, 2760.0], [111830.0, 11450.0], [111832.5, 38150.0], [111840.0, 840.0]]}}}
{"jsonrpc": "2.0", "method": "subscription", "params": {"channel": "book.BTC-5SEP25.none.20.100ms", "data": {"timestamp": 1756432290940, "change_id": 115420586050, "instrument_name": "BTC-5SEP25", "bids": [[111727.5, 5460.0], [111725.0, 8030.0], [111722.5, 98310.0], [111720.0, 4200.0], [111717.5, 15470.0], [111715.0, 82810.0], [111712.5, 2760.0], [111710.0, 160.0], [111705.0, 1490.0], [111702.5, 4200.0], [111700.0, 2000.0], [111697.5, 830.0], [111695.0, 2760.0], [111692.5, 1440.0], [111690.0, 4810.0], [111685.0, 1830.0], [111682.5, 6110.0], [111680.0, 840.0], [111677.5, 2800.0], [111660.0, 840.0]], "asks": [[111732.5, 7760.0], [111742.5, 4810.0], [111745.0, 2760.0], [111752.5, 4200.0], [111755.0, 4360.0], [111757.5, 4240.0], [111760.0, 6270.0], [111762.5, 6900.0], [111765.0, 12190.0], [111767.5, 44400.0], [111772.5, 2150.0], [111775.0, 7500.0], [111787.5, 810.0], [111790.0, 2710.0], [111802.5, 5650.0], [111805.0, 18830.0], [111812.5, 830.0], [111815.0, 2760.0], [111830.0, 11450.0], [111832.5, 38150.0]]}}}
{"jsonrpc": "2.0", "method": "subscription", "params": {"channel": "book.BTC-5SEP25.none.20.100ms", "data": {"timestamp": 1756432291457, "change_id": 115420586613, "instrument_name": "BTC-5SEP25", "bids": [[111727.5, 5460.0], [111725.0, 8030.0], [111722.5, 98310.0], [111720.0, 4200.0], [111717.5, 15470.0], [111715.0, 82810.0], [111712.5, 2760.0], [111710.0, 160.0], [111705.0, 1490.0], [111702.5, 4200.0], [111700.0, 2000.0], [111697.5, 830.0], [111695.0, 2760.0], [111692.5, 1440.0], [111690.0, 4810.0], [111680.0, 6950.0], [111677.5, 2800.0], [111660.0, 840.0], [111657.5, 2790.0], [111647.5, 840.0]], "asks": [[111732.5, 11960.0], [111742.5, 4810.0], [111745.0, 2760.0], [111752.5, 4200.0], [111755.0, 4360.0], [111757.5, 4240.0], [111760.0, 6270.0], [111762.5, 6900.0], [111765.0, 12190.0], [111767.5, 44400.0], [111772.5, 2150.0], [111775.0, 7500.0], [111787.5, 810.0], [111790.0, 2710.0], [111802.5, 5650.0], [111805.0, 18830.0], [111812.5, 830.0], [111815.0, 2760.0], [111830.0, 11450.0], [111832.5, 38150.0]]}}}
{"jsonrpc": "2.0", "method": "subscription", "params": {"channel": "book.BTC-5SEP25.none.20.100ms", "data": {"timestamp": 1756432291938, "change_id": 115420587173, "instrument_name": "BTC-5SEP25", "bids": [[111727.5, 5460.0], [111725.0, 8030.0], [111722.5, 98310.0], [111720.0, 4200.0], [111717.5, 35470.0], [111715.0, 55000.0], [111712.5, 2760.0], [111710.0, 160.0], [111705.0, 1490.0], [111702.5, 4200.0], [111700.0, 2000.0], [111697.5, 830.0], [111695.0, 2760.0], [111692.5, 1440.0], [111690.0, 4810.0], [111680.0, 6950.0], [111677.5, 2800.0], [111660.0, 840.0], [111657.5, 2790.0], [111647.5, 840.0]], "asks": [[111732.5, 11960.0], [111742.5, 4810.0], [111745.0, 2760.0], [111752.5, 4200.0], [111755.0, 4360.0], [111757.5, 4240.0], [111760.0, 6270.0], [111762.5, 6900.0], [111765.0, 12190.0], [111767.5, 44400.0], [111772.5, 2150.0], [111775.0, 7500.0], [111787.5, 810.0], [111790.0, 2710.0], [111802.5, 5650.0], [111805.0, 18830.0], [111812.5, 830.0], [111815.0, 2760.0], [111830.0, 11450.0], [111832.5, 38150.0]]}}}
{"jsonrpc": "2.0", "method": "subscription", "params": {"channel": "book.BTC-5SEP25.none.20.100ms", "data": {"timestamp": 1756432292160, "change_id": 115420587279, "instrument_name": "BTC-5SEP25", "bids": [[111727.5, 5460.0], [111725.0, 8030.0], [111722.5, 98310.0], [111720.0, 4200.0], [111717.5, 76070.0], [111715.0, 5000.0], [111712.5, 2760.0], [111710.0, 160.0], [111705.0, 1490.0], [111702.5, 4200.0], [111700.0, 2000.0], [111697.5, 830.0], [111695.0, 2760.0], [111692.5, 1440.0], [111690.0, 4810.0], [111682.5, 1830.0], [111680.0, 6950.0], [111677.5, 2800.0], [111660.0, 840.0], [111657.5, 2790.0]], "asks": [[111732.5, 11960.0], [111742.5, 4810.0], [111745.0, 2760.0], [111752.5, 4200.0], [111755.0, 4360.0], [111757.5, 4240.0], [111760.0, 6270.0], [111762.5, 6900.0], [111765.0, 12190.0], [111767.5, 44400.0], [111772.5, 2150.0], [111775.0, 7500.0], [111787.5, 810.0], [111790.0, 2710.0], [111802.5, 5650.0], [111805.0, 18830.0], [111812.5, 830.0], [111815.0, 2760.0], [111830.0, 11450.0], [111832.5, 38150.0]]}}}
{"jsonrpc": "2.0", "method": "subscription", "params": {"channel": "book.BTC-5SEP25.none.20.100ms", "data": {"timestamp": 1756432292888, "change_id": 115420588220, "instrument_name": "BTC-5SEP25", "bids": [[111727.5, 5460.0], [111725.0, 8030.0], [111722.5, 98310.0], [111720.0, 4200.0], [111717.5, 76070.0], [111715.0, 5000.0], [111712.5, 2760.0], [111710.0, 160.0], [111705.0, 1490.0], [111702.5, 4200.0], [111700.0, 2000.0], [111697.5, 830.0], [111695.0, 2760.0], [111692.5, 1440.0], [111690.0, 4810.0], [111682.5, 1830.0], [111680.0, 6950.0], [111677.5, 2800.0], [111660.0, 840.0], [111657.5, 2790.0]], "asks": [[111732.5, 11960.0], [111742.5, 4810.0], [111745.0, 2760.0], [111752.5, 4200.0], [111755.0, 4360.0], [111757.5, 4240.0], [111760.0, 6270.0], [111762.5, 6900.0], [111765.0, 12190.0], [111767.5, 44400.0], [111772.5, 2150.0], [111775.0, 7500.0], [111787.5, 810.0], [111790.0, 2710.0], [111802.5, 5650.0], [111805.0, 18830.0], [111812.5, 830.0], [111815.0, 2760.0], [111830.0, 11450.0], [111832.5, 38150.0]]}}}
{"jsonrpc": "2.0", "method": "subscription", "params": {"channel": "book.BTC-5SEP25.none.20.100ms", "data": {"timestamp": 1756432293277, "change_id": 115420588840, "instrument_name": "BTC-5SEP25", "bids": [[111727.5, 5460.0], [111725.0, 8030.0], [111722.5, 98310.0], [111720.0, 4200.0], [111717.5, 76070.0], [111715.0, 5880.0], [111712.5, 2760.0], [111710.0, 160.0], [111705.0, 1490.0], [111702.5, 4200.0], [111700.0, 2000.0], [111697.5, 830.0], [111695.0, 2760.0], [111692.5, 1440.0], [111690.0, 4810.0], [111682.5, 1830.0], [111680.0, 6950.0], [111677.5, 2800.0], [111660.0, 840.0], [111657.5, 2790.0]], "asks": [[111732.5, 11960.0], [111740.0, 4810.0], [111745.0, 2760.0], [111752.5, 4200.0], [111755.0, 4360.0], [111757.5, 4240.0], [111760.0, 6270.0], [111762.5, 6900.0], [111765.0, 12190.0], [111767.5, 44400.0], [111772.5, 2150.0], [111775.0, 7500.0], [111787.5, 810.0], [111790.0, 2710.0], [111802.5, 5650.0], [111805.0, 18830.0], [111812.5, 830.0], [111815.0, 2760.0], [111830.0, 11450.0], [111832.5, 38150.0]]}}}
{"jsonrpc": "2.0", "method": "subscription", "params": {"channel": "book.BTC-5SEP25.none.20.100ms", "data": {"timestamp": 1756432293798, "change_id": 115420589243, "instrument_name": "BTC-5SEP25", "bids": [[111727.5, 5460.0], [111725.0, 8030.0], [111722.5, 98310.0], [111720.0, 9010.0], [111717.5, 71260.0], [111715.0, 5880.0], [111712.5, 2760.0], [111710.0, 160.0], [111705.0, 1490.0], [111702.5, 4200.0], [111700.0, 2000.0], [111697.5, 830.0], [111695.0, 2760.0], [111692.5, 1440.0], [111690.0, 4810.0], [111682.5, 1830.0], [111680.0, 6950.0], [111677.5, 2800.0], [111660.0, 840.0], [111657.5, 2790.0]], "asks": [[111732.5, 11960.0], [111740.0, 4810.0], [111745.0, 2760.0], [111752.5, 4200.0], [111755.0, 4360.0], [111757.5, 4240.0], [111760.0, 6270.0], [111762.5, 6900.0], [111765.0, 12190.0], [111767.5, 44400.0], [111772.5, 2150.0], [111775.0, 7500.0], [111787.5, 810.0], [111790.0, 2710.0], [111802.5, 5650.0], [111805.0, 18830.0], [111812.5, 830.0], [111815.0, 2760.0], [111830.0, 11450.0], [111832.5, 38150.0]]}}}
{"jsonrpc": "2.0", "method": "subscription", "params": {"channel": "book.BTC-5SEP25.none.20.100ms", "data": {"timestamp": 1756432295589, "change_id": 115420591518, "instrument_name": "BTC-5SEP25", "bids": [[111727.5, 4200.0], [111725.0, 8030.0], [111722.5, 98310.0], [111720.0, 4200.0], [111717.5, 71260.0], [111715.0, 5880.0], [111712.5, 2760.0], [111710.0, 160.0], [111705.0, 1490.0], [111702.5, 4200.0], [111700.0, 2000.0], [111697.5, 830.0], [111695.0, 2760.0], [111692.5, 1440.0], [111690.0, 4810.0], [111682.5, 1830.0], [111680.0, 6950.0], [111677.5, 2800.0], [111660.0, 840.0], [111657.5, 2790.0]], "asks": [[111732.5, 11960.0], [111740.0, 4810.0], [111745.0, 2760.0], [111752.5, 4200.0], [111755.0, 4360.0], [111757.5, 4240.0], [111760.0, 6270.0], [111762.5, 6900.0], [111765.0, 12190.0], [111767.5, 44400.0], [111772.5, 2150.0], [111775.0, 7500.0], [111787.5, 810.0], [111790.0, 2710.0], [111802.5, 5650.0], [111805.0, 18830.0], [111812.5, 830.0], [111815.0, 2760.0], [111830.0, 11450.0], [111832.5, 38150.0]]}}}
