{"jsonrpc": "2.0", "method": "subscription", "params": {"channel": "book.BTC-14NOV25.none.20.100ms", "data": {"timestamp": 1762460968765, "change_id": 125658397808, "instrument_name": "BTC-14NOV25", "bids": [[101010.0, 2990.0], [101007.5, 10000.0], [100992.5, 1410.0], [100990.0, 4740.0], [100985.0, 160.0], [100930.0, 4870.0], [100927.5, 16300.0], [100897.5, 5640.0], [100895.0, 18910.0], [100850.0, 1900.0], [100847.5, 6370.0], [100830.0, 10.0], [100797.5, 12070.0], [100795.0, 40430.0], [100760.0, 10.0], [100755.0, 40.0], [100737.5, 500.0], [100732.5, 10.0], [100730.0, 10.0], [100720.0, 37010.0]], "asks": [[101022.5, 1410.0], [101025.0, 4740.0], [101037.5, 2990.0], [101040.0, 10000.0], [101085.0, 160.0], [101145.0, 21170.0], [101147.5, 54410.0], [101150.0, 16510.0], [101187.5, 1870.0], [101190.0, 6280.0], [101242.5, 1900.0], [101262.5, 13200.0], [101265.0, 44210.0], [101350.0, 500.0], [101360.0, 50000.0], [101400.0, 1750.0], [101450.0, 19050.0], [101477.5, 38210.0], [101562.5, 50000.0], [101590.0, 36390.0]]}}}
{"jsonrpc": "2.0", "method": "subscription", "params": {"channel": "book.BTC-7NOV25.none.20.100ms", "data": {"timestamp": 1762460968909, "change_id": 125658398384, "instrument_name": "BTC-7NOV25", "bids": [[100992.5, 10000.0], [100985.0, 4740.0], [100965.0, 160.0], [100900.0, 7310.0], [100897.5, 24480.0], [100872.5, 10.0], [100817.5, 40.0], [100760.0, 7570.0], [100757.5, 25370.0], [100735.0, 12070.0], [100732.5, 40430.0], [100717.5, 500.0], [100712.5, 1190.0], [100710.0, 4000.0], [100695.0, 14930.0], [100692.5, 50000.0], [100682.5, 470.0], [100660.0, 24410.0], [100625.0, 51400.0], [100600.0, 51030.0]], "asks": [[100997.5, 1480.0], [101007.5, 22390.0], [101010.0, 75000.0], [101015.0, 1410.0], [101017.5, 4740.0], [101022.5, 3000.0], [101025.0, 11470.0], [101027.5, 2000.0], [101030.0, 2990.0], [101055.0, 960.0], [101060.0, 2990.0], [101065.0, 940.0], [101067.5, 3160.0], [101075.0, 7250.0], [101077.5, 24280.0], [101085.0, 900.0], [101090.0, 2990.0], [101095.0, 900.0], [101097.5, 3000.0], [101127.5, 3000.0]]}}}
{"jsonrpc": "2.0", "method": "subscription", "params": {"channel": "book.BTC-14NOV25.none.20.100ms", "data": {"timestamp": 1762460969264, "change_id": 125658398901, "instrument_name": "BTC-14NOV25", "bids": [[101010.0, 2990.0], [101007.5, 10000.0], [100992.5, 1410.0], [100990.0, 4740.0], [100985.0, 160.0], [100930.0, 4870.0], [100927.5, 16300.0], [100897.5, 5640.0], [100895.0, 18910.0], [100850.0, 1900.0], [100847.5, 6370.0], [100830.0, 10.0], [100797.5, 12070.0], [100795.0, 40430.0], [100760.0, 10.0], [100755.0, 40.0], [100737.5, 500.0], [100732.5, 10.0], [100730.0, 10.0], [100720.0, 37010.0]], "asks": [[101022.5, 1410.0], [101025.0, 4740.0], [101030.0, 2990.0], [101032.5, 10000.0], [101085.0, 160.0], [101145.0, 21170.0], [101147.5, 54410.0], [101150.0, 16510.0], [101187.5, 1870.0], [101190.0, 6280.0], [101242.5, 1900.0], [101262.5, 13200.0], [101265.0, 44210.0], [101350.0, 500.0], [101360.0, 50000.0], [101400.0, 1750.0], [101450.0, 19050.0], [101477.5, 38210.0], [101562.5, 50000.0], [101590.0, 36390.0]]}}}
{"jsonrpc": "2.0", "method": "subscription", "params": {"channel": "book.BTC-7NOV25.none.20.100ms", "data": {"timestamp": 1762460969286, "change_id": 125658398942, "instrument_name": "BTC-7NOV25", "bids": [[100992.5, 9330.0], [100985.0, 4740.0], [100965.0, 160.0], [100900.0, 7310.0], [100897.5, 24480.0], [100772.5, 2840.0], [100770.0, 9500.0], [100760.0, 7570.0], [100757.5, 25370.0], [100735.0, 12070.0], [100732.5, 40430.0], [100717.5, 500.0], [100712.5, 1190.0], [100710.0, 4000.0], [100697.5, 10.0], [100695.0, 14930.0], [100692.5, 50000.0], [100682.5, 470.0], [100660.0, 24410.0], [100625.0, 51400.0]], "asks": [[101007.5, 22390.0], [101010.0, 75000.0], [101015.0, 4220.0], [101017.5, 14740.0], [101025.0, 1470.0], [101027.5, 2000.0], [101030.0, 2990.0], [101055.0, 960.0], [101060.0, 2990.0], [101065.0, 940.0], [101067.5, 3160.0], [101075.0, 7250.0], [101077.5, 24280.0], [101085.0, 900.0], [101090.0, 2990.0], [101095.0, 900.0], [101097.5, 3000.0], [101127.5, 3000.0], [101135.0, 7620.0], [101137.5, 25530.0]]}}}
{"jsonrpc": "2.0", "method": "subscription", "params": {"channel": "book.BTC-14NOV25.none.20.100ms", "data": {"timestamp": 1762460969669, "change_id": 125658400182, "instrument_name": "BTC-14NOV25", "bids": [[101007.5, 2990.0], [101005.0, 10000.0], [100992.5, 1410.0], [100990.0, 4740.0], [100985.0, 160.0], [100930.0, 4870.0], [100927.5, 16300.0], [100897.5, 5640.0], [100895.0, 18910.0], [100850.0, 1900.0], [100847.5, 6370.0], [100830.0, 10.0], [100797.5, 12070.0], [100795.0, 40430.0], [100760.0, 10.0], [100755.0, 40.0], [100737.5, 500.0], [100732.5, 10.0], [100730.0, 10.0], [100720.0, 37010.0]], "asks": [[101022.5, 1410.0], [101025.0, 4740.0], [101030.0, 2990.0], [101032.5, 10000.0], [101047.5, 18540.0], [101050.0, 62110.0], [101072.5, 160.0], [101122.5, 50000.0], [101145.0, 6240.0], [101147.5, 4410.0], [101150.0, 16510.0], [101187.5, 1870.0], [101190.0, 6280.0], [101242.5, 1900.0], [101262.5, 13200.0], [101265.0, 44210.0], [101350.0, 500.0], [101360.0, 50000.0], [101400.0, 1750.0], [101450.0, 19050.0]]}}}
{"jsonrpc": "2.0", "method": "subscription", "params": {"channel": "book.BTC-7NOV25.none.20.100ms", "data": {"timestamp": 1762460969649, "change_id": 125658400140, "instrument_name": "BTC-7NOV25", "bids": [[100990.0, 10000.0], [100985.0, 4740.0], [100965.0, 1400.0], [100962.5, 4150.0], [100900.0, 7310.0], [100897.5, 24480.0], [100772.5, 2840.0], [100770.0, 9500.0], [100760.0, 7570.0], [100757.5, 25370.0], [100735.0, 12070.0], [100732.5, 40430.0], [100717.5, 500.0], [100712.5, 1190.0], [100710.0, 4000.0], [100697.5, 10.0], [100695.0, 14930.0], [100692.5, 50000.0], [100682.5, 470.0], [100660.0, 24410.0]], "asks": [[100995.0, 290.0], [100997.5, 970.0], [101007.5, 22390.0], [101010.0, 75000.0], [101015.0, 4220.0], [101017.5, 14740.0], [101025.0, 1470.0], [101027.5, 2000.0], [101030.0, 2990.0], [101055.0, 1120.0], [101060.0, 2990.0], [101065.0, 940.0], [101067.5, 3000.0], [101075.0, 7250.0], [101077.5, 24280.0], [101085.0, 900.0], [101090.0, 2990.0], [101095.0, 900.0], [101097.5, 3000.0], [101127.5, 3000.0]]}}}
{"jsonrpc": "2.0", "method": "subscription", "params": {"channel": "book.BTC-14NOV25.none.20.100ms", "data": {"timestamp": 1762460969742, "change_id": 125658400309, "instrument_name": "BTC-14NOV25", "bids": [[101007.5, 2990.0], [101005.0, 10000.0], [100992.5, 1410.0], [100990.0, 4740.0], [100985.0, 160.0], [100930.0, 4870.0], [100927.5, 16300.0], [100897.5, 5640.0], [100895.0, 18910.0], [100850.0, 1900.0], [100847.5, 6370.0], [100830.0, 10.0], [100802.5, 2840.0], [100800.0, 9500.0], [100797.5, 12070.0], [100795.0, 40430.0], [100760.0, 10.0], [100755.0, 40.0], [100737.5, 500.0], [100732.5, 10.0]], "asks": [[101022.5, 1410.0], [101025.0, 4740.0], [101030.0, 2990.0], [101032.5, 10000.0], [101035.0, 160.0], [101045.0, 33460.0], [101047.5, 50000.0], [101050.0, 83830.0], [101052.5, 72750.0], [101145.0, 6240.0], [101147.5, 4410.0], [101150.0, 16510.0], [101187.5, 1870.0], [101190.0, 6280.0], [101242.5, 1900.0], [101262.5, 13200.0], [101265.0, 44210.0], [101350.0, 500.0], [101360.0, 50000.0], [101400.0, 1750.0]]}}}
{"jsonrpc": "2.0", "method": "subscription", "params": {"channel": "book.BTC-7NOV25.none.20.100ms", "data": {"timestamp": 1762460969988, "change_id": 125658400947, "instrument_name": "BTC-7NOV25", "bids": [[100990.0, 9280.0], [100985.0, 4740.0], [100965.0, 1400.0], [100962.5, 4150.0], [100900.0, 7310.0], [100897.5, 24480.0], [100782.5, 710.0], [100780.0, 2370.0], [100772.5, 2840.0], [100770.0, 9500.0], [100760.0, 7570.0], [100757.5, 25370.0], [100735.0, 12070.0], [100732.5, 40430.0], [100717.5, 500.0], [100712.5, 1190.0], [100710.0, 4000.0], [100697.5, 10.0], [100695.0, 14930.0], [100692.5, 50000.0]], "asks": [[101007.5, 22390.0], [101010.0, 75000.0], [101015.0, 4380.0], [101017.5, 14740.0], [101025.0, 1470.0], [101027.5, 2000.0], [101030.0, 2990.0], [101055.0, 960.0], [101060.0, 2990.0], [101065.0, 940.0], [101067.5, 3000.0], [101075.0, 7250.0], [101077.5, 24280.0], [101085.0, 900.0], [101090.0, 2990.0], [101095.0, 900.0], [101097.5, 3000.0], [101127.5, 3000.0], [101135.0, 7620.0], [101137.5, 25530.0]]}}}
{"jsonrpc": "2.0", "method": "subscription", "params": {"channel": "book.BTC-14NOV25.none.20.100ms", "data": {"timestamp": 1762460970634, "change_id": 125658402094, "instrument_name": "BTC-14NOV25", "bids": [[101007.5, 2990.0], [101005.0, 10000.0], [100992.5, 1410.0], [100990.0, 4740.0], [100985.0, 160.0], [100930.0, 4870.0], [100927.5, 16300.0], [100897.5, 5640.0], [100895.0, 18910.0], [100850.0, 1900.0], [100847.5, 6370.0], [100830.0, 10.0], [100802.5, 2840.0], [100800.0, 9500.0], [100797.5, 12070.0], [100795.0, 40430.0], [100760.0, 10.0], [100755.0, 40.0], [100737.5, 500.0], [100732.5, 38020.0]], "asks": [[101022.5, 1410.0], [101025.0, 4740.0], [101035.0, 160.0], [101045.0, 33460.0], [101047.5, 60000.0], [101050.0, 83830.0], [101052.5, 72750.0], [101145.0, 6240.0], [101147.5, 4410.0], [101150.0, 16510.0], [101187.5, 1870.0], [101190.0, 6280.0], [101242.5, 1900.0], [101262.5, 13200.0], [101265.0, 44210.0], [101350.0, 500.0], [101360.0, 50000.0], [101400.0, 1750.0], [101450.0, 19050.0], [101477.5, 38210.0]]}}}
{"jsonrpc": "2.0", "method": "subscription", "params": {"channel": "book.BTC-7NOV25.none.20.100ms", "data": {"timestamp": 1762460970643, "change_id": 125658402102, "instrument_name": "BTC-7NOV25", "bids": [[100992.5, 4740.0], [100990.0, 9280.0], [100965.0, 1400.0], [100962.5, 4150.0], [100900.0, 7310.0], [100897.5, 24480.0], [100782.5, 710.0], [100780.0, 2370.0], [100772.5, 2840.0], [100770.0, 9500.0], [100760.0, 7570.0], [100757.5, 25370.0], [100735.0, 12070.0], [100732.5, 40430.0], [100717.5, 500.0], [100712.5, 1190.0], [100710.0, 4000.0], [100697.5, 38020.0], [100695.0, 14930.0], [100692.5, 50000.0]], "asks": [[100997.5, 1320.0], [101007.5, 22390.0], [101010.0, 75000.0], [101015.0, 1570.0], [101017.5, 4740.0], [101025.0, 1470.0], [101027.5, 2000.0], [101030.0, 5980.0], [101032.5, 10000.0], [101055.0, 960.0], [101060.0, 2990.0], [101065.0, 940.0], [101067.5, 3000.0], [101075.0, 7250.0], [101077.5, 24280.0], [101085.0, 900.0], [101090.0, 2990.0], [101095.0, 900.0], [101097.5, 3000.0], [101127.5, 3000.0]]}}}
{"jsonrpc": "2.0", "method": "subscription", "params": {"channel": "book.BTC-14NOV25.none.20.100ms", "data": {"timestamp": 1762460970986, "change_id": 125658403908, "instrument_name": "BTC-14NOV25", "bids": [[101015.0, 2990.0], [101012.5, 14740.0], [101010.0, 160.0], [100935.0, 710.0], [100932.5, 2370.0], [100930.0, 4870.0], [100927.5, 16300.0], [100897.5, 5640.0], [100895.0, 18910.0], [100852.5, 1900.0], [100850.0, 6370.0], [100830.0, 10.0], [100802.5, 2840.0], [100800.0, 9500.0], [100797.5, 12070.0], [100795.0, 40430.0], [100760.0, 10.0], [100755.0, 40.0], [100737.5, 500.0], [100732.5, 38020.0]], "asks": [[101045.0, 1460.0], [101047.5, 4740.0], [101145.0, 20370.0], [101147.5, 54410.0], [101150.0, 16510.0], [101187.5, 1870.0], [101190.0, 6280.0], [101240.0, 570.0], [101242.5, 1900.0], [101262.5, 13200.0], [101265.0, 44210.0], [101350.0, 500.0], [101360.0, 50000.0], [101400.0, 1750.0], [101450.0, 19050.0], [101477.5, 38210.0], [101562.5, 50000.0], [101590.0, 36390.0], [101620.0, 10.0], [101662.5, 50000.0]]}}}
{"jsonrpc": "2.0", "method": "subscription", "params": {"channel": "book.BTC-7NOV25.none.20.100ms", "data": {"timestamp": 1762460970828, "change_id": 125658403899, "instrument_name": "BTC-7NOV25", "bids": [[100995.0, 4740.0], [100992.5, 2820.0], [100990.0, 9440.0], [100965.0, 1240.0], [100962.5, 4150.0], [100900.0, 7310.0], [100897.5, 24480.0], [100782.5, 710.0], [100780.0, 2370.0], [100772.5, 2840.0], [100770.0, 9500.0], [100760.0, 7570.0], [100757.5, 25370.0], [100735.0, 12070.0], [100732.5, 40430.0], [100717.5, 500.0], [100712.5, 1190.0], [100710.0, 4000.0], [100697.5, 38020.0], [100695.0, 14930.0]], "asks": [[100997.5, 1320.0], [101025.0, 660.0], [101027.5, 2000.0], [101040.0, 2990.0], [101045.0, 160.0], [101055.0, 960.0], [101060.0, 2990.0], [101065.0, 940.0], [101067.5, 3000.0], [101075.0, 7250.0], [101077.5, 24280.0], [101085.0, 900.0], [101090.0, 2990.0], [101095.0, 900.0], [101097.5, 3000.0], [101127.5, 3000.0], [101135.0, 7620.0], [101137.5, 25530.0], [101172.5, 4410.0], [101212.5, 1380.0]]}}}
{"jsonrpc": "2.0", "method": "subscription", "params": {"channel": "book.BTC-14NOV25.none.20.100ms", "data": {"timestamp": 1762460971319, "change_id": 125658406273, "instrument_name": "BTC-14NOV25", "bids": [[101022.5, 160.0], [101015.0, 2990.0], [101012.5, 10000.0], [100935.0, 710.0], [100932.5, 2370.0], [100930.0, 4870.0], [100927.5, 16300.0], [100897.5, 5640.0], [100895.0, 18910.0], [100867.5, 1900.0], [100865.0, 6370.0], [100830.0, 10.0], [100802.5, 2840.0], [100800.0, 9500.0], [100797.5, 12070.0], [100795.0, 40430.0], [100760.0, 10.0], [100755.0, 40.0], [100737.5, 500.0], [100732.5, 38020.0]], "asks": [[101050.0, 2370.0], [101052.5, 4610.0], [101055.0, 4740.0], [101065.0, 3200.0], [101067.5, 160.0], [101145.0, 6240.0], [101147.5, 4410.0], [101150.0, 16510.0], [101185.0, 16560.0], [101187.5, 50000.0], [101190.0, 6280.0], [101240.0, 570.0], [101242.5, 1900.0], [101262.5, 13200.0], [101265.0, 44210.0], [101350.0, 500.0], [101360.0, 50000.0], [101400.0, 1750.0], [101450.0, 19050.0], [101477.5, 38210.0]]}}}
{"jsonrpc": "2.0", "method": "subscription", "params": {"channel": "book.BTC-7NOV25.none.20.100ms", "data": {"timestamp": 1762460971309, "change_id": 125658406285, "instrument_name": "BTC-7NOV25", "bids": [[101007.5, 160.0], [100997.5, 1410.0], [100995.0, 4740.0], [100992.5, 2820.0], [100990.0, 9280.0], [100900.0, 7310.0], [100897.5, 24480.0], [100787.5, 7570.0], [100782.5, 710.0], [100780.0, 2370.0], [100772.5, 2840.0], [100770.0, 9500.0], [100735.0, 12070.0], [100732.5, 40430.0], [100717.5, 500.0], [100712.5, 1190.0], [100710.0, 4000.0], [100697.5, 38020.0], [100692.5, 50000.0], [100682.5, 470.0]], "asks": [[101025.0, 660.0], [101027.5, 2000.0], [101037.5, 890.0], [101040.0, 2990.0], [101045.0, 1570.0], [101047.5, 4740.0], [101055.0, 70.0], [101065.0, 940.0], [101070.0, 2990.0], [101075.0, 7250.0], [101077.5, 24280.0], [101080.0, 3000.0], [101095.0, 900.0], [101100.0, 2990.0], [101107.5, 900.0], [101110.0, 3000.0], [101140.0, 3000.0], [101172.5, 4410.0], [101212.5, 1380.0], [101255.0, 45040.0]]}}}
{"jsonrpc": "2.0", "method": "subscription", "params": {"channel": "book.BTC-14NOV25.none.20.100ms", "data": {"timestamp": 1762460971653, "change_id": 125658407427, "instrument_name": "BTC-14NOV25", "bids": [[101045.0, 10000.0], [101025.0, 1460.0], [101022.5, 4740.0], [100935.0, 710.0], [100932.5, 2370.0], [100930.0, 4870.0], [100927.5, 16300.0], [100920.0, 160.0], [100897.5, 5640.0], [100895.0, 18910.0], [100877.5, 1900.0], [100875.0, 6370.0], [100830.0, 10.0], [100802.5, 2840.0], [100800.0, 9500.0], [100797.5, 12070.0], [100795.0, 40430.0], [100760.0, 10.0], [100755.0, 40.0], [100737.5, 500.0]], "asks": [[101047.5, 3200.0], [101055.0, 2370.0], [101057.5, 4740.0], [101060.0, 3200.0], [101062.5, 960.0], [101065.0, 3200.0], [101067.5, 160.0], [101070.0, 2990.0], [101072.5, 10000.0], [101145.0, 6240.0], [101147.5, 4410.0], [101150.0, 16510.0], [101185.0, 16560.0], [101187.5, 50000.0], [101190.0, 6280.0], [101240.0, 570.0], [101242.5, 1900.0], [101262.5, 13200.0], [101265.0, 44210.0], [101350.0, 500.0]]}}}
{"jsonrpc": "2.0", "method": "subscription", "params": {"channel": "book.BTC-7NOV25.none.20.100ms", "data": {"timestamp": 1762460971529, "change_id": 125658407404, "instrument_name": "BTC-7NOV25", "bids": [[101022.5, 12100.0], [101020.0, 4740.0], [100900.0, 7470.0], [100897.5, 24480.0], [100797.5, 7570.0], [100795.0, 25370.0], [100782.5, 710.0], [100780.0, 2370.0], [100772.5, 2840.0], [100770.0, 9500.0], [100735.0, 12070.0], [100732.5, 40430.0], [100717.5, 500.0], [100710.0, 4000.0], [100697.5, 38020.0], [100692.5, 50000.0], [100682.5, 470.0], [100660.0, 24410.0], [100625.0, 51400.0], [100600.0, 51030.0]], "asks": [[101025.0, 13060.0], [101045.0, 160.0], [101047.5, 2190.0], [101050.0, 7730.0], [101055.0, 70.0], [101057.5, 2990.0], [101060.0, 10000.0], [101075.0, 7250.0], [101077.5, 24280.0], [101080.0, 2990.0], [101087.5, 900.0], [101090.0, 3000.0], [101107.5, 900.0], [101110.0, 2990.0], [101117.5, 900.0], [101120.0, 3000.0], [101147.5, 900.0], [101150.0, 3000.0], [101172.5, 4410.0], [101197.5, 25530.0]]}}}
{"jsonrpc": "2.0", "method": "subscription", "params": {"channel": "book.BTC-14NOV25.none.20.100ms", "data": {"timestamp": 1762460971865, "change_id": 125658407788, "instrument_name": "BTC-14NOV25", "bids": [[101045.0, 10000.0], [100937.5, 160.0], [100935.0, 710.0], [100932.5, 2370.0], [100930.0, 4870.0], [100927.5, 16300.0], [100897.5, 5640.0], [100895.0, 18910.0], [100877.5, 1900.0], [100875.0, 6370.0], [100830.0, 10.0], [100802.5, 2840.0], [100800.0, 9500.0], [100797.5, 12070.0], [100795.0, 40430.0], [100760.0, 10.0], [100755.0, 40.0], [100737.5, 500.0], [100732.5, 38020.0], [100730.0, 10.0]], "asks": [[101047.5, 3200.0], [101055.0, 2370.0], [101057.5, 4740.0], [101060.0, 3200.0], [101062.5, 960.0], [101065.0, 3200.0], [101067.5, 160.0], [101070.0, 2990.0], [101072.5, 10000.0], [101145.0, 6240.0], [101147.5, 4410.0], [101150.0, 16510.0], [101185.0, 16560.0], [101187.5, 50000.0], [101190.0, 6280.0], [101240.0, 570.0], [101242.5, 1900.0], [101262.5, 13200.0], [101265.0, 44210.0], [101350.0, 500.0]]}}}
{"jsonrpc": "2.0", "method": "subscription", "params": {"channel": "book.BTC-7NOV25.none.20.100ms", "data": {"timestamp": 1762460971862, "change_id": 125658407783, "instrument_name": "BTC-7NOV25", "bids": [[101022.5, 12100.0], [100920.0, 160.0], [100900.0, 7310.0], [100897.5, 24480.0], [100797.5, 7570.0], [100795.0, 25370.0], [100782.5, 710.0], [100780.0, 2370.0], [100772.5, 2840.0], [100770.0, 9500.0], [100735.0, 12070.0], [100732.5, 40430.0], [100717.5, 500.0], [100710.0, 4000.0], [100697.5, 38020.0], [100692.5, 50000.0], [100682.5, 470.0], [100660.0, 24410.0], [100625.0, 51400.0], [100600.0, 51030.0]], "asks": [[101025.0, 13060.0], [101045.0, 160.0], [101047.5, 2190.0], [101050.0, 10740.0], [101052.5, 10000.0], [101055.0, 70.0], [101075.0, 7250.0], [101077.5, 24280.0], [101080.0, 2990.0], [101087.5, 900.0], [101090.0, 3000.0], [101107.5, 900.0], [101110.0, 2990.0], [101117.5, 900.0], [101120.0, 3000.0], [101147.5, 900.0], [101150.0, 3000.0], [101172.5, 4410.0], [101197.5, 25530.0], [101212.5, 1380.0]]}}}
{"jsonrpc": "2.0", "method": "subscription", "params": {"channel": "book.BTC-14NOV25.none.20.100ms", "data": {"timestamp": 1762460972309, "change_id": 125658409299, "instrument_name": "BTC-14NOV25", "bids": [[101045.0, 10000.0], [101027.5, 1410.0], [101025.0, 4740.0], [100955.0, 160.0], [100935.0, 710.0], [100932.5, 2370.0], [100930.0, 4870.0], [100927.5, 16300.0], [100897.5, 5640.0], [100895.0, 18910.0], [100877.5, 1900.0], [100875.0, 6370.0], [100830.0, 10.0], [100802.5, 2840.0], [100800.0, 9500.0], [100797.5, 12070.0], [100795.0, 40430.0], [100760.0, 10.0], [100755.0, 40.0], [100737.5, 500.0]], "asks": [[101047.5, 3200.0], [101055.0, 2370.0], [101057.5, 4740.0], [101060.0, 3200.0], [101062.5, 960.0], [101065.0, 3200.0], [101067.5, 160.0], [101070.0, 2990.0], [101072.5, 10000.0], [101145.0, 6240.0], [101147.5, 4410.0], [101150.0, 16510.0], [101185.0, 16560.0], [101187.5, 50000.0], [101190.0, 6280.0], [101240.0, 570.0], [101242.5, 1900.0], [101262.5, 13200.0], [101265.0, 44210.0], [101350.0, 500.0]]}}}
{"jsonrpc": "2.0", "method": "subscription", "params": {"channel": "book.BTC-7NOV25.none.20.100ms", "data": {"timestamp": 1762460972278, "change_id": 125658409300, "instrument_name": "BTC-7NOV25", "bids": [[101022.5, 12100.0], [101020.0, 4740.0], [100995.0, 21700.0], [100992.5, 72710.0], [100935.0, 160.0], [100900.0, 7310.0], [100897.5, 24480.0], [100797.5, 7570.0], [100795.0, 25370.0], [100782.5, 710.0], [100780.0, 2370.0], [100772.5, 2840.0], [100770.0, 9500.0], [100735.0, 12070.0], [100732.5, 40430.0], [100717.5, 500.0], [100710.0, 4000.0], [100697.5, 38020.0], [100692.5, 50000.0], [100682.5, 470.0]], "asks": [[101025.0, 13060.0], [101045.0, 160.0], [101047.5, 2190.0], [101050.0, 10740.0], [101052.5, 10000.0], [101055.0, 70.0], [101075.0, 7250.0], [101077.5, 24280.0], [101080.0, 2990.0], [101087.5, 900.0], [101090.0, 3000.0], [101107.5, 900.0], [101110.0, 2990.0], [101117.5, 900.0], [101120.0, 3000.0], [101147.5, 900.0], [101150.0, 3000.0], [101172.5, 4410.0], [101197.5, 25530.0], [101212.5, 1380.0]]}}}
{"jsonrpc": "2.0", "method": "subscription", "params": {"channel": "book.BTC-14NOV25.none.20.100ms", "data": {"timestamp": 1762460972457, "change_id": 125658409457, "instrument_name": "BTC-14NOV25", "bids": [[101047.5, 2990.0], [101045.0, 10000.0], [101027.5, 1410.0], [101025.0, 4740.0], [100955.0, 160.0], [100935.0, 3450.0], [100932.5, 11870.0], [100930.0, 4870.0], [100927.5, 16300.0], [100897.5, 5640.0], [100895.0, 18910.0], [100877.5, 1900.0], [100875.0, 6370.0], [100830.0, 10.0], [100797.5, 12070.0], [100795.0, 40430.0], [100760.0, 10.0], [100755.0, 40.0], [100737.5, 500.0], [100732.5, 38020.0]], "asks": [[101055.0, 2370.0], [101057.5, 4740.0], [101060.0, 3200.0], [101062.5, 960.0], [101065.0, 3200.0], [101067.5, 160.0], [101070.0, 2990.0], [101072.5, 10000.0], [101145.0, 6240.0], [101147.5, 4410.0], [101150.0, 16510.0], [101185.0, 16560.0], [101187.5, 50000.0], [101190.0, 6280.0], [101240.0, 570.0], [101242.5, 1900.0], [101262.5, 13200.0], [101265.0, 44210.0], [101350.0, 500.0], [101360.0, 50000.0]]}}}
{"jsonrpc": "2.0", "method": "subscription", "params": {"channel": "book.BTC-14NOV25.none.20.100ms", "data": {"timestamp": 1762460972979, "change_id": 125658410637, "instrument_name": "BTC-14NOV25", "bids": [[101027.5, 1410.0], [101025.0, 4740.0], [100955.0, 160.0], [100935.0, 3450.0], [100932.5, 11870.0], [100930.0, 4870.0], [100927.5, 16300.0], [100835.0, 1900.0], [100832.5, 6370.0], [100830.0, 10.0], [100817.5, 5640.0], [100815.0, 18910.0], [100797.5, 12070.0], [100795.0, 40430.0], [100760.0, 10.0], [100755.0, 40.0], [100737.5, 500.0], [100732.5, 38020.0], [100730.0, 10.0], [100720.0, 37010.0]], "asks": [[101055.0, 2370.0], [101057.5, 4740.0], [101060.0, 3200.0], [101062.5, 3820.0], [101065.0, 13200.0], [101067.5, 160.0], [101145.0, 20370.0], [101147.5, 54410.0], [101150.0, 16510.0], [101185.0, 1870.0], [101190.0, 6280.0], [101240.0, 570.0], [101242.5, 1900.0], [101262.5, 13200.0], [101265.0, 44210.0], [101350.0, 500.0], [101360.0, 50000.0], [101400.0, 1750.0], [101450.0, 19050.0], [101477.5, 38210.0]]}}}
{"jsonrpc": "2.0", "method": "subscription", "params": {"channel": "book.BTC-7NOV25.none.20.100ms", "data": {"timestamp": 1762460972921, "change_id": 125658410411, "instrument_name": "BTC-7NOV25", "bids": [[101022.5, 10000.0], [101020.0, 4740.0], [100995.0, 21700.0], [100992.5, 72710.0], [100947.5, 160.0], [100900.0, 7310.0], [100897.5, 24480.0], [100797.5, 7570.0], [100795.0, 25370.0], [100782.5, 710.0], [100780.0, 2370.0], [100772.5, 2840.0], [100770.0, 9500.0], [100735.0, 12070.0], [100732.5, 40430.0], [100717.5, 500.0], [100710.0, 4000.0], [100697.5, 38020.0], [100692.5, 50000.0], [100682.5, 470.0]], "asks": [[101025.0, 13060.0], [101045.0, 160.0], [101047.5, 2190.0], [101050.0, 10740.0], [101052.5, 10000.0], [101055.0, 70.0], [101075.0, 890.0], [101080.0, 2990.0], [101087.5, 900.0], [101090.0, 3000.0], [101107.5, 900.0], [101110.0, 2990.0], [101115.0, 8380.0], [101117.5, 25090.0], [101120.0, 3000.0], [101147.5, 900.0], [101150.0, 3000.0], [101172.5, 4410.0], [101197.5, 25530.0], [101212.5, 1380.0]]}}}
{"jsonrpc": "2.0", "method": "subscription", "params": {"channel": "book.BTC-14NOV25.none.20.100ms", "data": {"timestamp": 1762460973046, "change_id": 125658411023, "instrument_name": "BTC-14NOV25", "bids": [[101037.5, 2990.0], [101035.0, 10000.0], [101027.5, 1410.0], [101025.0, 4740.0], [100955.0, 160.0], [100935.0, 3450.0], [100932.5, 11870.0], [100930.0, 4870.0], [100927.5, 16300.0], [100835.0, 1900.0], [100832.5, 6370.0], [100830.0, 10.0], [100817.5, 5640.0], [100815.0, 18910.0], [100797.5, 12070.0], [100795.0, 40430.0], [100760.0, 10.0], [100755.0, 40.0], [100737.5, 500.0], [100732.5, 38020.0]], "asks": [[101055.0, 2370.0], [101057.5, 4740.0], [101060.0, 3200.0], [101062.5, 3820.0], [101065.0, 13200.0], [101067.5, 160.0], [101077.5, 14930.0], [101080.0, 70200.0], [101082.5, 28920.0], [101085.0, 42450.0], [101145.0, 6240.0], [101147.5, 4410.0], [101150.0, 16510.0], [101185.0, 1870.0], [101190.0, 6280.0], [101240.0, 570.0], [101242.5, 1900.0], [101262.5, 13200.0], [101265.0, 44210.0], [101350.0, 500.0]]}}}
{"jsonrpc": "2.0", "method": "subscription", "params": {"channel": "book.BTC-7NOV25.none.20.100ms", "data": {"timestamp": 1762460973167, "change_id": 125658411620, "instrument_name": "BTC-7NOV25", "bids": [[101022.5, 10000.0], [101020.0, 4740.0], [100995.0, 21700.0], [100992.5, 72710.0], [100947.5, 160.0], [100900.0, 7310.0], [100897.5, 24480.0], [100797.5, 7570.0], [100795.0, 25370.0], [100782.5, 710.0], [100780.0, 2370.0], [100772.5, 2840.0], [100770.0, 9500.0], [100735.0, 12070.0], [100732.5, 40430.0], [100717.5, 500.0], [100710.0, 4000.0], [100697.5, 38020.0], [100692.5, 50000.0], [100682.5, 470.0]], "asks": [[101025.0, 13060.0], [101040.0, 4260.0], [101042.5, 4740.0], [101045.0, 10160.0], [101047.5, 890.0], [101050.0, 2990.0], [101055.0, 70.0], [101075.0, 890.0], [101080.0, 2990.0], [101087.5, 900.0], [101090.0, 3000.0], [101107.5, 900.0], [101110.0, 2990.0], [101115.0, 8380.0], [101117.5, 25090.0], [101120.0, 3000.0], [101147.5, 900.0], [101150.0, 3000.0], [101172.5, 4410.0], [101197.5, 25530.0]]}}}
{"jsonrpc": "2.0", "method": "subscription", "params": {"channel": "book.BTC-14NOV25.none.20.100ms", "data": {"timestamp": 1762460973638, "change_id": 125658412604, "instrument_name": "BTC-14NOV25", "bids": [[101037.5, 2990.0], [101035.0, 10000.0], [101020.0, 1410.0], [101017.5, 4740.0], [100955.0, 160.0], [100935.0, 3450.0], [100932.5, 11870.0], [100930.0, 4870.0], [100927.5, 16300.0], [100835.0, 1900.0], [100832.5, 6370.0], [100830.0, 10.0], [100817.5, 5640.0], [100815.0, 18910.0], [100797.5, 12070.0], [100795.0, 40430.0], [100760.0, 10.0], [100755.0, 40.0], [100750.0, 50000.0], [100737.5, 500.0]], "asks": [[101047.5, 2190.0], [101050.0, 8900.0], [101052.5, 3200.0], [101055.0, 960.0], [101060.0, 3200.0], [101062.5, 7020.0], [101065.0, 13200.0], [101067.5, 160.0], [101072.5, 930.0], [101075.0, 3100.0], [101077.5, 14930.0], [101080.0, 70200.0], [101082.5, 28920.0], [101085.0, 42450.0], [101145.0, 6240.0], [101147.5, 4410.0], [101150.0, 16510.0], [101185.0, 1870.0], [101190.0, 6280.0], [101240.0, 570.0]]}}}
{"jsonrpc": "2.0", "method": "subscription", "params": {"channel": "book.BTC-14NOV25.none.20.100ms", "data": {"timestamp": 1762460973741, "change_id": 125658412708, "instrument_name": "BTC-14NOV25", "bids": [[101037.5, 2990.0], [101035.0, 10000.0], [101020.0, 1410.0], [101017.5, 4740.0], [100972.5, 160.0], [100935.0, 3450.0], [100932.5, 11870.0], [100930.0, 4870.0], [100927.5, 16300.0], [100835.0, 1900.0], [100832.5, 6370.0], [100830.0, 10.0], [100817.5, 5640.0], [100815.0, 18910.0], [100805.0, 11350.0], [100802.5, 38010.0], [100797.5, 12070.0], [100795.0, 40430.0], [100760.0, 10.0], [100755.0, 40.0]], "asks": [[101047.5, 2190.0], [101050.0, 8900.0], [101052.5, 3200.0], [101055.0, 960.0], [101060.0, 3200.0], [101062.5, 7020.0], [101065.0, 13200.0], [101067.5, 160.0], [101072.5, 930.0], [101075.0, 3100.0], [101077.5, 14930.0], [101080.0, 70200.0], [101082.5, 28920.0], [101085.0, 42450.0], [101145.0, 6240.0], [101147.5, 4410.0], [101150.0, 16510.0], [101185.0, 1870.0], [101190.0, 6280.0], [101240.0, 570.0]]}}}
{"jsonrpc": "2.0", "method": "subscription", "params": {"channel": "book.BTC-7NOV25.none.20.100ms", "data": {"timestamp": 1762460973959, "change_id": 125658413084, "instrument_name": "BTC-7NOV25", "bids": [[101022.5, 10000.0], [101012.5, 4740.0], [100995.0, 21700.0], [100992.5, 72710.0], [100947.5, 160.0], [100900.0, 7310.0], [100897.5, 24480.0], [100797.5, 7570.0], [100795.0, 25370.0], [100782.5, 710.0], [100780.0, 2370.0], [100772.5, 2840.0], [100770.0, 9500.0], [100735.0, 12070.0], [100732.5, 40430.0], [100717.5, 500.0], [100710.0, 4000.0], [100697.5, 38020.0], [100692.5, 50000.0], [100682.5, 470.0]], "asks": [[101025.0, 13060.0], [101040.0, 4260.0], [101042.5, 4740.0], [101045.0, 10160.0], [101047.5, 890.0], [101050.0, 2990.0], [101055.0, 70.0], [101075.0, 890.0], [101080.0, 2990.0], [101087.5, 900.0], [101090.0, 3000.0], [101107.5, 900.0], [101110.0, 2990.0], [101115.0, 8380.0], [101117.5, 25090.0], [101120.0, 3000.0], [101147.5, 900.0], [101150.0, 3000.0], [101172.5, 4410.0], [101197.5, 25530.0]]}}}
{"jsonrpc": "2.0", "method": "subscription", "params": {"channel": "book.BTC-14NOV25.none.20.100ms", "data": {"timestamp": 1762460974251, "change_id": 125658413580, "instrument_name": "BTC-14NOV25", "bids": [[101035.0, 10000.0], [101012.5, 1410.0], [101010.0, 4740.0], [100972.5, 160.0], [100935.0, 3450.0], [100932.5, 11870.0], [100930.0, 4870.0], [100927.5, 16300.0], [100835.0, 1900.0], [100832.5, 6370.0], [100830.0, 10.0], [100817.5, 5640.0], [100815.0, 18910.0], [100805.0, 11350.0], [100802.5, 38010.0], [100797.5, 12070.0], [100795.0, 40430.0], [100760.0, 10.0], [100755.0, 40.0], [100750.0, 50000.0]], "asks": [[101040.0, 4740.0], [101047.5, 780.0], [101050.0, 4160.0], [101052.5, 3200.0], [101055.0, 960.0], [101060.0, 3200.0], [101062.5, 7020.0], [101065.0, 10000.0], [101067.5, 160.0], [101077.5, 14930.0], [101080.0, 70200.0], [101082.5, 28920.0], [101085.0, 42450.0], [101145.0, 6240.0], [101147.5, 4410.0], [101150.0, 16510.0], [101185.0, 1870.0], [101190.0, 6280.0], [101240.0, 570.0], [101242.5, 1900.0]]}}}
{"jsonrpc": "2.0", "method": "subscription", "params": {"channel": "book.BTC-7NOV25.none.20.100ms", "data": {"timestamp": 1762460974203, "change_id": 125658413570, "instrument_name": "BTC-7NOV25", "bids": [[101017.5, 2100.0], [101015.0, 12100.0], [101012.5, 4740.0], [100947.5, 160.0], [100900.0, 7310.0], [100897.5, 24480.0], [100802.5, 7570.0], [100800.0, 32660.0], [100797.5, 24410.0], [100782.5, 710.0], [100780.0, 2370.0], [100775.0, 18180.0], [100772.5, 51400.0], [100770.0, 9500.0], [100735.0, 12070.0], [100732.5, 40430.0], [100717.5, 500.0], [100710.0, 4000.0], [100697.5, 38020.0], [100692.5, 50000.0]], "asks": [[101022.5, 3900.0], [101025.0, 13060.0], [101032.5, 1410.0], [101035.0, 4740.0], [101040.0, 2850.0], [101045.0, 10160.0], [101047.5, 890.0], [101050.0, 2990.0], [101055.0, 70.0], [101075.0, 890.0], [101080.0, 2990.0], [101087.5, 900.0], [101090.0, 3000.0], [101107.5, 900.0], [101110.0, 2990.0], [101115.0, 8380.0], [101117.5, 25090.0], [101120.0, 3000.0], [101147.5, 8400.0], [101150.0, 28530.0]]}}}
{"jsonrpc": "2.0", "method": "subscription", "params": {"channel": "book.BTC-14NOV25.none.20.100ms", "data": {"timestamp": 1762460974434, "change_id": 125658413942, "instrument_name": "BTC-14NOV25", "bids": [[101035.0, 10000.0], [101012.5, 1410.0], [101010.0, 4740.0], [100972.5, 160.0], [100935.0, 3450.0], [100932.5, 11870.0], [100930.0, 4870.0], [100927.5, 16300.0], [100835.0, 1900.0], [100832.5, 6370.0], [100830.0, 10.0], [100817.5, 5640.0], [100815.0, 18910.0], [100805.0, 11350.0], [100802.5, 38010.0], [100797.5, 12070.0], [100795.0, 40430.0], [100760.0, 10.0], [100755.0, 40.0], [100750.0, 50000.0]], "asks": [[101040.0, 4740.0], [101050.0, 960.0], [101052.5, 3200.0], [101055.0, 960.0], [101060.0, 3200.0], [101062.5, 3820.0], [101065.0, 10000.0], [101067.5, 160.0], [101077.5, 14930.0], [101080.0, 70200.0], [101082.5, 28920.0], [101085.0, 42450.0], [101145.0, 6240.0], [101147.5, 4410.0], [101150.0, 16510.0], [101185.0, 1870.0], [101190.0, 6280.0], [101240.0, 570.0], [101242.5, 1900.0], [101262.5, 13200.0]]}}}
{"jsonrpc": "2.0", "method": "subscription", "params": {"channel": "book.BTC-7NOV25.none.20.100ms", "data": {"timestamp": 1762460974587, "change_id": 125658414484, "instrument_name": "BTC-7NOV25", "bids": [[101017.5, 2100.0], [101015.0, 12100.0], [101012.5, 4740.0], [100962.5, 160.0], [100900.0, 7310.0], [100897.5, 24480.0], [100875.0, 710.0], [100872.5, 2370.0], [100817.5, 9500.0], [100805.0, 25370.0], [100800.0, 7290.0], [100797.5, 24410.0], [100775.0, 18180.0], [100772.5, 51400.0], [100735.0, 12070.0], [100732.5, 40430.0], [100717.5, 500.0], [100710.0, 4000.0], [100697.5, 38020.0], [100692.5, 50000.0]], "asks": [[101022.5, 3900.0], [101025.0, 13060.0], [101032.5, 1410.0], [101035.0, 4740.0], [101040.0, 2850.0], [101045.0, 10160.0], [101047.5, 890.0], [101050.0, 2990.0], [101055.0, 70.0], [101075.0, 890.0], [101080.0, 2990.0], [101087.5, 900.0], [101090.0, 3000.0], [101107.5, 900.0], [101110.0, 2990.0], [101115.0, 8380.0], [101117.5, 25090.0], [101120.0, 3000.0], [101147.5, 8400.0], [101150.0, 28530.0]]}}}
{"jsonrpc": "2.0", "method": "subscription", "params": {"channel": "book.BTC-14NOV25.none.20.100ms", "data": {"timestamp": 1762460974723, "change_id": 125658414717, "instrument_name": "BTC-14NOV25", "bids": [[101035.0, 10000.0], [101020.0, 160.0], [101012.5, 1410.0], [101010.0, 4740.0], [100935.0, 3450.0], [100932.5, 11870.0], [100930.0, 4870.0], [100927.5, 16300.0], [100835.0, 1900.0], [100832.5, 6370.0], [100830.0, 10.0], [100817.5, 5640.0], [100815.0, 18910.0], [100805.0, 11350.0], [100802.5, 38010.0], [100797.5, 12070.0], [100795.0, 40430.0], [100760.0, 10.0], [100755.0, 40.0], [100750.0, 50000.0]], "asks": [[101040.0, 4740.0], [101050.0, 960.0], [101052.5, 3200.0], [101055.0, 960.0], [101060.0, 3200.0], [101062.5, 3820.0], [101065.0, 10000.0], [101067.5, 160.0], [101077.5, 14930.0], [101080.0, 70200.0], [101082.5, 28920.0], [101085.0, 42450.0], [101145.0, 6240.0], [101147.5, 4410.0], [101150.0, 16510.0], [101185.0, 1870.0], [101190.0, 6280.0], [101240.0, 570.0], [101242.5, 1900.0], [101262.5, 13200.0]]}}}
{"jsonrpc": "2.0", "method": "subscription", "params": {"channel": "book.BTC-7NOV25.none.20.100ms", "data": {"timestamp": 1762460974914, "change_id": 125658414977, "instrument_name": "BTC-7NOV25", "bids": [[101017.5, 2100.0], [101015.0, 12100.0], [101012.5, 4740.0], [101000.0, 160.0], [100900.0, 7310.0], [100897.5, 24480.0], [100875.0, 710.0], [100872.5, 2370.0], [100817.5, 9500.0], [100805.0, 25370.0], [100800.0, 7290.0], [100797.5, 24410.0], [100775.0, 56190.0], [100772.5, 51400.0], [100735.0, 12070.0], [100732.5, 40430.0], [100717.5, 500.0], [100710.0, 4000.0], [100697.5, 10.0], [100692.5, 50000.0]], "asks": [[101020.0, 970.0], [101022.5, 3900.0], [101025.0, 13060.0], [101032.5, 1410.0], [101035.0, 4740.0], [101040.0, 2850.0], [101045.0, 10160.0], [101047.5, 890.0], [101050.0, 2990.0], [101055.0, 70.0], [101075.0, 890.0], [101080.0, 2990.0], [101087.5, 900.0], [101090.0, 3000.0], [101107.5, 900.0], [101110.0, 2990.0], [101115.0, 8380.0], [101117.5, 25090.0], [101120.0, 3000.0], [101147.5, 8400.0]]}}}
{"jsonrpc": "2.0", "method": "subscription", "params": {"channel": "book.BTC-14NOV25.none.20.100ms", "data": {"timestamp": 1762460975237, "change_id": 125658415671, "instrument_name": "BTC-14NOV25", "bids": [[101027.5, 2990.0], [101025.0, 10000.0], [101005.0, 1410.0], [101002.5, 4740.0], [100992.5, 160.0], [100935.0, 3450.0], [100932.5, 11870.0], [100930.0, 4870.0], [100927.5, 16300.0], [100835.0, 1900.0], [100832.5, 6370.0], [100830.0, 10.0], [100817.5, 5640.0], [100815.0, 18910.0], [100805.0, 11350.0], [100802.5, 38010.0], [100797.5, 12070.0], [100795.0, 40430.0], [100760.0, 10.0], [100755.0, 40.0]], "asks": [[101037.5, 1410.0], [101040.0, 4740.0], [101050.0, 960.0], [101052.5, 3200.0], [101055.0, 3980.0], [101057.5, 10000.0], [101077.5, 14930.0], [101080.0, 70200.0], [101082.5, 28920.0], [101085.0, 42450.0], [101145.0, 6240.0], [101147.5, 4410.0], [101150.0, 16510.0], [101185.0, 1870.0], [101190.0, 6280.0], [101240.0, 570.0], [101242.5, 1900.0], [101262.5, 13200.0], [101265.0, 44210.0], [101350.0, 500.0]]}}}
{"jsonrpc": "2.0", "method": "subscription", "params": {"channel": "book.BTC-7NOV25.none.20.100ms", "data": {"timestamp": 1762460975299, "change_id": 125658415658, "instrument_name": "BTC-7NOV25", "bids": [[101015.0, 10000.0], [101005.0, 4740.0], [100972.5, 160.0], [100900.0, 7310.0], [100897.5, 24480.0], [100875.0, 710.0], [100872.5, 2370.0], [100817.5, 9500.0], [100805.0, 25370.0], [100800.0, 7290.0], [100797.5, 24410.0], [100775.0, 56190.0], [100772.5, 51400.0], [100735.0, 12070.0], [100732.5, 40430.0], [100717.5, 500.0], [100710.0, 4000.0], [100697.5, 10.0], [100692.5, 50000.0], [100682.5, 470.0]], "asks": [[101020.0, 970.0], [101022.5, 3900.0], [101025.0, 13060.0], [101032.5, 1570.0], [101035.0, 4740.0], [101040.0, 2850.0], [101045.0, 10000.0], [101047.5, 890.0], [101050.0, 2990.0], [101055.0, 70.0], [101075.0, 890.0], [101080.0, 2990.0], [101087.5, 900.0], [101090.0, 3000.0], [101107.5, 900.0], [101110.0, 2990.0], [101115.0, 8380.0], [101117.5, 25090.0], [101120.0, 3000.0], [101147.5, 8400.0]]}}}
{"jsonrpc": "2.0", "method": "subscription", "params": {"channel": "book.BTC-14NOV25.none.20.100ms", "data": {"timestamp": 1762460975539, "change_id": 125658416394, "instrument_name": "BTC-14NOV25", "bids": [[101027.5, 2990.0], [101025.0, 10000.0], [101005.0, 1570.0], [101002.5, 4740.0], [100935.0, 3450.0], [100932.5, 11870.0], [100930.0, 4870.0], [100927.5, 16300.0], [100835.0, 1900.0], [100832.5, 6370.0], [100830.0, 10.0], [100817.5, 5640.0], [100815.0, 18910.0], [100805.0, 11350.0], [100802.5, 38010.0], [100797.5, 12070.0], [100795.0, 40430.0], [100760.0, 10.0], [100755.0, 40.0], [100750.0, 50000.0]], "asks": [[101037.5, 1410.0], [101040.0, 4740.0], [101047.5, 2990.0], [101050.0, 10960.0], [101052.5, 3200.0], [101055.0, 160.0], [101077.5, 14930.0], [101080.0, 70200.0], [101082.5, 28920.0], [101085.0, 42450.0], [101145.0, 6240.0], [101147.5, 4410.0], [101150.0, 16510.0], [101185.0, 1870.0], [101190.0, 6280.0], [101240.0, 570.0], [101242.5, 1900.0], [101262.5, 13200.0], [101265.0, 44210.0], [101350.0, 500.0]]}}}
{"jsonrpc": "2.0", "method": "subscription", "params": {"channel": "book.BTC-7NOV25.none.20.100ms", "data": {"timestamp": 1762460975495, "change_id": 125658416054, "instrument_name": "BTC-7NOV25", "bids": [[101015.0, 10000.0], [101005.0, 4740.0], [100985.0, 160.0], [100900.0, 7310.0], [100897.5, 24480.0], [100875.0, 710.0], [100872.5, 2370.0], [100817.5, 9500.0], [100805.0, 25370.0], [100800.0, 7290.0], [100797.5, 24410.0], [100775.0, 56190.0], [100772.5, 51400.0], [100735.0, 12070.0], [100732.5, 40430.0], [100717.5, 500.0], [100710.0, 4000.0], [100697.5, 10.0], [100692.5, 50000.0], [100682.5, 470.0]], "asks": [[101020.0, 970.0], [101022.5, 3900.0], [101025.0, 13060.0], [101032.5, 1570.0], [101035.0, 7730.0], [101037.5, 10000.0], [101047.5, 890.0], [101050.0, 2990.0], [101055.0, 70.0], [101075.0, 890.0], [101080.0, 2990.0], [101087.5, 900.0], [101090.0, 3000.0], [101107.5, 900.0], [101110.0, 2990.0], [101115.0, 8380.0], [101117.5, 25090.0], [101120.0, 3000.0], [101147.5, 8400.0], [101150.0, 28530.0]]}}}
{"jsonrpc": "2.0", "method": "subscription", "params": {"channel": "book.BTC-14NOV25.none.20.100ms", "data": {"timestamp": 1762460975940, "change_id": 125658418698, "instrument_name": "BTC-14NOV25", "bids": [[100962.5, 160.0], [100935.0, 3540.0], [100932.5, 11870.0], [100930.0, 4870.0], [100927.5, 16300.0], [100847.5, 1900.0], [100845.0, 6370.0], [100842.5, 5640.0], [100840.0, 18910.0], [100830.0, 10.0], [100805.0, 11350.0], [100802.5, 38010.0], [100797.5, 12070.0], [100795.0, 40430.0], [100760.0, 10.0], [100755.0, 40.0], [100752.5, 14930.0], [100750.0, 50000.0], [100737.5, 500.0], [100732.5, 10.0]], "asks": [[101042.5, 160.0], [101047.5, 2990.0], [101050.0, 10960.0], [101052.5, 3200.0], [101077.5, 14930.0], [101080.0, 70200.0], [101082.5, 28920.0], [101085.0, 42450.0], [101097.5, 4820.0], [101100.0, 16140.0], [101145.0, 1320.0], [101147.5, 4410.0], [101185.0, 1870.0], [101190.0, 6280.0], [101240.0, 570.0], [101242.5, 1900.0], [101262.5, 13200.0], [101265.0, 44210.0], [101350.0, 500.0], [101360.0, 50000.0]]}}}
{"jsonrpc": "2.0", "method": "subscription", "params": {"channel": "book.BTC-7NOV25.none.20.100ms", "data": {"timestamp": 1762460975893, "change_id": 125658418989, "instrument_name": "BTC-7NOV25", "bids": [[100945.0, 160.0], [100912.5, 590.0], [100910.0, 3350.0], [100907.5, 2100.0], [100905.0, 2100.0], [100902.5, 24490.0], [100900.0, 82310.0], [100897.5, 24480.0], [100875.0, 710.0], [100872.5, 2370.0], [100825.0, 7570.0], [100822.5, 25370.0], [100820.0, 2840.0], [100817.5, 9500.0], [100777.5, 10590.0], [100775.0, 38010.0], [100735.0, 12070.0], [100732.5, 40430.0], [100717.5, 500.0], [100710.0, 4000.0]], "asks": [[101017.5, 290.0], [101020.0, 1130.0], [101022.5, 3900.0], [101025.0, 36680.0], [101027.5, 75000.0], [101035.0, 2990.0], [101037.5, 10000.0], [101047.5, 890.0], [101050.0, 2990.0], [101055.0, 70.0], [101057.5, 900.0], [101060.0, 3000.0], [101075.0, 890.0], [101080.0, 2990.0], [101087.5, 900.0], [101090.0, 3000.0], [101107.5, 8510.0], [101110.0, 28520.0], [101115.0, 8380.0], [101117.5, 25090.0]]}}}
{"jsonrpc": "2.0", "method": "subscription", "params": {"channel": "book.BTC-14NOV25.none.20.100ms", "data": {"timestamp": 1762460976291, "change_id": 125658422100, "instrument_name": "BTC-14NOV25", "bids": [[100975.0, 160.0], [100932.5, 11870.0], [100927.5, 16300.0], [100885.0, 18910.0], [100832.5, 6370.0], [100830.0, 10.0], [100802.5, 38010.0], [100795.0, 40430.0], [100760.0, 10.0], [100755.0, 40.0], [100750.0, 50000.0], [100737.5, 500.0], [100732.5, 10.0], [100730.0, 10.0], [100720.0, 37010.0], [100707.5, 4000.0], [100700.0, 36630.0], [100680.0, 10.0], [100660.0, 10.0], [100630.0, 10.0]], "asks": [[101030.0, 160.0], [101037.5, 10000.0], [101145.0, 6280.0], [101147.5, 4410.0], [101242.5, 1900.0], [101262.5, 50000.0], [101265.0, 44210.0], [101350.0, 500.0], [101360.0, 50000.0], [101380.0, 19050.0], [101400.0, 1750.0], [101477.5, 38210.0], [101562.5, 50000.0], [101590.0, 36390.0], [101620.0, 10.0], [101662.5, 50000.0], [101685.0, 2750.0], [101717.5, 40.0], [101735.0, 37070.0], [101850.0, 2370.0]]}}}
{"jsonrpc": "2.0", "method": "subscription", "params": {"channel": "book.BTC-7NOV25.none.20.100ms", "data": {"timestamp": 1762460976203, "change_id": 125658421653, "instrument_name": "BTC-7NOV25", "bids": [[100957.5, 160.0], [100910.0, 2100.0], [100907.5, 2100.0], [100905.0, 2100.0], [100902.5, 2100.0], [100897.5, 24480.0], [100872.5, 2370.0], [100827.5, 24410.0], [100820.0, 25370.0], [100817.5, 9500.0], [100775.0, 38010.0], [100732.5, 40430.0], [100717.5, 500.0], [100710.0, 4000.0], [100697.5, 10.0], [100692.5, 50000.0], [100682.5, 470.0], [100630.0, 51400.0], [100600.0, 51030.0], [100442.5, 40.0]], "asks": [[101007.5, 160.0], [101010.0, 75000.0], [101022.5, 10000.0], [101025.0, 13060.0], [101050.0, 2990.0], [101055.0, 3070.0], [101060.0, 4960.0], [101065.0, 24510.0], [101080.0, 2990.0], [101085.0, 3000.0], [101107.5, 25530.0], [101110.0, 2990.0], [101115.0, 3000.0], [101162.5, 45040.0], [101172.5, 4410.0], [101212.5, 1380.0], [101305.0, 500.0], [101325.0, 50000.0], [101480.0, 50650.0], [101505.0, 50000.0]]}}}
{"jsonrpc": "2.0", "method": "subscription", "params": {"channel": "book.BTC-14NOV25.none.20.100ms", "data": {"timestamp": 1762460976594, "change_id": 125658424431, "instrument_name": "BTC-14NOV25", "bids": [[100975.0, 3150.0], [100972.5, 10000.0], [100970.0, 1410.0], [100967.5, 4740.0], [100935.0, 710.0], [100932.5, 2370.0], [100930.0, 4870.0], [100927.5, 16300.0], [100887.5, 5640.0], [100885.0, 18910.0], [100840.0, 2840.0], [100837.5, 9500.0], [100835.0, 1900.0], [100832.5, 6370.0], [100830.0, 10.0], [100805.0, 11350.0], [100802.5, 38010.0], [100797.5, 12070.0], [100795.0, 40430.0], [100760.0, 10.0]], "asks": [[101000.0, 4740.0], [101025.0, 3030.0], [101027.5, 10000.0], [101030.0, 160.0], [101045.0, 41260.0], [101047.5, 50000.0], [101050.0, 88210.0], [101092.5, 4820.0], [101095.0, 16140.0], [101142.5, 1870.0], [101145.0, 7600.0], [101147.5, 4410.0], [101242.5, 1900.0], [101265.0, 44210.0], [101350.0, 500.0], [101360.0, 50000.0], [101380.0, 19050.0], [101400.0, 1750.0], [101477.5, 38210.0], [101562.5, 50000.0]]}}}
{"jsonrpc": "2.0", "method": "subscription", "params": {"channel": "book.BTC-7NOV25.none.20.100ms", "data": {"timestamp": 1762460976530, "change_id": 125658424009, "instrument_name": "BTC-7NOV25", "bids": [[100972.5, 1410.0], [100970.0, 4740.0], [100962.5, 2990.0], [100960.0, 10000.0], [100957.5, 160.0], [100900.0, 7310.0], [100897.5, 24480.0], [100875.0, 710.0], [100872.5, 2370.0], [100832.5, 7570.0], [100830.0, 32660.0], [100827.5, 24410.0], [100820.0, 2840.0], [100817.5, 9500.0], [100777.5, 11350.0], [100775.0, 38010.0], [100752.5, 15340.0], [100750.0, 51400.0], [100735.0, 12070.0], [100732.5, 40430.0]], "asks": [[100992.5, 1410.0], [100995.0, 5080.0], [100997.5, 1150.0], [101005.0, 570.0], [101007.5, 25530.0], [101010.0, 85000.0], [101022.5, 3900.0], [101025.0, 13060.0], [101047.5, 890.0], [101050.0, 2990.0], [101052.5, 920.0], [101055.0, 3070.0], [101057.5, 1480.0], [101060.0, 4960.0], [101067.5, 7300.0], [101070.0, 24470.0], [101077.5, 890.0], [101080.0, 2990.0], [101082.5, 900.0], [101085.0, 3000.0]]}}}
{"jsonrpc": "2.0", "method": "subscription", "params": {"channel": "book.BTC-14NOV25.none.20.100ms", "data": {"timestamp": 1762460976956, "change_id": 125658425658, "instrument_name": "BTC-14NOV25", "bids": [[100990.0, 2990.0], [100987.5, 10160.0], [100977.5, 1460.0], [100975.0, 4740.0], [100935.0, 710.0], [100932.5, 2370.0], [100930.0, 4870.0], [100927.5, 16300.0], [100887.5, 5640.0], [100885.0, 18910.0], [100845.0, 1900.0], [100842.5, 6370.0], [100840.0, 2840.0], [100837.5, 9500.0], [100830.0, 10.0], [100805.0, 11350.0], [100802.5, 38010.0], [100797.5, 12070.0], [100795.0, 40430.0], [100760.0, 10.0]], "asks": [[101025.0, 3030.0], [101027.5, 10000.0], [101030.0, 160.0], [101045.0, 41260.0], [101047.5, 50000.0], [101050.0, 88210.0], [101092.5, 4820.0], [101095.0, 16140.0], [101142.5, 1870.0], [101145.0, 7600.0], [101147.5, 4410.0], [101242.5, 1900.0], [101265.0, 44210.0], [101350.0, 500.0], [101360.0, 50000.0], [101380.0, 19050.0], [101400.0, 1750.0], [101477.5, 38210.0], [101562.5, 50000.0], [101590.0, 36390.0]]}}}
{"jsonrpc": "2.0", "method": "subscription", "params": {"channel": "book.BTC-7NOV25.none.20.100ms", "data": {"timestamp": 1762460976955, "change_id": 125658425644, "instrument_name": "BTC-7NOV25", "bids": [[100970.0, 2990.0], [100967.5, 10000.0], [100957.5, 160.0], [100900.0, 7310.0], [100897.5, 24480.0], [100875.0, 710.0], [100872.5, 2370.0], [100832.5, 7570.0], [100830.0, 32660.0], [100827.5, 24410.0], [100820.0, 2840.0], [100817.5, 9500.0], [100777.5, 11350.0], [100775.0, 38010.0], [100752.5, 15340.0], [100750.0, 51400.0], [100735.0, 12070.0], [100732.5, 40430.0], [100717.5, 500.0], [100710.0, 4000.0]], "asks": [[100995.0, 340.0], [100997.5, 1150.0], [101007.5, 25530.0], [101010.0, 75000.0], [101017.5, 2990.0], [101022.5, 3900.0], [101025.0, 13060.0], [101047.5, 890.0], [101050.0, 2990.0], [101052.5, 920.0], [101055.0, 3070.0], [101057.5, 1480.0], [101060.0, 4960.0], [101067.5, 7300.0], [101070.0, 24470.0], [101077.5, 890.0], [101080.0, 2990.0], [101082.5, 900.0], [101085.0, 3000.0], [101105.0, 8510.0]]}}}
{"jsonrpc": "2.0", "method": "subscription", "params": {"channel": "book.BTC-14NOV25.none.20.100ms", "data": {"timestamp": 1762460977288, "change_id": 125658427145, "instrument_name": "BTC-14NOV25", "bids": [[101000.0, 160.0], [100997.5, 2990.0], [100995.0, 10000.0], [100985.0, 1410.0], [100982.5, 4740.0], [100935.0, 710.0], [100932.5, 2370.0], [100930.0, 4870.0], [100927.5, 16300.0], [100887.5, 5640.0], [100885.0, 18910.0], [100845.0, 1900.0], [100842.5, 6370.0], [100840.0, 2840.0], [100837.5, 9500.0], [100830.0, 10.0], [100805.0, 11350.0], [100802.5, 38010.0], [100797.5, 12070.0], [100795.0, 40430.0]], "asks": [[101015.0, 4740.0], [101045.0, 41260.0], [101047.5, 50000.0], [101050.0, 88210.0], [101092.5, 4820.0], [101095.0, 16140.0], [101142.5, 1870.0], [101145.0, 7600.0], [101147.5, 4410.0], [101242.5, 1900.0], [101265.0, 44210.0], [101350.0, 500.0], [101360.0, 50000.0], [101380.0, 19050.0], [101400.0, 1750.0], [101477.5, 38210.0], [101562.5, 50000.0], [101590.0, 36390.0], [101620.0, 10.0], [101662.5, 50000.0]]}}}
{"jsonrpc": "2.0", "method": "subscription", "params": {"channel": "book.BTC-7NOV25.none.20.100ms", "data": {"timestamp": 1762460977293, "change_id": 125658427180, "instrument_name": "BTC-7NOV25", "bids": [[100980.0, 3910.0], [100977.5, 10000.0], [100970.0, 160.0], [100897.5, 24480.0], [100872.5, 2370.0], [100835.0, 25370.0], [100827.5, 24410.0], [100817.5, 9500.0], [100755.0, 38010.0], [100750.0, 51400.0], [100732.5, 40430.0], [100717.5, 500.0], [100710.0, 4000.0], [100697.5, 10.0], [100692.5, 50000.0], [100682.5, 470.0], [100600.0, 51030.0], [100442.5, 40.0], [100440.0, 76240.0], [100437.5, 160.0]], "asks": [[100987.5, 1270.0], [101010.0, 79740.0], [101025.0, 13060.0], [101050.0, 2990.0], [101055.0, 70.0], [101065.0, 3000.0], [101070.0, 24470.0], [101080.0, 2990.0], [101095.0, 3000.0], [101107.5, 25530.0], [101110.0, 2990.0], [101125.0, 3000.0], [101162.5, 45040.0], [101172.5, 4410.0], [101212.5, 1380.0], [101305.0, 500.0], [101325.0, 50000.0], [101410.0, 25000.0], [101480.0, 50650.0], [101505.0, 50000.0]]}}}
{"jsonrpc": "2.0", "method": "subscription", "params": {"channel": "book.BTC-14NOV25.none.20.100ms", "data": {"timestamp": 1762460977615, "change_id": 125658428813, "instrument_name": "BTC-14NOV25", "bids": [[101007.5, 2990.0], [101005.0, 10000.0], [101000.0, 160.0], [100992.5, 1410.0], [100990.0, 4740.0], [100935.0, 710.0], [100932.5, 2370.0], [100930.0, 4870.0], [100927.5, 16300.0], [100887.5, 5640.0], [100885.0, 18910.0], [100850.0, 1900.0], [100847.5, 6370.0], [100840.0, 2840.0], [100837.5, 9500.0], [100830.0, 10.0], [100805.0, 11350.0], [100802.5, 38010.0], [100797.5, 12070.0], [100795.0, 40430.0]], "asks": [[101022.5, 4740.0], [101045.0, 41260.0], [101047.5, 50000.0], [101050.0, 88210.0], [101052.5, 2990.0], [101055.0, 10000.0], [101057.5, 160.0], [101120.0, 4930.0], [101122.5, 16520.0], [101142.5, 1870.0], [101145.0, 7600.0], [101147.5, 4410.0], [101242.5, 1900.0], [101265.0, 44210.0], [101350.0, 500.0], [101360.0, 50000.0], [101380.0, 19050.0], [101400.0, 1750.0], [101477.5, 38210.0], [101562.5, 50000.0]]}}}
{"jsonrpc": "2.0", "method": "subscription", "params": {"channel": "book.BTC-7NOV25.none.20.100ms", "data": {"timestamp": 1762460977577, "change_id": 125658428777, "instrument_name": "BTC-7NOV25", "bids": [[100985.0, 14740.0], [100982.5, 160.0], [100962.5, 14350.0], [100897.5, 24480.0], [100872.5, 2370.0], [100835.0, 25370.0], [100827.5, 24410.0], [100817.5, 9500.0], [100755.0, 38010.0], [100750.0, 51400.0], [100732.5, 40430.0], [100717.5, 500.0], [100710.0, 4000.0], [100697.5, 10.0], [100692.5, 50000.0], [100682.5, 470.0], [100600.0, 51030.0], [100442.5, 40.0], [100440.0, 76240.0], [100437.5, 160.0]], "asks": [[100987.5, 1270.0], [101010.0, 75000.0], [101022.5, 4740.0], [101025.0, 13060.0], [101037.5, 160.0], [101040.0, 10000.0], [101050.0, 2990.0], [101055.0, 70.0], [101065.0, 3000.0], [101070.0, 24470.0], [101080.0, 2990.0], [101095.0, 3000.0], [101107.5, 25530.0], [101110.0, 2990.0], [101125.0, 3000.0], [101162.5, 45040.0], [101172.5, 4410.0], [101212.5, 1380.0], [101305.0, 500.0], [101325.0, 50000.0]]}}}
{"jsonrpc": "2.0", "method": "subscription", "params": {"channel": "book.BTC-14NOV25.none.20.100ms", "data": {"timestamp": 1762460977796, "change_id": 125658429457, "instrument_name": "BTC-14NOV25", "bids": [[101015.0, 2990.0], [101012.5, 10160.0], [101000.0, 1410.0], [100997.5, 4740.0], [100935.0, 710.0], [100932.5, 2370.0], [100930.0, 4870.0], [100927.5, 16300.0], [100887.5, 5640.0], [100885.0, 18910.0], [100855.0, 1900.0], [100852.5, 6370.0], [100840.0, 2840.0], [100837.5, 9500.0], [100830.0, 10.0], [100805.0, 11350.0], [100802.5, 38010.0], [100797.5, 12070.0], [100795.0, 40430.0], [100760.0, 10.0]], "asks": [[101030.0, 4740.0], [101052.5, 2990.0], [101055.0, 10000.0], [101057.5, 160.0], [101117.5, 14930.0], [101120.0, 54930.0], [101122.5, 16520.0], [101142.5, 1870.0], [101145.0, 7600.0], [101147.5, 4410.0], [101242.5, 1900.0], [101265.0, 44210.0], [101350.0, 500.0], [101360.0, 50000.0], [101380.0, 19050.0], [101400.0, 1750.0], [101477.5, 38210.0], [101562.5, 50000.0], [101590.0, 36390.0], [101620.0, 10.0]]}}}
{"jsonrpc": "2.0", "method": "subscription", "params": {"channel": "book.BTC-7NOV25.none.20.100ms", "data": {"timestamp": 1762460977913, "change_id": 125658430098, "instrument_name": "BTC-7NOV25", "bids": [[100997.5, 14740.0], [100982.5, 160.0], [100965.0, 4280.0], [100962.5, 14350.0], [100900.0, 7310.0], [100897.5, 24480.0], [100875.0, 710.0], [100872.5, 2370.0], [100837.5, 7570.0], [100835.0, 25370.0], [100830.0, 7290.0], [100827.5, 24410.0], [100820.0, 2840.0], [100817.5, 9500.0], [100757.5, 11350.0], [100755.0, 38010.0], [100752.5, 15340.0], [100750.0, 51400.0], [100735.0, 12070.0], [100732.5, 40430.0]], "asks": [[101007.5, 22390.0], [101010.0, 75000.0], [101020.0, 5310.0], [101022.5, 4740.0], [101025.0, 13060.0], [101037.5, 3150.0], [101040.0, 10000.0], [101047.5, 890.0], [101050.0, 2990.0], [101055.0, 70.0], [101062.5, 900.0], [101065.0, 3000.0], [101067.5, 7300.0], [101070.0, 24470.0], [101077.5, 890.0], [101080.0, 2990.0], [101092.5, 900.0], [101095.0, 3000.0], [101107.5, 25530.0], [101110.0, 2990.0]]}}}
{"jsonrpc": "2.0", "method": "subscription", "params": {"channel": "book.BTC-7NOV25.none.20.100ms", "data": {"timestamp": 1762460978184, "change_id": 125658431273, "instrument_name": "BTC-7NOV25", "bids": [[100997.5, 14740.0], [100995.0, 160.0], [100975.0, 21700.0], [100972.5, 72700.0], [100965.0, 4280.0], [100962.5, 14350.0], [100900.0, 7310.0], [100897.5, 24480.0], [100875.0, 710.0], [100872.5, 2370.0], [100837.5, 7570.0], [100835.0, 25370.0], [100830.0, 7290.0], [100827.5, 24410.0], [100820.0, 2840.0], [100817.5, 9500.0], [100757.5, 11350.0], [100755.0, 38010.0], [100752.5, 15340.0], [100750.0, 51400.0]], "asks": [[101005.0, 1290.0], [101007.5, 22390.0], [101010.0, 75000.0], [101020.0, 5310.0], [101022.5, 4740.0], [101025.0, 13060.0], [101037.5, 3150.0], [101040.0, 10000.0], [101047.5, 890.0], [101050.0, 2990.0], [101055.0, 70.0], [101062.5, 900.0], [101065.0, 3000.0], [101067.5, 7300.0], [101070.0, 24470.0], [101077.5, 890.0], [101080.0, 2990.0], [101092.5, 900.0], [101095.0, 3000.0], [101107.5, 25530.0]]}}}
{"jsonrpc": "2.0", "method": "subscription", "params": {"channel": "book.BTC-14NOV25.none.20.100ms", "data": {"timestamp": 1762460978571, "change_id": 125658432479, "instrument_name": "BTC-14NOV25", "bids": [[101015.0, 2990.0], [101012.5, 10160.0], [100997.5, 1410.0], [100995.0, 4740.0], [100935.0, 710.0], [100932.5, 2370.0], [100930.0, 4870.0], [100927.5, 16300.0], [100900.0, 2840.0], [100897.5, 9500.0], [100895.0, 13340.0], [100892.5, 44690.0], [100887.5, 5640.0], [100885.0, 18910.0], [100855.0, 1900.0], [100852.5, 6370.0], [100830.0, 10.0], [100805.0, 11350.0], [100802.5, 38010.0], [100760.0, 10.0]], "asks": [[101030.0, 4740.0], [101052.5, 2990.0], [101055.0, 10000.0], [101057.5, 160.0], [101117.5, 14930.0], [101120.0, 54930.0], [101122.5, 16520.0], [101142.5, 1870.0], [101145.0, 7600.0], [101147.5, 4410.0], [101242.5, 1900.0], [101265.0, 44210.0], [101350.0, 500.0], [101360.0, 50000.0], [101380.0, 19050.0], [101400.0, 1750.0], [101477.5, 38210.0], [101562.5, 50000.0], [101590.0, 36390.0], [101620.0, 10.0]]}}}
{"jsonrpc": "2.0", "method": "subscription", "params": {"channel": "book.BTC-7NOV25.none.20.100ms", "data": {"timestamp": 1762460978336, "change_id": 125658431961, "instrument_name": "BTC-7NOV25", "bids": [[100997.5, 10000.0], [100995.0, 4900.0], [100975.0, 21700.0], [100972.5, 72700.0], [100900.0, 7310.0], [100897.5, 24480.0], [100875.0, 710.0], [100872.5, 2370.0], [100840.0, 20910.0], [100837.5, 44690.0], [100835.0, 25370.0], [100830.0, 7290.0], [100827.5, 24410.0], [100820.0, 2840.0], [100817.5, 9500.0], [100757.5, 11350.0], [100755.0, 38010.0], [100752.5, 15340.0], [100750.0, 51400.0], [100717.5, 500.0]], "asks": [[101005.0, 1290.0], [101007.5, 22390.0], [101010.0, 75000.0], [101020.0, 5310.0], [101022.5, 4740.0], [101025.0, 13060.0], [101037.5, 3150.0], [101040.0, 10000.0], [101047.5, 890.0], [101050.0, 2990.0], [101055.0, 70.0], [101062.5, 900.0], [101065.0, 3000.0], [101067.5, 7300.0], [101070.0, 24470.0], [101077.5, 890.0], [101080.0, 2990.0], [101092.5, 900.0], [101095.0, 3000.0], [101107.5, 25530.0]]}}}
{"jsonrpc": "2.0", "method": "subscription", "params": {"channel": "book.BTC-14NOV25.none.20.100ms", "data": {"timestamp": 1762460978811, "change_id": 125658432969, "instrument_name": "BTC-14NOV25", "bids": [[101015.0, 2990.0], [101012.5, 10160.0], [100997.5, 1410.0], [100995.0, 4740.0], [100935.0, 710.0], [100932.5, 2370.0], [100930.0, 4870.0], [100927.5, 16300.0], [100900.0, 2840.0], [100897.5, 9500.0], [100895.0, 13340.0], [100892.5, 44690.0], [100887.5, 5640.0], [100885.0, 18910.0], [100855.0, 1900.0], [100852.5, 6370.0], [100830.0, 10.0], [100805.0, 11350.0], [100802.5, 38010.0], [100760.0, 10.0]], "asks": [[101030.0, 4740.0], [101052.5, 2990.0], [101055.0, 10000.0], [101057.5, 160.0], [101120.0, 4930.0], [101122.5, 16520.0], [101142.5, 16560.0], [101145.0, 57600.0], [101147.5, 4410.0], [101242.5, 1900.0], [101265.0, 44210.0], [101350.0, 500.0], [101360.0, 50000.0], [101380.0, 19050.0], [101400.0, 1750.0], [101477.5, 38210.0], [101562.5, 50000.0], [101590.0, 36390.0], [101620.0, 10.0], [101662.5, 50000.0]]}}}
{"jsonrpc": "2.0", "method": "subscription", "params": {"channel": "book.BTC-7NOV25.none.20.100ms", "data": {"timestamp": 1762460978766, "change_id": 125658432753, "instrument_name": "BTC-7NOV25", "bids": [[100997.5, 10000.0], [100995.0, 4900.0], [100975.0, 40620.0], [100972.5, 72700.0], [100970.0, 72690.0], [100900.0, 7310.0], [100897.5, 24480.0], [100875.0, 710.0], [100872.5, 2370.0], [100840.0, 20910.0], [100837.5, 44690.0], [100835.0, 25370.0], [100830.0, 7290.0], [100827.5, 24410.0], [100820.0, 2840.0], [100817.5, 9500.0], [100757.5, 11350.0], [100755.0, 38010.0], [100752.5, 15340.0], [100750.0, 51400.0]], "asks": [[101007.5, 22390.0], [101010.0, 75000.0], [101020.0, 5310.0], [101022.5, 4740.0], [101025.0, 13060.0], [101037.5, 3150.0], [101040.0, 10000.0], [101047.5, 890.0], [101050.0, 2990.0], [101055.0, 70.0], [101062.5, 900.0], [101065.0, 3000.0], [101067.5, 7300.0], [101070.0, 24470.0], [101077.5, 890.0], [101080.0, 2990.0], [101092.5, 900.0], [101095.0, 3000.0], [101107.5, 25530.0], [101110.0, 2990.0]]}}}
{"jsonrpc": "2.0", "method": "subscription", "params": {"channel": "book.BTC-14NOV25.none.20.100ms", "data": {"timestamp": 1762460978969, "change_id": 125658433335, "instrument_name": "BTC-14NOV25", "bids": [[101022.5, 2990.0], [101020.0, 10000.0], [101012.5, 160.0], [100997.5, 1410.0], [100995.0, 4740.0], [100935.0, 710.0], [100932.5, 2370.0], [100930.0, 4870.0], [100927.5, 16300.0], [100900.0, 2840.0], [100897.5, 9500.0], [100895.0, 13340.0], [100892.5, 44690.0], [100887.5, 5640.0], [100885.0, 18910.0], [100855.0, 1900.0], [100852.5, 6370.0], [100830.0, 10.0], [100805.0, 11350.0], [100802.5, 38010.0]], "asks": [[101030.0, 4740.0], [101045.0, 2990.0], [101047.5, 10000.0], [101057.5, 160.0], [101120.0, 4930.0], [101122.5, 16520.0], [101142.5, 16560.0], [101145.0, 57600.0], [101147.5, 4410.0], [101242.5, 1900.0], [101265.0, 44210.0], [101350.0, 500.0], [101360.0, 50000.0], [101380.0, 19050.0], [101400.0, 1750.0], [101477.5, 38210.0], [101562.5, 50000.0], [101590.0, 36390.0], [101620.0, 10.0], [101662.5, 50000.0]]}}}
{"jsonrpc": "2.0", "method": "subscription", "params": {"channel": "book.BTC-7NOV25.none.20.100ms", "data": {"timestamp": 1762460979232, "change_id": 125658433647, "instrument_name": "BTC-7NOV25", "bids": [[101005.0, 10000.0], [100997.5, 1460.0], [100995.0, 4900.0], [100975.0, 40620.0], [100972.5, 72700.0], [100970.0, 72690.0], [100900.0, 7310.0], [100897.5, 24480.0], [100875.0, 710.0], [100872.5, 2370.0], [100845.0, 7570.0], [100842.5, 25370.0], [100840.0, 13340.0], [100837.5, 44690.0], [100830.0, 7290.0], [100827.5, 24410.0], [100820.0, 2840.0], [100817.5, 9500.0], [100757.5, 11350.0], [100755.0, 38010.0]], "asks": [[101010.0, 75000.0], [101020.0, 5310.0], [101022.5, 4740.0], [101025.0, 13060.0], [101030.0, 2990.0], [101032.5, 10000.0], [101037.5, 160.0], [101047.5, 890.0], [101050.0, 2990.0], [101055.0, 70.0], [101062.5, 900.0], [101065.0, 3000.0], [101067.5, 7300.0], [101070.0, 24470.0], [101077.5, 890.0], [101080.0, 2990.0], [101092.5, 900.0], [101095.0, 3000.0], [101107.5, 25530.0], [101110.0, 2990.0]]}}}
{"jsonrpc": "2.0", "method": "subscription", "params": {"channel": "book.BTC-7NOV25.none.20.100ms", "data": {"timestamp": 1762460979327, "change_id": 125658433679, "instrument_name": "BTC-7NOV25", "bids": [[101005.0, 10000.0], [100997.5, 1460.0], [100995.0, 4900.0], [100975.0, 40620.0], [100972.5, 72700.0], [100970.0, 72690.0], [100900.0, 7310.0], [100897.5, 24480.0], [100875.0, 710.0], [100872.5, 2370.0], [100845.0, 7570.0], [100842.5, 25370.0], [100840.0, 13340.0], [100837.5, 44690.0], [100830.0, 7290.0], [100827.5, 24410.0], [100820.0, 2840.0], [100817.5, 9500.0], [100757.5, 11350.0], [100755.0, 38010.0]], "asks": [[101007.5, 6000.0], [101010.0, 75000.0], [101020.0, 1430.0], [101022.5, 4740.0], [101025.0, 60.0], [101030.0, 2990.0], [101032.5, 10000.0], [101037.5, 160.0], [101047.5, 890.0], [101050.0, 2990.0], [101055.0, 70.0], [101062.5, 900.0], [101065.0, 3000.0], [101067.5, 7300.0], [101070.0, 24470.0], [101077.5, 890.0], [101080.0, 2990.0], [101092.5, 900.0], [101095.0, 3000.0], [101107.5, 25530.0]]}}}
{"jsonrpc": "2.0", "method": "subscription", "params": {"channel": "book.BTC-7NOV25.none.20.100ms", "data": {"timestamp": 1762460980043, "change_id": 125658435071, "instrument_name": "BTC-7NOV25", "bids": [[101005.0, 10000.0], [100997.5, 1460.0], [100995.0, 4900.0], [100975.0, 40620.0], [100972.5, 72700.0], [100970.0, 72690.0], [100900.0, 7310.0], [100897.5, 24480.0], [100875.0, 710.0], [100872.5, 2370.0], [100845.0, 7570.0], [100842.5, 25370.0], [100840.0, 13340.0], [100837.5, 44690.0], [100830.0, 7290.0], [100827.5, 24410.0], [100820.0, 2840.0], [100817.5, 9500.0], [100757.5, 11350.0], [100755.0, 38010.0]], "asks": [[101007.5, 6000.0], [101020.0, 1430.0], [101022.5, 4740.0], [101025.0, 60.0], [101030.0, 2990.0], [101032.5, 10000.0], [101037.5, 160.0], [101047.5, 890.0], [101050.0, 2990.0], [101055.0, 70.0], [101062.5, 900.0], [101065.0, 3000.0], [101077.5, 890.0], [101080.0, 2990.0], [101092.5, 900.0], [101095.0, 3000.0], [101097.5, 7370.0], [101100.0, 24680.0], [101107.5, 25530.0], [101110.0, 2990.0]]}}}
{"jsonrpc": "2.0", "method": "subscription", "params": {"channel": "book.BTC-14NOV25.none.20.100ms", "data": {"timestamp": 1762460980479, "change_id": 125658436085, "instrument_name": "BTC-14NOV25", "bids": [[101022.5, 2990.0], [101020.0, 10000.0], [101012.5, 160.0], [100997.5, 1410.0], [100995.0, 4740.0], [100935.0, 710.0], [100932.5, 2370.0], [100930.0, 4870.0], [100927.5, 16300.0], [100900.0, 2840.0], [100897.5, 9500.0], [100895.0, 13340.0], [100892.5, 44690.0], [100887.5, 5640.0], [100885.0, 18910.0], [100872.5, 1900.0], [100870.0, 6370.0], [100830.0, 10.0], [100805.0, 11350.0], [100802.5, 38010.0]], "asks": [[101030.0, 4740.0], [101045.0, 2990.0], [101047.5, 10000.0], [101057.5, 160.0], [101120.0, 4930.0], [101122.5, 16520.0], [101142.5, 16560.0], [101145.0, 57600.0], [101147.5, 4410.0], [101242.5, 1900.0], [101265.0, 44210.0], [101350.0, 500.0], [101360.0, 50000.0], [101380.0, 19050.0], [101400.0, 1750.0], [101477.5, 38210.0], [101562.5, 50000.0], [101590.0, 36390.0], [101620.0, 10.0], [101662.5, 50000.0]]}}}
{"jsonrpc": "2.0", "method": "subscription", "params": {"channel": "book.BTC-7NOV25.none.20.100ms", "data": {"timestamp": 1762460980336, "change_id": 125658436081, "instrument_name": "BTC-7NOV25", "bids": [[101005.0, 10000.0], [100997.5, 1460.0], [100995.0, 4900.0], [100975.0, 40620.0], [100972.5, 72700.0], [100970.0, 72690.0], [100900.0, 7310.0], [100897.5, 24480.0], [100875.0, 710.0], [100872.5, 2370.0], [100850.0, 7570.0], [100847.5, 25370.0], [100840.0, 13340.0], [100837.5, 44690.0], [100830.0, 7290.0], [100827.5, 24410.0], [100820.0, 2840.0], [100817.5, 9500.0], [100757.5, 11350.0], [100755.0, 38010.0]], "asks": [[101007.5, 6000.0], [101020.0, 1430.0], [101022.5, 4740.0], [101025.0, 60.0], [101030.0, 2990.0], [101032.5, 10000.0], [101037.5, 160.0], [101047.5, 890.0], [101050.0, 2990.0], [101055.0, 70.0], [101062.5, 900.0], [101065.0, 3000.0], [101077.5, 890.0], [101080.0, 2990.0], [101092.5, 900.0], [101095.0, 3000.0], [101097.5, 7370.0], [101100.0, 24680.0], [101107.5, 25530.0], [101110.0, 2990.0]]}}}
{"jsonrpc": "2.0", "method": "subscription", "params": {"channel": "book.BTC-14NOV25.none.20.100ms", "data": {"timestamp": 1762460980867, "change_id": 125658436961, "instrument_name": "BTC-14NOV25", "bids": [[101027.5, 10000.0], [101012.5, 160.0], [100997.5, 1410.0], [100995.0, 4740.0], [100935.0, 710.0], [100932.5, 2370.0], [100930.0, 4870.0], [100927.5, 16300.0], [100900.0, 2840.0], [100897.5, 9500.0], [100895.0, 13340.0], [100892.5, 44690.0], [100887.5, 5640.0], [100885.0, 18910.0], [100872.5, 1900.0], [100870.0, 6370.0], [100830.0, 10.0], [100805.0, 11350.0], [100802.5, 38010.0], [100760.0, 10.0]], "asks": [[101030.0, 4740.0], [101045.0, 2990.0], [101047.5, 10000.0], [101057.5, 160.0], [101120.0, 4930.0], [101122.5, 16520.0], [101142.5, 16560.0], [101145.0, 57600.0], [101147.5, 4410.0], [101242.5, 1900.0], [101265.0, 44210.0], [101350.0, 500.0], [101360.0, 50000.0], [101380.0, 19050.0], [101400.0, 1750.0], [101477.5, 38210.0], [101562.5, 50000.0], [101590.0, 36390.0], [101620.0, 10.0], [101662.5, 50000.0]]}}}
{"jsonrpc": "2.0", "method": "subscription", "params": {"channel": "book.BTC-14NOV25.none.20.100ms", "data": {"timestamp": 1762460980971, "change_id": 125658437354, "instrument_name": "BTC-14NOV25", "bids": [[101027.5, 10000.0], [101012.5, 160.0], [100997.5, 1410.0], [100995.0, 4740.0], [100935.0, 3450.0], [100932.5, 11870.0], [100930.0, 4870.0], [100927.5, 16300.0], [100895.0, 13340.0], [100892.5, 44690.0], [100887.5, 5640.0], [100885.0, 18910.0], [100872.5, 1900.0], [100870.0, 6370.0], [100830.0, 10.0], [100805.0, 11350.0], [100802.5, 38010.0], [100760.0, 10.0], [100755.0, 40.0], [100752.5, 14930.0]], "asks": [[101030.0, 4740.0], [101045.0, 2990.0], [101047.5, 10000.0], [101057.5, 160.0], [101120.0, 4930.0], [101122.5, 16520.0], [101142.5, 16560.0], [101145.0, 57600.0], [101147.5, 4410.0], [101242.5, 1900.0], [101265.0, 44210.0], [101350.0, 500.0], [101360.0, 50000.0], [101380.0, 19050.0], [101400.0, 1750.0], [101477.5, 38210.0], [101562.5, 50000.0], [101590.0, 36390.0], [101620.0, 10.0], [101662.5, 50000.0]]}}}
{"jsonrpc": "2.0", "method": "subscription", "params": {"channel": "book.BTC-14NOV25.none.20.100ms", "data": {"timestamp": 1762460981599, "change_id": 125658438957, "instrument_name": "BTC-14NOV25", "bids": [[101037.5, 2990.0], [101035.0, 10000.0], [101012.5, 4900.0], [100935.0, 3450.0], [100932.5, 11870.0], [100930.0, 4870.0], [100927.5, 16300.0], [100895.0, 13340.0], [100892.5, 44690.0], [100887.5, 5640.0], [100885.0, 18910.0], [100875.0, 1900.0], [100872.5, 6370.0], [100830.0, 10.0], [100805.0, 11350.0], [100802.5, 38010.0], [100760.0, 10.0], [100755.0, 40.0], [100752.5, 14930.0], [100750.0, 50000.0]], "asks": [[101057.5, 160.0], [101067.5, 2990.0], [101070.0, 10000.0], [101120.0, 4930.0], [101122.5, 16520.0], [101142.5, 16560.0], [101145.0, 57600.0], [101147.5, 4410.0], [101240.0, 570.0], [101242.5, 1900.0], [101265.0, 44210.0], [101350.0, 500.0], [101360.0, 50000.0], [101380.0, 19050.0], [101400.0, 1750.0], [101477.5, 38210.0], [101562.5, 50000.0], [101590.0, 36390.0], [101620.0, 10.0], [101662.5, 50000.0]]}}}
{"jsonrpc": "2.0", "method": "subscription", "params": {"channel": "book.BTC-7NOV25.none.20.100ms", "data": {"timestamp": 1762460981520, "change_id": 125658438626, "instrument_name": "BTC-7NOV25", "bids": [[101005.0, 14740.0], [100995.0, 160.0], [100975.0, 40620.0], [100972.5, 72700.0], [100970.0, 72690.0], [100900.0, 7310.0], [100897.5, 24480.0], [100875.0, 710.0], [100872.5, 2370.0], [100850.0, 7570.0], [100847.5, 25370.0], [100840.0, 13340.0], [100837.5, 44690.0], [100830.0, 7290.0], [100827.5, 24410.0], [100820.0, 2840.0], [100817.5, 9500.0], [100757.5, 11350.0], [100755.0, 38010.0], [100752.5, 15340.0]], "asks": [[101007.5, 6000.0], [101025.0, 60.0], [101037.5, 160.0], [101047.5, 890.0], [101050.0, 6000.0], [101052.5, 10000.0], [101055.0, 70.0], [101077.5, 890.0], [101080.0, 2990.0], [101092.5, 3000.0], [101097.5, 7370.0], [101100.0, 24680.0], [101105.0, 8510.0], [101107.5, 25530.0], [101110.0, 2990.0], [101122.5, 3000.0], [101152.5, 3000.0], [101162.5, 45040.0], [101172.5, 4410.0], [101212.5, 1380.0]]}}}
{"jsonrpc": "2.0", "method": "subscription", "params": {"channel": "book.BTC-14NOV25.none.20.100ms", "data": {"timestamp": 1762460981768, "change_id": 125658439358, "instrument_name": "BTC-14NOV25", "bids": [[101037.5, 2990.0], [101035.0, 10000.0], [101025.0, 160.0], [101015.0, 1460.0], [101012.5, 4740.0], [100935.0, 3450.0], [100932.5, 11870.0], [100930.0, 4870.0], [100927.5, 16300.0], [100895.0, 13340.0], [100892.5, 44690.0], [100887.5, 5640.0], [100885.0, 18910.0], [100875.0, 1900.0], [100872.5, 6370.0], [100830.0, 10.0], [100805.0, 11350.0], [100802.5, 38010.0], [100760.0, 10.0], [100755.0, 40.0]], "asks": [[101045.0, 4740.0], [101057.5, 160.0], [101060.0, 2990.0], [101062.5, 10000.0], [101120.0, 4930.0], [101122.5, 16520.0], [101142.5, 16560.0], [101145.0, 57600.0], [101147.5, 4410.0], [101240.0, 570.0], [101242.5, 1900.0], [101265.0, 44210.0], [101350.0, 500.0], [101360.0, 50000.0], [101380.0, 19050.0], [101400.0, 1750.0], [101477.5, 38210.0], [101562.5, 50000.0], [101590.0, 36390.0], [101620.0, 10.0]]}}}
{"jsonrpc": "2.0", "method": "subscription", "params": {"channel": "book.BTC-7NOV25.none.20.100ms", "data": {"timestamp": 1762460981922, "change_id": 125658439777, "instrument_name": "BTC-7NOV25", "bids": [[101005.0, 14740.0], [100995.0, 160.0], [100900.0, 7310.0], [100897.5, 24480.0], [100875.0, 710.0], [100872.5, 2370.0], [100850.0, 7570.0], [100847.5, 25370.0], [100840.0, 13340.0], [100837.5, 44690.0], [100830.0, 7290.0], [100827.5, 24410.0], [100820.0, 2840.0], [100817.5, 9500.0], [100757.5, 11350.0], [100755.0, 38010.0], [100752.5, 15340.0], [100750.0, 51400.0], [100717.5, 500.0], [100710.0, 4000.0]], "asks": [[101007.5, 6000.0], [101025.0, 60.0], [101037.5, 1570.0], [101040.0, 4740.0], [101047.5, 890.0], [101050.0, 6000.0], [101052.5, 10000.0], [101055.0, 70.0], [101077.5, 890.0], [101080.0, 5990.0], [101097.5, 7370.0], [101100.0, 24680.0], [101105.0, 8510.0], [101107.5, 25530.0], [101110.0, 5990.0], [101140.0, 3000.0], [101162.5, 45040.0], [101172.5, 4410.0], [101212.5, 1380.0], [101305.0, 500.0]]}}}
{"jsonrpc": "2.0", "method": "subscription", "params": {"channel": "book.BTC-14NOV25.none.20.100ms", "data": {"timestamp": 1762460981945, "change_id": 125658439814, "instrument_name": "BTC-14NOV25", "bids": [[101037.5, 2990.0], [101035.0, 10000.0], [101025.0, 160.0], [101010.0, 1410.0], [101007.5, 4740.0], [100935.0, 3450.0], [100932.5, 11870.0], [100930.0, 4870.0], [100927.5, 16300.0], [100895.0, 13340.0], [100892.5, 44690.0], [100887.5, 5640.0], [100885.0, 18910.0], [100875.0, 1900.0], [100872.5, 6370.0], [100830.0, 10.0], [100805.0, 11350.0], [100802.5, 38010.0], [100760.0, 10.0], [100755.0, 40.0]], "asks": [[101045.0, 4740.0], [101057.5, 160.0], [101060.0, 2990.0], [101062.5, 10000.0], [101120.0, 4930.0], [101122.5, 16520.0], [101142.5, 16560.0], [101145.0, 57600.0], [101147.5, 4410.0], [101240.0, 570.0], [101242.5, 1900.0], [101265.0, 44210.0], [101350.0, 500.0], [101360.0, 50000.0], [101380.0, 19050.0], [101400.0, 1750.0], [101477.5, 38210.0], [101562.5, 50000.0], [101590.0, 36390.0], [101620.0, 10.0]]}}}
{"jsonrpc": "2.0", "method": "subscription", "params": {"channel": "book.BTC-7NOV25.none.20.100ms", "data": {"timestamp": 1762460982006, "change_id": 125658440098, "instrument_name": "BTC-7NOV25", "bids": [[101005.0, 14740.0], [100995.0, 160.0], [100900.0, 7310.0], [100897.5, 24480.0], [100875.0, 710.0], [100872.5, 2370.0], [100850.0, 7570.0], [100847.5, 25370.0], [100840.0, 13340.0], [100837.5, 44690.0], [100830.0, 7290.0], [100827.5, 24410.0], [100820.0, 2840.0], [100817.5, 9500.0], [100757.5, 11350.0], [100755.0, 38010.0], [100752.5, 15340.0], [100750.0, 51400.0], [100717.5, 500.0], [100710.0, 4000.0]], "asks": [[101007.5, 6000.0], [101025.0, 60.0], [101037.5, 1570.0], [101040.0, 4740.0], [101045.0, 10000.0], [101047.5, 890.0], [101050.0, 2990.0], [101055.0, 70.0], [101077.5, 890.0], [101080.0, 5990.0], [101097.5, 7370.0], [101100.0, 24680.0], [101105.0, 8510.0], [101107.5, 25530.0], [101110.0, 5990.0], [101140.0, 3000.0], [101162.5, 45040.0], [101172.5, 4410.0], [101212.5, 1380.0], [101305.0, 500.0]]}}}
{"jsonrpc": "2.0", "method": "subscription", "params": {"channel": "book.BTC-14NOV25.none.20.100ms", "data": {"timestamp": 1762460982393, "change_id": 125658440847, "instrument_name": "BTC-14NOV25", "bids": [[101037.5, 2990.0], [101035.0, 10000.0], [101025.0, 160.0], [101010.0, 1410.0], [101007.5, 4740.0], [100935.0, 3450.0], [100932.5, 11870.0], [100930.0, 4870.0], [100927.5, 16300.0], [100895.0, 13340.0], [100892.5, 44690.0], [100887.5, 5640.0], [100885.0, 18910.0], [100875.0, 1900.0], [100872.5, 6370.0], [100830.0, 10.0], [100805.0, 11350.0], [100802.5, 38010.0], [100760.0, 10.0], [100755.0, 40.0]], "asks": [[101045.0, 4740.0], [101052.5, 2990.0], [101055.0, 10000.0], [101057.5, 160.0], [101070.0, 34970.0], [101072.5, 50000.0], [101075.0, 67150.0], [101120.0, 4930.0], [101122.5, 16520.0], [101142.5, 1870.0], [101145.0, 7600.0], [101147.5, 4410.0], [101240.0, 570.0], [101242.5, 1900.0], [101265.0, 44210.0], [101350.0, 500.0], [101360.0, 50000.0], [101380.0, 19050.0], [101400.0, 1750.0], [101477.5, 38210.0]]}}}
{"jsonrpc": "2.0", "method": "subscription", "params": {"channel": "book.BTC-7NOV25.none.20.100ms", "data": {"timestamp": 1762460982350, "change_id": 125658440884, "instrument_name": "BTC-7NOV25", "bids": [[101005.0, 14740.0], [100995.0, 160.0], [100900.0, 7310.0], [100897.5, 24480.0], [100875.0, 710.0], [100872.5, 2370.0], [100852.5, 2840.0], [100850.0, 17070.0], [100847.5, 25370.0], [100840.0, 13340.0], [100837.5, 44690.0], [100830.0, 7290.0], [100827.5, 24410.0], [100757.5, 11350.0], [100755.0, 38010.0], [100752.5, 15340.0], [100750.0, 51400.0], [100717.5, 500.0], [100710.0, 4000.0], [100697.5, 10.0]], "asks": [[101007.5, 6000.0], [101025.0, 60.0], [101037.5, 1570.0], [101040.0, 4740.0], [101045.0, 10000.0], [101047.5, 890.0], [101050.0, 2990.0], [101055.0, 70.0], [101077.5, 890.0], [101080.0, 5990.0], [101097.5, 7370.0], [101100.0, 24680.0], [101105.0, 8510.0], [101107.5, 25530.0], [101110.0, 5990.0], [101140.0, 3000.0], [101162.5, 45040.0], [101172.5, 4410.0], [101212.5, 1380.0], [101305.0, 500.0]]}}}
{"jsonrpc": "2.0", "method": "subscription", "params": {"channel": "book.BTC-7NOV25.none.20.100ms", "data": {"timestamp": 1762460982710, "change_id": 125658441659, "instrument_name": "BTC-7NOV25", "bids": [[101005.0, 14740.0], [100995.0, 160.0], [100985.0, 21700.0], [100982.5, 72700.0], [100900.0, 7310.0], [100897.5, 24480.0], [100875.0, 710.0], [100872.5, 2370.0], [100852.5, 2840.0], [100850.0, 17070.0], [100847.5, 25370.0], [100840.0, 13340.0], [100837.5, 44690.0], [100830.0, 7290.0], [100827.5, 24410.0], [100757.5, 11350.0], [100755.0, 38010.0], [100752.5, 15340.0], [100750.0, 51400.0], [100717.5, 500.0]], "asks": [[101007.5, 6000.0], [101025.0, 60.0], [101037.5, 1570.0], [101040.0, 4740.0], [101045.0, 10000.0], [101047.5, 890.0], [101050.0, 2990.0], [101055.0, 70.0], [101077.5, 890.0], [101080.0, 5990.0], [101097.5, 7370.0], [101100.0, 24680.0], [101105.0, 8510.0], [101107.5, 25530.0], [101110.0, 5990.0], [101140.0, 3000.0], [101162.5, 45040.0], [101172.5, 4410.0], [101212.5, 1380.0], [101305.0, 500.0]]}}}
{"jsonrpc": "2.0", "method": "subscription", "params": {"channel": "book.BTC-14NOV25.none.20.100ms", "data": {"timestamp": 1762460983239, "change_id": 125658442341, "instrument_name": "BTC-14NOV25", "bids": [[101037.5, 2990.0], [101035.0, 10000.0], [101025.0, 160.0], [101010.0, 1410.0], [101007.5, 4740.0], [100935.0, 3450.0], [100932.5, 11870.0], [100930.0, 4870.0], [100927.5, 16300.0], [100895.0, 13340.0], [100892.5, 44690.0], [100887.5, 5640.0], [100885.0, 18910.0], [100875.0, 1900.0], [100872.5, 6370.0], [100830.0, 10.0], [100805.0, 11350.0], [100802.5, 38010.0], [100760.0, 10.0], [100755.0, 40.0]], "asks": [[101045.0, 4740.0], [101057.5, 160.0], [101062.5, 2990.0], [101065.0, 10000.0], [101070.0, 34970.0], [101072.5, 50000.0], [101075.0, 67150.0], [101120.0, 4930.0], [101122.5, 16520.0], [101142.5, 1870.0], [101145.0, 7600.0], [101147.5, 4410.0], [101240.0, 570.0], [101242.5, 1900.0], [101265.0, 44210.0], [101350.0, 500.0], [101360.0, 50000.0], [101380.0, 19050.0], [101400.0, 1750.0], [101477.5, 38210.0]]}}}
{"jsonrpc": "2.0", "method": "subscription", "params": {"channel": "book.BTC-7NOV25.none.20.100ms", "data": {"timestamp": 1762460982926, "change_id": 125658441880, "instrument_name": "BTC-7NOV25", "bids": [[101005.0, 14740.0], [100995.0, 160.0], [100985.0, 21700.0], [100982.5, 72700.0], [100980.0, 21700.0], [100977.5, 72700.0], [100900.0, 7310.0], [100897.5, 24480.0], [100875.0, 710.0], [100872.5, 2370.0], [100852.5, 2840.0], [100850.0, 17070.0], [100847.5, 25370.0], [100840.0, 13340.0], [100837.5, 44690.0], [100830.0, 7290.0], [100827.5, 24410.0], [100757.5, 11350.0], [100755.0, 38010.0], [100752.5, 15340.0]], "asks": [[101007.5, 6000.0], [101025.0, 60.0], [101037.5, 1570.0], [101040.0, 4740.0], [101045.0, 10000.0], [101047.5, 890.0], [101050.0, 2990.0], [101055.0, 70.0], [101077.5, 890.0], [101080.0, 5990.0], [101097.5, 7370.0], [101100.0, 24680.0], [101105.0, 8510.0], [101107.5, 25530.0], [101110.0, 5990.0], [101140.0, 3000.0], [101162.5, 45040.0], [101172.5, 4410.0], [101212.5, 1380.0], [101305.0, 500.0]]}}}
{"jsonrpc": "2.0", "method": "subscription", "params": {"channel": "book.BTC-14NOV25.none.20.100ms", "data": {"timestamp": 1762460983374, "change_id": 125658442960, "instrument_name": "BTC-14NOV25", "bids": [[101042.5, 10000.0], [101025.0, 160.0], [101017.5, 1410.0], [101015.0, 4740.0], [100935.0, 3450.0], [100932.5, 11870.0], [100930.0, 4870.0], [100927.5, 16300.0], [100895.0, 13340.0], [100892.5, 44690.0], [100887.5, 5640.0], [100885.0, 18910.0], [100875.0, 1900.0], [100872.5, 6370.0], [100830.0, 10.0], [100805.0, 11350.0], [100802.5, 38010.0], [100760.0, 10.0], [100755.0, 40.0], [100752.5, 14930.0]], "asks": [[101045.0, 4740.0], [101057.5, 160.0], [101062.5, 2990.0], [101065.0, 10000.0], [101070.0, 34970.0], [101072.5, 50000.0], [101075.0, 67150.0], [101120.0, 4930.0], [101122.5, 16520.0], [101142.5, 1870.0], [101145.0, 7600.0], [101147.5, 4410.0], [101240.0, 570.0], [101242.5, 1900.0], [101265.0, 44210.0], [101350.0, 500.0], [101360.0, 50000.0], [101380.0, 19050.0], [101400.0, 1750.0], [101477.5, 38210.0]]}}}
{"jsonrpc": "2.0", "method": "subscription", "params": {"channel": "book.BTC-14NOV25.none.20.100ms", "data": {"timestamp": 1762460984845, "change_id": 125658446039, "instrument_name": "BTC-14NOV25", "bids": [[101042.5, 10000.0], [101025.0, 160.0], [101010.0, 1410.0], [101007.5, 4740.0], [100935.0, 3450.0], [100932.5, 11870.0], [100930.0, 4870.0], [100927.5, 16300.0], [100895.0, 13340.0], [100892.5, 44690.0], [100887.5, 5640.0], [100885.0, 18910.0], [100875.0, 1900.0], [100872.5, 6370.0], [100830.0, 10.0], [100805.0, 11350.0], [100802.5, 38010.0], [100760.0, 10.0], [100755.0, 40.0], [100752.5, 14930.0]], "asks": [[101045.0, 4740.0], [101055.0, 3030.0], [101057.5, 10160.0], [101070.0, 34970.0], [101072.5, 50000.0], [101075.0, 67150.0], [101120.0, 4930.0], [101122.5, 16520.0], [101142.5, 1870.0], [101145.0, 7600.0], [101147.5, 4410.0], [101240.0, 570.0], [101242.5, 1900.0], [101265.0, 44210.0], [101350.0, 500.0], [101360.0, 50000.0], [101380.0, 19050.0], [101400.0, 1750.0], [101477.5, 38210.0], [101562.5, 50000.0]]}}}
{"jsonrpc": "2.0", "method": "subscription", "params": {"channel": "book.BTC-7NOV25.none.20.100ms", "data": {"timestamp": 1762460984624, "change_id": 125658446035, "instrument_name": "BTC-7NOV25", "bids": [[101015.0, 10000.0], [101007.5, 1410.0], [101005.0, 4740.0], [100995.0, 160.0], [100985.0, 21700.0], [100982.5, 72700.0], [100980.0, 21700.0], [100977.5, 72700.0], [100900.0, 7310.0], [100897.5, 24480.0], [100875.0, 710.0], [100872.5, 2370.0], [100852.5, 2840.0], [100850.0, 17070.0], [100847.5, 25370.0], [100840.0, 13340.0], [100837.5, 44690.0], [100830.0, 7290.0], [100827.5, 24410.0], [100757.5, 11350.0]], "asks": [[101017.5, 3000.0], [101025.0, 60.0], [101030.0, 1410.0], [101032.5, 4740.0], [101037.5, 160.0], [101042.5, 2990.0], [101045.0, 10000.0], [101047.5, 890.0], [101050.0, 2990.0], [101055.0, 70.0], [101077.5, 1670.0], [101080.0, 5990.0], [101097.5, 7370.0], [101100.0, 24680.0], [101105.0, 8510.0], [101107.5, 25530.0], [101110.0, 5990.0], [101140.0, 3000.0], [101162.5, 45040.0], [101172.5, 4410.0]]}}}
{"jsonrpc": "2.0", "method": "subscription", "params": {"channel": "book.BTC-14NOV25.none.20.100ms", "data": {"timestamp": 1762460984941, "change_id": 125658446161, "instrument_name": "BTC-14NOV25", "bids": [[101042.5, 10000.0], [101025.0, 160.0], [101010.0, 1410.0], [101007.5, 4740.0], [100937.5, 5640.0], [100935.0, 22360.0], [100932.5, 11870.0], [100930.0, 4870.0], [100927.5, 16300.0], [100900.0, 1900.0], [100897.5, 6370.0], [100895.0, 13340.0], [100892.5, 44690.0], [100830.0, 10.0], [100805.0, 11350.0], [100802.5, 38010.0], [100760.0, 10.0], [100755.0, 40.0], [100752.5, 14930.0], [100750.0, 50000.0]], "asks": [[101045.0, 4740.0], [101055.0, 3030.0], [101057.5, 10160.0], [101070.0, 34970.0], [101072.5, 50000.0], [101075.0, 67150.0], [101120.0, 4930.0], [101122.5, 16520.0], [101142.5, 1870.0], [101145.0, 7600.0], [101147.5, 4410.0], [101240.0, 570.0], [101242.5, 1900.0], [101265.0, 44210.0], [101350.0, 500.0], [101360.0, 50000.0], [101380.0, 19050.0], [101400.0, 1750.0], [101477.5, 38210.0], [101562.5, 50000.0]]}}}
{"jsonrpc": "2.0", "method": "subscription", "params": {"channel": "book.BTC-7NOV25.none.20.100ms", "data": {"timestamp": 1762460985187, "change_id": 125658446490, "instrument_name": "BTC-7NOV25", "bids": [[101015.0, 10000.0], [101005.0, 4740.0], [100995.0, 160.0], [100985.0, 21700.0], [100982.5, 72700.0], [100980.0, 21700.0], [100977.5, 72700.0], [100900.0, 7310.0], [100897.5, 24480.0], [100880.0, 7570.0], [100877.5, 25370.0], [100875.0, 710.0], [100872.5, 2370.0], [100852.5, 2840.0], [100850.0, 9500.0], [100840.0, 13340.0], [100837.5, 44690.0], [100830.0, 7290.0], [100827.5, 24410.0], [100757.5, 11350.0]], "asks": [[101017.5, 3000.0], [101025.0, 60.0], [101030.0, 1410.0], [101032.5, 4740.0], [101037.5, 160.0], [101042.5, 2990.0], [101045.0, 10000.0], [101047.5, 890.0], [101050.0, 2990.0], [101055.0, 70.0], [101077.5, 1670.0], [101080.0, 5990.0], [101097.5, 7370.0], [101100.0, 24680.0], [101105.0, 8510.0], [101107.5, 25530.0], [101110.0, 5990.0], [101140.0, 3000.0], [101162.5, 45040.0], [101172.5, 4410.0]]}}}
{"jsonrpc": "2.0", "method": "subscription", "params": {"channel": "book.BTC-14NOV25.none.20.100ms", "data": {"timestamp": 1762460985448, "change_id": 125658446775, "instrument_name": "BTC-14NOV25", "bids": [[101042.5, 10000.0], [101025.0, 160.0], [101010.0, 1410.0], [101007.5, 4740.0], [100937.5, 5640.0], [100935.0, 22360.0], [100932.5, 11870.0], [100930.0, 4870.0], [100927.5, 16300.0], [100900.0, 1900.0], [100897.5, 6370.0], [100895.0, 13340.0], [100892.5, 44690.0], [100830.0, 10.0], [100805.0, 11350.0], [100802.5, 38010.0], [100760.0, 10.0], [100755.0, 40.0], [100752.5, 14930.0], [100750.0, 50000.0]], "asks": [[101045.0, 4740.0], [101055.0, 3030.0], [101057.5, 10160.0], [101070.0, 34970.0], [101072.5, 50000.0], [101075.0, 67150.0], [101120.0, 4930.0], [101122.5, 16520.0], [101142.5, 1870.0], [101145.0, 7600.0], [101147.5, 4410.0], [101240.0, 570.0], [101242.5, 1900.0], [101265.0, 44210.0], [101350.0, 500.0], [101360.0, 50000.0], [101380.0, 19050.0], [101400.0, 1750.0], [101477.5, 38210.0], [101562.5, 50000.0]]}}}
{"jsonrpc": "2.0", "method": "subscription", "params": {"channel": "book.BTC-7NOV25.none.20.100ms", "data": {"timestamp": 1762460985549, "change_id": 125658446996, "instrument_name": "BTC-7NOV25", "bids": [[101015.0, 10000.0], [101005.0, 4740.0], [100995.0, 160.0], [100985.0, 21700.0], [100982.5, 72700.0], [100980.0, 21700.0], [100977.5, 72700.0], [100900.0, 7310.0], [100897.5, 24480.0], [100880.0, 7570.0], [100877.5, 25370.0], [100875.0, 710.0], [100872.5, 2370.0], [100852.5, 2840.0], [100850.0, 9500.0], [100840.0, 13340.0], [100837.5, 44690.0], [100830.0, 7290.0], [100827.5, 24410.0], [100757.5, 11350.0]], "asks": [[101017.5, 3000.0], [101025.0, 60.0], [101030.0, 1410.0], [101032.5, 4740.0], [101037.5, 160.0], [101042.5, 2990.0], [101045.0, 10000.0], [101047.5, 890.0], [101050.0, 2990.0], [101055.0, 70.0], [101077.5, 1670.0], [101080.0, 5990.0], [101097.5, 7370.0], [101100.0, 24680.0], [101105.0, 8510.0], [101107.5, 25530.0], [101110.0, 5990.0], [101140.0, 3000.0], [101162.5, 45040.0], [101172.5, 4410.0]]}}}
{"jsonrpc": "2.0", "method": "subscription", "params": {"channel": "book.BTC-14NOV25.none.20.100ms", "data": {"timestamp": 1762460985881, "change_id": 125658447639, "instrument_name": "BTC-14NOV25", "bids": [[101042.5, 10000.0], [101025.0, 160.0], [101010.0, 1410.0], [101007.5, 4740.0], [100937.5, 5640.0], [100935.0, 22360.0], [100932.5, 11870.0], [100930.0, 4870.0], [100927.5, 16300.0], [100900.0, 1900.0], [100897.5, 6370.0], [100895.0, 13340.0], [100892.5, 44690.0], [100830.0, 10.0], [100805.0, 11350.0], [100802.5, 38010.0], [100760.0, 10.0], [100755.0, 40.0], [100752.5, 14930.0], [100750.0, 50000.0]], "asks": [[101045.0, 4740.0], [101055.0, 3030.0], [101057.5, 10160.0], [101070.0, 34970.0], [101072.5, 50000.0], [101075.0, 67150.0], [101120.0, 4930.0], [101122.5, 16520.0], [101142.5, 1870.0], [101145.0, 7600.0], [101147.5, 4410.0], [101265.0, 44210.0], [101350.0, 500.0], [101360.0, 50000.0], [101380.0, 19050.0], [101400.0, 1750.0], [101477.5, 38210.0], [101562.5, 50000.0], [101590.0, 36390.0], [101620.0, 10.0]]}}}
{"jsonrpc": "2.0", "method": "subscription", "params": {"channel": "book.BTC-14NOV25.none.20.100ms", "data": {"timestamp": 1762460986216, "change_id": 125658448353, "instrument_name": "BTC-14NOV25", "bids": [[101032.5, 10000.0], [101010.0, 160.0], [101000.0, 4740.0], [100937.5, 5640.0], [100935.0, 22360.0], [100932.5, 11870.0], [100930.0, 4870.0], [100927.5, 16300.0], [100900.0, 1900.0], [100897.5, 6370.0], [100895.0, 13340.0], [100892.5, 44690.0], [100830.0, 10.0], [100805.0, 11350.0], [100802.5, 38010.0], [100760.0, 10.0], [100755.0, 40.0], [100752.5, 14930.0], [100750.0, 50000.0], [100737.5, 500.0]], "asks": [[101037.5, 4740.0], [101047.5, 2990.0], [101050.0, 10000.0], [101057.5, 160.0], [101070.0, 34970.0], [101072.5, 50000.0], [101075.0, 119660.0], [101077.5, 1360.0], [101080.0, 4540.0], [101120.0, 4930.0], [101122.5, 16520.0], [101142.5, 1870.0], [101145.0, 6280.0], [101265.0, 44210.0], [101350.0, 500.0], [101360.0, 50000.0], [101380.0, 19050.0], [101400.0, 1750.0], [101477.5, 38210.0], [101562.5, 50000.0]]}}}
{"jsonrpc": "2.0", "method": "subscription", "params": {"channel": "book.BTC-7NOV25.none.20.100ms", "data": {"timestamp": 1762460986108, "change_id": 125658448101, "instrument_name": "BTC-7NOV25", "bids": [[101015.0, 10000.0], [100997.5, 4740.0], [100995.0, 160.0], [100985.0, 21700.0], [100982.5, 72700.0], [100980.0, 21700.0], [100977.5, 72700.0], [100900.0, 7310.0], [100897.5, 24480.0], [100880.0, 7570.0], [100877.5, 25370.0], [100875.0, 710.0], [100872.5, 2370.0], [100852.5, 2840.0], [100850.0, 9500.0], [100840.0, 13340.0], [100837.5, 44690.0], [100830.0, 7290.0], [100827.5, 24410.0], [100757.5, 11350.0]], "asks": [[101017.5, 3000.0], [101022.5, 1430.0], [101025.0, 4800.0], [101035.0, 3030.0], [101037.5, 10160.0], [101047.5, 890.0], [101050.0, 2990.0], [101055.0, 70.0], [101077.5, 1670.0], [101080.0, 5990.0], [101097.5, 7370.0], [101100.0, 24680.0], [101105.0, 8510.0], [101107.5, 25530.0], [101110.0, 5990.0], [101140.0, 3000.0], [101162.5, 45040.0], [101172.5, 4410.0], [101212.5, 1380.0], [101305.0, 500.0]]}}}
{"jsonrpc": "2.0", "method": "subscription", "params": {"channel": "book.BTC-14NOV25.none.20.100ms", "data": {"timestamp": 1762460986410, "change_id": 125658448590, "instrument_name": "BTC-14NOV25", "bids": [[101032.5, 10000.0], [101010.0, 160.0], [101002.5, 1410.0], [101000.0, 4740.0], [100942.5, 710.0], [100940.0, 2370.0], [100937.5, 5640.0], [100935.0, 22360.0], [100932.5, 9500.0], [100930.0, 4870.0], [100927.5, 16300.0], [100900.0, 1900.0], [100897.5, 6370.0], [100895.0, 13340.0], [100892.5, 44690.0], [100830.0, 10.0], [100805.0, 11350.0], [100802.5, 38010.0], [100760.0, 10.0], [100755.0, 40.0]], "asks": [[101037.5, 4740.0], [101047.5, 2990.0], [101050.0, 10000.0], [101057.5, 160.0], [101070.0, 34970.0], [101072.5, 50000.0], [101075.0, 119660.0], [101077.5, 1360.0], [101080.0, 4540.0], [101120.0, 4930.0], [101122.5, 16520.0], [101142.5, 1870.0], [101145.0, 6280.0], [101265.0, 46110.0], [101350.0, 500.0], [101360.0, 50000.0], [101380.0, 19050.0], [101400.0, 1750.0], [101477.5, 38210.0], [101562.5, 50000.0]]}}}
{"jsonrpc": "2.0", "method": "subscription", "params": {"channel": "book.BTC-7NOV25.none.20.100ms", "data": {"timestamp": 1762460986378, "change_id": 125658448486, "instrument_name": "BTC-7NOV25", "bids": [[101015.0, 10000.0], [100997.5, 1460.0], [100995.0, 4900.0], [100985.0, 21700.0], [100982.5, 72700.0], [100980.0, 21700.0], [100977.5, 72700.0], [100900.0, 7310.0], [100897.5, 24480.0], [100880.0, 7570.0], [100877.5, 25370.0], [100875.0, 710.0], [100872.5, 2370.0], [100852.5, 2840.0], [100850.0, 9500.0], [100840.0, 13340.0], [100837.5, 44690.0], [100830.0, 7290.0], [100827.5, 24410.0], [100757.5, 11350.0]], "asks": [[101017.5, 3000.0], [101022.5, 1430.0], [101025.0, 4800.0], [101035.0, 3030.0], [101037.5, 10160.0], [101047.5, 890.0], [101050.0, 2990.0], [101055.0, 70.0], [101077.5, 1670.0], [101080.0, 5990.0], [101097.5, 7370.0], [101100.0, 24680.0], [101105.0, 8510.0], [101107.5, 25530.0], [101110.0, 5990.0], [101140.0, 3000.0], [101162.5, 45040.0], [101172.5, 4410.0], [101212.5, 1380.0], [101305.0, 500.0]]}}}
{"jsonrpc": "2.0", "method": "subscription", "params": {"channel": "book.BTC-7NOV25.none.20.100ms", "data": {"timestamp": 1762460986750, "change_id": 125658449249, "instrument_name": "BTC-7NOV25", "bids": [[101015.0, 10000.0], [100997.5, 1460.0], [100995.0, 4900.0], [100985.0, 21700.0], [100982.5, 72700.0], [100980.0, 21700.0], [100977.5, 72700.0], [100900.0, 7310.0], [100897.5, 24480.0], [100880.0, 7570.0], [100877.5, 25370.0], [100875.0, 710.0], [100872.5, 2370.0], [100852.5, 2840.0], [100850.0, 9500.0], [100840.0, 13340.0], [100837.5, 44690.0], [100830.0, 7290.0], [100827.5, 24410.0], [100757.5, 11350.0]], "asks": [[101017.5, 3000.0], [101022.5, 1430.0], [101025.0, 4800.0], [101027.5, 2990.0], [101030.0, 10000.0], [101037.5, 160.0], [101047.5, 890.0], [101050.0, 2990.0], [101055.0, 70.0], [101077.5, 1670.0], [101080.0, 5990.0], [101097.5, 7370.0], [101100.0, 24680.0], [101105.0, 8510.0], [101107.5, 25530.0], [101110.0, 5990.0], [101140.0, 3000.0], [101162.5, 45040.0], [101172.5, 4410.0], [101212.5, 1380.0]]}}}
{"jsonrpc": "2.0", "method": "subscription", "params": {"channel": "book.BTC-14NOV25.none.20.100ms", "data": {"timestamp": 1762460987817, "change_id": 125658451133, "instrument_name": "BTC-14NOV25", "bids": [[101010.0, 160.0], [101002.5, 1410.0], [101000.0, 4740.0], [100942.5, 710.0], [100940.0, 2370.0], [100937.5, 5640.0], [100935.0, 22360.0], [100932.5, 9500.0], [100930.0, 4870.0], [100927.5, 16300.0], [100900.0, 1900.0], [100897.5, 6370.0], [100895.0, 13340.0], [100892.5, 44690.0], [100830.0, 10.0], [100805.0, 11350.0], [100802.5, 38010.0], [100760.0, 10.0], [100755.0, 40.0], [100752.5, 14930.0]], "asks": [[101030.0, 4740.0], [101045.0, 160.0], [101047.5, 2990.0], [101050.0, 10000.0], [101070.0, 34970.0], [101072.5, 50000.0], [101075.0, 119660.0], [101077.5, 1360.0], [101080.0, 4540.0], [101120.0, 4930.0], [101122.5, 16520.0], [101142.5, 1870.0], [101145.0, 6280.0], [101265.0, 46110.0], [101350.0, 500.0], [101360.0, 50000.0], [101380.0, 19050.0], [101400.0, 1750.0], [101477.5, 38210.0], [101562.5, 50000.0]]}}}
{"jsonrpc": "2.0", "method": "subscription", "params": {"channel": "book.BTC-7NOV25.none.20.100ms", "data": {"timestamp": 1762460987845, "change_id": 125658451226, "instrument_name": "BTC-7NOV25", "bids": [[100992.5, 1410.0], [100990.0, 4740.0], [100985.0, 21700.0], [100982.5, 72700.0], [100980.0, 21860.0], [100977.5, 72700.0], [100900.0, 7310.0], [100897.5, 24480.0], [100880.0, 7570.0], [100877.5, 25370.0], [100875.0, 710.0], [100872.5, 2370.0], [100852.5, 2840.0], [100850.0, 9500.0], [100840.0, 13340.0], [100837.5, 44690.0], [100830.0, 7290.0], [100827.5, 24410.0], [100757.5, 11350.0], [100755.0, 38010.0]], "asks": [[101015.0, 2200.0], [101017.5, 7740.0], [101025.0, 60.0], [101027.5, 2990.0], [101030.0, 10000.0], [101037.5, 160.0], [101047.5, 890.0], [101050.0, 2990.0], [101055.0, 70.0], [101077.5, 1670.0], [101080.0, 5990.0], [101097.5, 7370.0], [101100.0, 24680.0], [101105.0, 8510.0], [101107.5, 25530.0], [101110.0, 5990.0], [101140.0, 3000.0], [101162.5, 45040.0], [101172.5, 4410.0], [101212.5, 1380.0]]}}}
{"jsonrpc": "2.0", "method": "subscription", "params": {"channel": "book.BTC-14NOV25.none.20.100ms", "data": {"timestamp": 1762460987938, "change_id": 125658451326, "instrument_name": "BTC-14NOV25", "bids": [[101017.5, 2990.0], [101015.0, 10000.0], [101010.0, 160.0], [101002.5, 1410.0], [101000.0, 4740.0], [100942.5, 710.0], [100940.0, 2370.0], [100937.5, 5640.0], [100935.0, 22360.0], [100932.5, 9500.0], [100930.0, 4870.0], [100927.5, 16300.0], [100900.0, 1900.0], [100897.5, 6370.0], [100895.0, 13340.0], [100892.5, 44690.0], [100830.0, 10.0], [100805.0, 11350.0], [100802.5, 38010.0], [100760.0, 10.0]], "asks": [[101030.0, 4740.0], [101045.0, 160.0], [101047.5, 2990.0], [101050.0, 10000.0], [101070.0, 34970.0], [101072.5, 50000.0], [101075.0, 119660.0], [101077.5, 1360.0], [101080.0, 4540.0], [101120.0, 4930.0], [101122.5, 16520.0], [101142.5, 1870.0], [101145.0, 6280.0], [101265.0, 46110.0], [101350.0, 500.0], [101360.0, 50000.0], [101380.0, 19050.0], [101400.0, 1750.0], [101477.5, 38210.0], [101562.5, 50000.0]]}}}
{"jsonrpc": "2.0", "method": "subscription", "params": {"channel": "book.BTC-7NOV25.none.20.100ms", "data": {"timestamp": 1762460988125, "change_id": 125658451869, "instrument_name": "BTC-7NOV25", "bids": [[101005.0, 10000.0], [100992.5, 1410.0], [100990.0, 4740.0], [100985.0, 21700.0], [100982.5, 72700.0], [100980.0, 21860.0], [100977.5, 72700.0], [100900.0, 7310.0], [100897.5, 24480.0], [100885.0, 7570.0], [100882.5, 25370.0], [100875.0, 710.0], [100872.5, 2370.0], [100852.5, 2840.0], [100850.0, 9500.0], [100840.0, 13340.0], [100837.5, 44690.0], [100830.0, 7290.0], [100827.5, 24410.0], [100757.5, 11350.0]], "asks": [[101015.0, 2200.0], [101017.5, 7740.0], [101025.0, 220.0], [101027.5, 2990.0], [101030.0, 10000.0], [101047.5, 890.0], [101050.0, 2990.0], [101055.0, 70.0], [101077.5, 1670.0], [101080.0, 5990.0], [101097.5, 7370.0], [101100.0, 29220.0], [101105.0, 8510.0], [101107.5, 25530.0], [101110.0, 5990.0], [101140.0, 3000.0], [101162.5, 45040.0], [101212.5, 1380.0], [101305.0, 500.0], [101325.0, 50000.0]]}}}
{"jsonrpc": "2.0", "method": "subscription", "params": {"channel": "book.BTC-14NOV25.none.20.100ms", "data": {"timestamp": 1762460988220, "change_id": 125658451969, "instrument_name": "BTC-14NOV25", "bids": [[101025.0, 2990.0], [101022.5, 10000.0], [101010.0, 160.0], [101002.5, 1410.0], [101000.0, 4740.0], [100942.5, 710.0], [100940.0, 2370.0], [100937.5, 5640.0], [100935.0, 22360.0], [100932.5, 9500.0], [100930.0, 4870.0], [100927.5, 16300.0], [100900.0, 1900.0], [100897.5, 6370.0], [100895.0, 13340.0], [100892.5, 44690.0], [100830.0, 10.0], [100805.0, 11350.0], [100802.5, 38010.0], [100760.0, 10.0]], "asks": [[101030.0, 4740.0], [101045.0, 160.0], [101047.5, 2990.0], [101050.0, 10000.0], [101070.0, 34970.0], [101072.5, 50000.0], [101075.0, 119660.0], [101077.5, 1360.0], [101080.0, 4540.0], [101120.0, 4930.0], [101122.5, 16520.0], [101142.5, 1870.0], [101145.0, 6280.0], [101265.0, 46110.0], [101350.0, 500.0], [101360.0, 50000.0], [101380.0, 19050.0], [101400.0, 1750.0], [101477.5, 38210.0], [101562.5, 50000.0]]}}}
{"jsonrpc": "2.0", "method": "subscription", "params": {"channel": "book.BTC-7NOV25.none.20.100ms", "data": {"timestamp": 1762460988490, "change_id": 125658452162, "instrument_name": "BTC-7NOV25", "bids": [[101005.0, 10000.0], [100992.5, 1410.0], [100990.0, 4740.0], [100980.0, 21860.0], [100977.5, 72700.0], [100900.0, 7310.0], [100897.5, 24480.0], [100885.0, 7570.0], [100882.5, 25370.0], [100875.0, 710.0], [100872.5, 2370.0], [100852.5, 2840.0], [100850.0, 9500.0], [100840.0, 13340.0], [100837.5, 44690.0], [100830.0, 7290.0], [100827.5, 24410.0], [100757.5, 11350.0], [100755.0, 38010.0], [100752.5, 15340.0]], "asks": [[101010.0, 240.0], [101012.5, 820.0], [101015.0, 2200.0], [101017.5, 7740.0], [101025.0, 220.0], [101027.5, 2990.0], [101030.0, 10000.0], [101047.5, 890.0], [101050.0, 2990.0], [101055.0, 70.0], [101077.5, 1670.0], [101080.0, 5990.0], [101097.5, 7370.0], [101100.0, 29220.0], [101105.0, 8510.0], [101107.5, 25530.0], [101110.0, 5990.0], [101140.0, 3000.0], [101162.5, 45040.0], [101212.5, 1380.0]]}}}
{"jsonrpc": "2.0", "method": "subscription", "params": {"channel": "book.BTC-7NOV25.none.20.100ms", "data": {"timestamp": 1762460989141, "change_id": 125658453392, "instrument_name": "BTC-7NOV25", "bids": [[101012.5, 9030.0], [100992.5, 1410.0], [100990.0, 4740.0], [100980.0, 21860.0], [100977.5, 72700.0], [100900.0, 7310.0], [100897.5, 24480.0], [100885.0, 7570.0], [100882.5, 25370.0], [100875.0, 710.0], [100872.5, 2370.0], [100852.5, 2840.0], [100850.0, 9500.0], [100840.0, 13340.0], [100837.5, 44690.0], [100830.0, 7290.0], [100827.5, 24410.0], [100757.5, 11350.0], [100755.0, 38010.0], [100752.5, 15340.0]], "asks": [[101017.5, 7740.0], [101025.0, 220.0], [101027.5, 2990.0], [101030.0, 10000.0], [101047.5, 890.0], [101050.0, 2990.0], [101055.0, 70.0], [101077.5, 1670.0], [101080.0, 5990.0], [101097.5, 7370.0], [101100.0, 29220.0], [101105.0, 8510.0], [101107.5, 25530.0], [101110.0, 5990.0], [101140.0, 3000.0], [101162.5, 45040.0], [101212.5, 1380.0], [101305.0, 500.0], [101325.0, 50000.0], [101410.0, 25000.0]]}}}
{"jsonrpc": "2.0", "method": "subscription", "params": {"channel": "book.BTC-14NOV25.none.20.100ms", "data": {"timestamp": 1762460989527, "change_id": 125658453889, "instrument_name": "BTC-14NOV25", "bids": [[101025.0, 2990.0], [101022.5, 10000.0], [101010.0, 160.0], [101002.5, 1410.0], [101000.0, 4740.0], [100942.5, 710.0], [100940.0, 2370.0], [100937.5, 5640.0], [100935.0, 22360.0], [100932.5, 9500.0], [100930.0, 4870.0], [100927.5, 16300.0], [100900.0, 1900.0], [100897.5, 6370.0], [100895.0, 13340.0], [100892.5, 44690.0], [100830.0, 10.0], [100805.0, 11350.0], [100802.5, 38010.0], [100760.0, 10.0]], "asks": [[101045.0, 160.0], [101047.5, 2990.0], [101050.0, 10000.0], [101070.0, 34970.0], [101072.5, 50000.0], [101075.0, 119660.0], [101077.5, 1360.0], [101080.0, 4540.0], [101120.0, 4930.0], [101122.5, 16520.0], [101142.5, 1870.0], [101145.0, 6280.0], [101265.0, 46110.0], [101350.0, 500.0], [101360.0, 50000.0], [101380.0, 19050.0], [101400.0, 1750.0], [101477.5, 38210.0], [101562.5, 50000.0], [101590.0, 36390.0]]}}}
