{"jsonrpc": "2.0", "id": 1, "result": ["book.BTC-6FEB26.none.20.100ms"], "usIn": 1769545978782120, "usOut": 1769545978782350, "usDiff": 230, "testnet": false}
{"jsonrpc": "2.0", "method": "subscription", "params": {"channel": "book.BTC-6FEB26.none.20.100ms", "data": {"timestamp": 1769545978675, "change_id": 137121831205, "instrument_name": "BTC-6FEB26", "bids": [[88952.5, 1500.0], [88950.0, 940.0], [88947.5, 3130.0], [88945.0, 20.0], [88937.5, 10.0], [88932.5, 6560.0], [88930.0, 36310.0], [88927.5, 36340.0], [88907.5, 460.0], [88905.0, 1540.0], [88900.0, 4900.0], [88897.5, 16410.0], [88807.5, 330.0], [88802.5, 640.0], [88800.0, 2150.0], [88797.5, 1500.0], [88795.0, 5020.0], [88787.5, 4500.0], [88785.0, 15080.0], [88770.0, 10.0]], "asks": [[88955.0, 10000.0], [88967.5, 10.0], [88970.0, 700.0], [88972.5, 700.0], [88975.0, 210.0], [88977.5, 700.0], [88980.0, 1630.0], [88982.5, 3130.0], [88992.5, 11470.0], [88995.0, 52980.0], [88997.5, 46420.0], [89000.0, 1500.0], [89012.5, 1370.0], [89015.0, 4580.0], [89037.5, 300.0], [89040.0, 1000.0], [89042.5, 4720.0], [89045.0, 15800.0], [89067.5, 300.0], [89070.0, 2500.0]]}}}
{"jsonrpc": "2.0", "method": "subscription", "params": {"channel": "book.BTC-6FEB26.none.20.100ms", "data": {"timestamp": 1769545978852, "change_id": 137121832217, "instrument_name": "BTC-6FEB26", "bids": [[88952.5, 2200.0], [88950.0, 1640.0], [88947.5, 3130.0], [88945.0, 20.0], [88937.5, 10.0], [88932.5, 6560.0], [88930.0, 36310.0], [88927.5, 36340.0], [88907.5, 460.0], [88905.0, 1540.0], [88900.0, 4900.0], [88897.5, 16410.0], [88807.5, 330.0], [88802.5, 640.0], [88800.0, 2150.0], [88797.5, 1500.0], [88795.0, 5020.0], [88787.5, 4500.0], [88785.0, 15080.0], [88770.0, 10.0]], "asks": [[88955.0, 10000.0], [88967.5, 10.0], [88972.5, 700.0], [88977.5, 700.0], [88980.0, 1630.0], [88982.5, 3130.0], [88992.5, 11470.0], [88995.0, 54980.0], [88997.5, 46420.0], [89000.0, 1500.0], [89012.5, 1370.0], [89015.0, 4580.0], [89037.5, 300.0], [89040.0, 1000.0], [89042.5, 4720.0], [89045.0, 15800.0], [89067.5, 300.0], [89070.0, 2500.0], [89072.5, 5040.0], [89082.5, 4370.0]]}}}
{"jsonrpc": "2.0", "method": "subscription", "params": {"channel": "book.BTC-6FEB26.none.20.100ms", "data": {"timestamp": 1769545978984, "change_id": 137121832532, "instrument_name": "BTC-6FEB26", "bids": [[88952.5, 2200.0], [88950.0, 1640.0], [88947.5, 3130.0], [88945.0, 20.0], [88937.5, 10.0], [88932.5, 6560.0], [88930.0, 36310.0], [88927.5, 36340.0], [88907.5, 460.0], [88905.0, 1540.0], [88900.0, 4900.0], [88897.5, 16410.0], [88807.5, 330.0], [88802.5, 640.0], [88800.0, 2150.0], [88797.5, 1500.0], [88795.0, 5020.0], [88787.5, 4500.0], [88785.0, 15080.0], [88770.0, 10.0]], "asks": [[88955.0, 10000.0], [88967.5, 10.0], [88977.5, 700.0], [88980.0, 700.0], [88987.5, 930.0], [88990.0, 3130.0], [88992.5, 11470.0], [88995.0, 52980.0], [88997.5, 46420.0], [89000.0, 1500.0], [89012.5, 1370.0], [89015.0, 4580.0], [89037.5, 300.0], [89040.0, 1000.0], [89042.5, 4720.0], [89045.0, 15800.0], [89067.5, 300.0], [89070.0, 2500.0], [89072.5, 5040.0], [89082.5, 4370.0]]}}}
{"jsonrpc": "2.0", "method": "subscription", "params": {"channel": "book.BTC-6FEB26.none.20.100ms", "data": {"timestamp": 1769545979530, "change_id": 137121833543, "instrument_name": "BTC-6FEB26", "bids": [[88952.5, 2200.0], [88950.0, 1640.0], [88947.5, 3130.0], [88945.0, 20.0], [88937.5, 10.0], [88907.5, 460.0], [88905.0, 1540.0], [88900.0, 4900.0], [88897.5, 16410.0], [88810.0, 330.0], [88807.5, 1500.0], [88805.0, 5020.0], [88802.5, 640.0], [88800.0, 2150.0], [88787.5, 4500.0], [88785.0, 15080.0], [88770.0, 10.0], [88762.5, 40.0], [88747.5, 2570.0], [88745.0, 8620.0]], "asks": [[88955.0, 10000.0], [88967.5, 10.0], [88977.5, 700.0], [88980.0, 700.0], [88987.5, 930.0], [88990.0, 3130.0], [88992.5, 11470.0], [88995.0, 52980.0], [88997.5, 46420.0], [89000.0, 1500.0], [89012.5, 1370.0], [89015.0, 4580.0], [89037.5, 300.0], [89040.0, 1000.0], [89042.5, 4720.0], [89045.0, 15800.0], [89067.5, 300.0], [89070.0, 2500.0], [89072.5, 5040.0], [89082.5, 4370.0]]}}}
{"jsonrpc": "2.0", "method": "subscription", "params": {"channel": "book.BTC-6FEB26.none.20.100ms", "data": {"timestamp": 1769545979843, "change_id": 137121833812, "instrument_name": "BTC-6FEB26", "bids": [[88952.5, 2200.0], [88950.0, 1640.0], [88947.5, 3130.0], [88945.0, 20.0], [88942.5, 210.0], [88940.0, 700.0], [88937.5, 10.0], [88907.5, 460.0], [88905.0, 1540.0], [88900.0, 4900.0], [88897.5, 16410.0], [88807.5, 1500.0], [88805.0, 5350.0], [88802.5, 640.0], [88800.0, 2150.0], [88787.5, 4500.0], [88785.0, 15080.0], [88770.0, 10.0], [88762.5, 40.0], [88747.5, 2570.0]], "asks": [[88955.0, 10000.0], [88967.5, 10.0], [88987.5, 930.0], [88990.0, 3130.0], [88992.5, 11470.0], [88995.0, 52980.0], [88997.5, 46420.0], [89000.0, 1500.0], [89012.5, 1370.0], [89015.0, 4580.0], [89037.5, 300.0], [89040.0, 1000.0], [89042.5, 4720.0], [89045.0, 15800.0], [89067.5, 300.0], [89070.0, 2500.0], [89072.5, 5040.0], [89082.5, 4370.0], [89085.0, 14630.0], [89100.0, 1000.0]]}}}
{"jsonrpc": "2.0", "method": "subscription", "params": {"channel": "book.BTC-6FEB26.none.20.100ms", "data": {"timestamp": 1769545980205, "change_id": 137121834917, "instrument_name": "BTC-6FEB26", "bids": [[88952.5, 2200.0], [88950.0, 1640.0], [88947.5, 3130.0], [88945.0, 20.0], [88942.5, 9970.0], [88940.0, 43400.0], [88937.5, 42690.0], [88907.5, 460.0], [88905.0, 1540.0], [88900.0, 4900.0], [88897.5, 16410.0], [88807.5, 1500.0], [88805.0, 5350.0], [88802.5, 640.0], [88800.0, 2150.0], [88787.5, 4500.0], [88785.0, 15080.0], [88770.0, 10.0], [88762.5, 40.0], [88747.5, 2570.0]], "asks": [[88955.0, 10000.0], [88967.5, 10.0], [88980.0, 930.0], [88982.5, 3130.0], [88985.0, 640.0], [88987.5, 2000.0], [88992.5, 11470.0], [88995.0, 54440.0], [88997.5, 46420.0], [89012.5, 1370.0], [89015.0, 4580.0], [89037.5, 300.0], [89040.0, 1000.0], [89042.5, 4720.0], [89045.0, 15800.0], [89067.5, 300.0], [89070.0, 2500.0], [89072.5, 5040.0], [89082.5, 4370.0], [89085.0, 14630.0]]}}}
{"jsonrpc": "2.0", "method": "subscription", "params": {"channel": "book.BTC-6FEB26.none.20.100ms", "data": {"timestamp": 1769545980285, "change_id": 137121835061, "instrument_name": "BTC-6FEB26", "bids": [[88952.5, 1500.0], [88950.0, 940.0], [88947.5, 3130.0], [88945.0, 20.0], [88942.5, 9970.0], [88940.0, 43400.0], [88937.5, 42690.0], [88907.5, 460.0], [88905.0, 1540.0], [88900.0, 4900.0], [88897.5, 16410.0], [88807.5, 1500.0], [88805.0, 5350.0], [88802.5, 640.0], [88800.0, 2150.0], [88787.5, 4500.0], [88785.0, 15080.0], [88770.0, 10.0], [88762.5, 40.0], [88747.5, 2570.0]], "asks": [[88955.0, 10000.0], [88967.5, 10.0], [88980.0, 930.0], [88982.5, 3130.0], [88985.0, 40.0], [88992.5, 11470.0], [88995.0, 54440.0], [88997.5, 46420.0], [89012.5, 1370.0], [89015.0, 4580.0], [89037.5, 300.0], [89040.0, 1000.0], [89042.5, 4720.0], [89045.0, 15800.0], [89067.5, 300.0], [89070.0, 2500.0], [89072.5, 5040.0], [89082.5, 4370.0], [89085.0, 14630.0], [89100.0, 1000.0]]}}}
{"jsonrpc": "2.0", "method": "subscription", "params": {"channel": "book.BTC-6FEB26.none.20.100ms", "data": {"timestamp": 1769545980830, "change_id": 137121836403, "instrument_name": "BTC-6FEB26", "bids": [[88947.5, 450.0], [88945.0, 1500.0], [88942.5, 1120.0], [88940.0, 3130.0], [88932.5, 40.0], [88907.5, 460.0], [88905.0, 1540.0], [88892.5, 4780.0], [88890.0, 16030.0], [88812.5, 330.0], [88802.5, 640.0], [88800.0, 2150.0], [88790.0, 5020.0], [88787.5, 4500.0], [88785.0, 15080.0], [88770.0, 10.0], [88762.5, 40.0], [88747.5, 2570.0], [88745.0, 8620.0], [88732.5, 34480.0]], "asks": [[88955.0, 10700.0], [88962.5, 10.0], [88967.5, 210.0], [88970.0, 700.0], [88972.5, 930.0], [88975.0, 3580.0], [88977.5, 1500.0], [88985.0, 40.0], [88992.5, 11470.0], [88995.0, 52940.0], [88997.5, 46420.0], [89012.5, 1370.0], [89015.0, 4580.0], [89037.5, 300.0], [89040.0, 1000.0], [89042.5, 4720.0], [89045.0, 15800.0], [89067.5, 300.0], [89070.0, 2500.0], [89072.5, 5040.0]]}}}
{"jsonrpc": "2.0", "method": "subscription", "params": {"channel": "book.BTC-6FEB26.none.20.100ms", "data": {"timestamp": 1769545981061, "change_id": 137121836575, "instrument_name": "BTC-6FEB26", "bids": [[88947.5, 450.0], [88945.0, 1500.0], [88942.5, 1120.0], [88940.0, 3130.0], [88932.5, 40.0], [88907.5, 460.0], [88905.0, 1540.0], [88892.5, 4780.0], [88890.0, 16030.0], [88812.5, 330.0], [88802.5, 640.0], [88800.0, 2150.0], [88792.5, 1500.0], [88790.0, 5020.0], [88787.5, 4500.0], [88785.0, 15080.0], [88770.0, 10.0], [88762.5, 40.0], [88747.5, 2570.0], [88745.0, 8620.0]], "asks": [[88955.0, 10700.0], [88960.0, 450.0], [88962.5, 1510.0], [88967.5, 210.0], [88970.0, 700.0], [88972.5, 930.0], [88975.0, 3620.0], [88992.5, 11470.0], [88995.0, 52940.0], [88997.5, 46420.0], [89012.5, 1370.0], [89015.0, 4580.0], [89037.5, 300.0], [89040.0, 1000.0], [89042.5, 4720.0], [89045.0, 15800.0], [89067.5, 300.0], [89070.0, 2500.0], [89072.5, 5040.0], [89082.5, 4370.0]]}}}
{"jsonrpc": "2.0", "method": "subscription", "params": {"channel": "book.BTC-6FEB26.none.20.100ms", "data": {"timestamp": 1769545981494, "change_id": 137121837345, "instrument_name": "BTC-6FEB26", "bids": [[88947.5, 450.0], [88945.0, 1500.0], [88942.5, 1120.0], [88940.0, 3130.0], [88932.5, 40.0], [88907.5, 460.0], [88905.0, 1540.0], [88892.5, 4780.0], [88890.0, 16030.0], [88812.5, 330.0], [88802.5, 640.0], [88800.0, 2150.0], [88792.5, 1500.0], [88790.0, 5020.0], [88787.5, 4500.0], [88785.0, 15080.0], [88770.0, 10.0], [88762.5, 40.0], [88747.5, 2570.0], [88745.0, 8620.0]], "asks": [[88955.0, 10700.0], [88962.5, 10.0], [88965.0, 1140.0], [88967.5, 3130.0], [88970.0, 2200.0], [88975.0, 490.0], [88977.5, 2000.0], [88992.5, 11470.0], [88995.0, 52940.0], [88997.5, 46420.0], [89012.5, 1370.0], [89015.0, 4580.0], [89037.5, 300.0], [89040.0, 1000.0], [89042.5, 4720.0], [89045.0, 15800.0], [89067.5, 300.0], [89070.0, 2500.0], [89072.5, 5040.0], [89082.5, 4370.0]]}}}
{"jsonrpc": "2.0", "method": "subscription", "params": {"channel": "book.BTC-6FEB26.none.20.100ms", "data": {"timestamp": 1769545981696, "change_id": 137121837664, "instrument_name": "BTC-6FEB26", "bids": [[88947.5, 450.0], [88945.0, 1500.0], [88942.5, 1120.0], [88940.0, 3130.0], [88932.5, 40.0], [88907.5, 460.0], [88905.0, 1540.0], [88892.5, 4780.0], [88890.0, 16030.0], [88812.5, 330.0], [88802.5, 640.0], [88800.0, 2150.0], [88792.5, 1500.0], [88790.0, 5020.0], [88787.5, 4500.0], [88785.0, 15080.0], [88770.0, 10.0], [88762.5, 40.0], [88747.5, 2570.0], [88745.0, 8620.0]], "asks": [[88955.0, 10000.0], [88962.5, 10.0], [88965.0, 1140.0], [88967.5, 3130.0], [88970.0, 1720.0], [88972.5, 700.0], [88975.0, 40.0], [88992.5, 11470.0], [88995.0, 52940.0], [88997.5, 46420.0], [89012.5, 1370.0], [89015.0, 4580.0], [89037.5, 300.0], [89040.0, 1000.0], [89042.5, 4720.0], [89045.0, 15800.0], [89067.5, 300.0], [89070.0, 2500.0], [89072.5, 5040.0], [89082.5, 4370.0]]}}}
{"jsonrpc": "2.0", "method": "subscription", "params": {"channel": "book.BTC-6FEB26.none.20.100ms", "data": {"timestamp": 1769545982151, "change_id": 137121838127, "instrument_name": "BTC-6FEB26", "bids": [[88950.0, 1500.0], [88942.5, 1120.0], [88940.0, 3130.0], [88935.0, 10.0], [88932.5, 30.0], [88907.5, 460.0], [88905.0, 1540.0], [88892.5, 4780.0], [88890.0, 16030.0], [88812.5, 330.0], [88802.5, 640.0], [88800.0, 2150.0], [88792.5, 1500.0], [88790.0, 5020.0], [88787.5, 4500.0], [88785.0, 15080.0], [88770.0, 10.0], [88762.5, 40.0], [88747.5, 2570.0], [88745.0, 8620.0]], "asks": [[88955.0, 10000.0], [88965.0, 1150.0], [88967.5, 3130.0], [88970.0, 1720.0], [88972.5, 700.0], [88975.0, 40.0], [88992.5, 11470.0], [88995.0, 52940.0], [88997.5, 46420.0], [89012.5, 1370.0], [89015.0, 4580.0], [89037.5, 300.0], [89040.0, 1000.0], [89042.5, 4720.0], [89045.0, 15800.0], [89067.5, 300.0], [89070.0, 2500.0], [89072.5, 5040.0], [89082.5, 4370.0], [89085.0, 14630.0]]}}}
{"jsonrpc": "2.0", "method": "subscription", "params": {"channel": "book.BTC-6FEB26.none.20.100ms", "data": {"timestamp": 1769545982432, "change_id": 137121838610, "instrument_name": "BTC-6FEB26", "bids": [[88950.0, 1500.0], [88942.5, 1150.0], [88940.0, 3130.0], [88935.0, 10.0], [88907.5, 460.0], [88905.0, 1540.0], [88892.5, 4780.0], [88890.0, 16030.0], [88812.5, 330.0], [88802.5, 640.0], [88800.0, 2150.0], [88792.5, 1500.0], [88790.0, 5020.0], [88787.5, 4500.0], [88785.0, 15080.0], [88770.0, 10.0], [88762.5, 40.0], [88747.5, 2570.0], [88745.0, 8620.0], [88732.5, 34480.0]], "asks": [[88955.0, 10000.0], [88965.0, 10.0], [88970.0, 1120.0], [88972.5, 700.0], [88975.0, 3130.0], [88982.5, 600.0], [88985.0, 2000.0], [88987.5, 30.0], [88992.5, 11470.0], [88995.0, 52940.0], [88997.5, 46420.0], [89012.5, 1370.0], [89015.0, 4580.0], [89020.0, 1500.0], [89037.5, 300.0], [89040.0, 1000.0], [89042.5, 4720.0], [89045.0, 15800.0], [89067.5, 300.0], [89070.0, 2500.0]]}}}
{"jsonrpc": "2.0", "method": "subscription", "params": {"channel": "book.BTC-6FEB26.none.20.100ms", "data": {"timestamp": 1769545982706, "change_id": 137121839372, "instrument_name": "BTC-6FEB26", "bids": [[88952.5, 730.0], [88950.0, 3130.0], [88947.5, 3130.0], [88937.5, 10.0], [88935.0, 10810.0], [88932.5, 42680.0], [88907.5, 460.0], [88905.0, 1540.0], [88892.5, 4780.0], [88890.0, 16030.0], [88812.5, 330.0], [88802.5, 640.0], [88800.0, 2150.0], [88792.5, 1500.0], [88790.0, 5020.0], [88787.5, 4500.0], [88785.0, 15080.0], [88770.0, 10.0], [88762.5, 40.0], [88747.5, 2570.0]], "asks": [[88955.0, 10000.0], [88967.5, 10.0], [88975.0, 210.0], [88977.5, 700.0], [88980.0, 930.0], [88982.5, 3130.0], [88992.5, 11470.0], [88995.0, 52940.0], [88997.5, 46420.0], [89000.0, 30.0], [89012.5, 1370.0], [89015.0, 4580.0], [89037.5, 300.0], [89040.0, 1000.0], [89042.5, 4720.0], [89045.0, 15800.0], [89067.5, 300.0], [89070.0, 2500.0], [89072.5, 5040.0], [89082.5, 4370.0]]}}}
{"jsonrpc": "2.0", "method": "subscription", "params": {"channel": "book.BTC-6FEB26.none.20.100ms", "data": {"timestamp": 1769545983151, "change_id": 137121839936, "instrument_name": "BTC-6FEB26", "bids": [[88952.5, 30.0], [88950.0, 3130.0], [88947.5, 3130.0], [88937.5, 10.0], [88935.0, 10810.0], [88932.5, 85360.0], [88907.5, 460.0], [88905.0, 1540.0], [88892.5, 4780.0], [88890.0, 16030.0], [88812.5, 330.0], [88802.5, 640.0], [88800.0, 2150.0], [88792.5, 1500.0], [88790.0, 5020.0], [88787.5, 4500.0], [88785.0, 15080.0], [88770.0, 10.0], [88762.5, 40.0], [88747.5, 2570.0]], "asks": [[88955.0, 10000.0], [88967.5, 10.0], [88975.0, 210.0], [88977.5, 700.0], [88980.0, 930.0], [88982.5, 3130.0], [88992.5, 11470.0], [88995.0, 52940.0], [88997.5, 46420.0], [89000.0, 30.0], [89012.5, 1370.0], [89015.0, 4580.0], [89020.0, 1500.0], [89037.5, 300.0], [89040.0, 1000.0], [89042.5, 4720.0], [89045.0, 15800.0], [89067.5, 300.0], [89070.0, 2500.0], [89072.5, 5040.0]]}}}
{"jsonrpc": "2.0", "method": "subscription", "params": {"channel": "book.BTC-6FEB26.none.20.100ms", "data": {"timestamp": 1769545983272, "change_id": 137121840084, "instrument_name": "BTC-6FEB26", "bids": [[88952.5, 30.0], [88950.0, 3130.0], [88947.5, 3130.0], [88937.5, 10.0], [88935.0, 10810.0], [88932.5, 85360.0], [88907.5, 460.0], [88905.0, 1540.0], [88892.5, 4780.0], [88890.0, 16030.0], [88812.5, 330.0], [88802.5, 640.0], [88800.0, 2150.0], [88792.5, 1500.0], [88790.0, 5020.0], [88787.5, 4500.0], [88785.0, 15080.0], [88770.0, 10.0], [88762.5, 40.0], [88747.5, 2570.0]], "asks": [[88955.0, 10000.0], [88967.5, 10.0], [88975.0, 210.0], [88977.5, 700.0], [88980.0, 930.0], [88982.5, 3130.0], [88992.5, 11470.0], [88995.0, 52940.0], [88997.5, 46420.0], [89000.0, 30.0], [89012.5, 1370.0], [89015.0, 6080.0], [89037.5, 300.0], [89040.0, 1000.0], [89042.5, 4720.0], [89045.0, 15800.0], [89067.5, 300.0], [89070.0, 2500.0], [89072.5, 5040.0], [89082.5, 4370.0]]}}}
{"jsonrpc": "2.0", "method": "subscription", "params": {"channel": "book.BTC-6FEB26.none.20.100ms", "data": {"timestamp": 1769545983710, "change_id": 137121840801, "instrument_name": "BTC-6FEB26", "bids": [[88952.5, 30.0], [88950.0, 2430.0], [88947.5, 3130.0], [88937.5, 10.0], [88935.0, 10810.0], [88932.5, 85360.0], [88907.5, 460.0], [88905.0, 1540.0], [88892.5, 4780.0], [88890.0, 16030.0], [88812.5, 330.0], [88802.5, 640.0], [88800.0, 2150.0], [88792.5, 1500.0], [88790.0, 5020.0], [88787.5, 4500.0], [88785.0, 15080.0], [88770.0, 10.0], [88762.5, 40.0], [88747.5, 2570.0]], "asks": [[88955.0, 10000.0], [88967.5, 10.0], [88970.0, 210.0], [88972.5, 700.0], [88975.0, 210.0], [88977.5, 700.0], [88980.0, 930.0], [88982.5, 3130.0], [88990.0, 30.0], [88992.5, 11470.0], [88995.0, 52940.0], [88997.5, 46420.0], [89005.0, 1500.0], [89012.5, 1370.0], [89015.0, 4580.0], [89037.5, 300.0], [89040.0, 1000.0], [89042.5, 4720.0], [89045.0, 15800.0], [89067.5, 300.0]]}}}
{"jsonrpc": "2.0", "method": "subscription", "params": {"channel": "book.BTC-6FEB26.none.20.100ms", "data": {"timestamp": 1769545984151, "change_id": 137121841573, "instrument_name": "BTC-6FEB26", "bids": [[88950.0, 1500.0], [88942.5, 930.0], [88940.0, 3130.0], [88937.5, 40.0], [88935.0, 10810.0], [88932.5, 85360.0], [88907.5, 460.0], [88905.0, 1540.0], [88892.5, 4780.0], [88890.0, 16030.0], [88812.5, 330.0], [88802.5, 640.0], [88800.0, 2150.0], [88792.5, 1500.0], [88790.0, 5020.0], [88787.5, 4500.0], [88785.0, 15080.0], [88770.0, 10.0], [88762.5, 40.0], [88747.5, 2570.0]], "asks": [[88955.0, 10000.0], [88965.0, 10.0], [88970.0, 1120.0], [88972.5, 700.0], [88975.0, 3340.0], [88977.5, 700.0], [88980.0, 30.0], [88992.5, 11470.0], [88995.0, 52940.0], [88997.5, 46420.0], [89005.0, 1500.0], [89012.5, 1370.0], [89015.0, 4580.0], [89037.5, 300.0], [89040.0, 1000.0], [89042.5, 4720.0], [89045.0, 15800.0], [89067.5, 300.0], [89070.0, 2500.0], [89072.5, 5040.0]]}}}
{"jsonrpc": "2.0", "method": "subscription", "params": {"channel": "book.BTC-6FEB26.none.20.100ms", "data": {"timestamp": 1769545984545, "change_id": 137121842236, "instrument_name": "BTC-6FEB26", "bids": [[88942.5, 930.0], [88940.0, 4630.0], [88937.5, 30.0], [88935.0, 10810.0], [88932.5, 85360.0], [88930.0, 10.0], [88907.5, 460.0], [88905.0, 1540.0], [88892.5, 4780.0], [88890.0, 16030.0], [88812.5, 330.0], [88802.5, 640.0], [88800.0, 2150.0], [88792.5, 1500.0], [88790.0, 5020.0], [88787.5, 4500.0], [88785.0, 15080.0], [88770.0, 10.0], [88762.5, 40.0], [88747.5, 2570.0]], "asks": [[88955.0, 10000.0], [88960.0, 10.0], [88970.0, 1120.0], [88972.5, 700.0], [88975.0, 3340.0], [88977.5, 700.0], [88980.0, 480.0], [88982.5, 1500.0], [88992.5, 11470.0], [88995.0, 52940.0], [88997.5, 46420.0], [89012.5, 1370.0], [89015.0, 4580.0], [89037.5, 300.0], [89040.0, 1000.0], [89042.5, 4720.0], [89045.0, 15800.0], [89067.5, 300.0], [89070.0, 2500.0], [89072.5, 5040.0]]}}}
{"jsonrpc": "2.0", "method": "subscription", "params": {"channel": "book.BTC-6FEB26.none.20.100ms", "data": {"timestamp": 1769545984849, "change_id": 137121842507, "instrument_name": "BTC-6FEB26", "bids": [[88942.5, 930.0], [88940.0, 4630.0], [88937.5, 30.0], [88927.5, 10.0], [88907.5, 460.0], [88905.0, 1540.0], [88892.5, 4780.0], [88890.0, 16030.0], [88812.5, 330.0], [88802.5, 640.0], [88800.0, 2150.0], [88792.5, 1500.0], [88790.0, 5020.0], [88787.5, 4500.0], [88785.0, 15080.0], [88770.0, 10.0], [88762.5, 40.0], [88747.5, 2570.0], [88745.0, 8620.0], [88732.5, 34480.0]], "asks": [[88955.0, 10700.0], [88957.5, 10.0], [88965.0, 210.0], [88967.5, 700.0], [88970.0, 1120.0], [88972.5, 700.0], [88975.0, 3340.0], [88977.5, 700.0], [88980.0, 480.0], [88982.5, 1500.0], [88992.5, 11470.0], [88995.0, 52940.0], [88997.5, 46420.0], [89012.5, 1370.0], [89015.0, 4580.0], [89037.5, 300.0], [89040.0, 1000.0], [89042.5, 4720.0], [89045.0, 15800.0], [89067.5, 300.0]]}}}
{"jsonrpc": "2.0", "method": "subscription", "params": {"channel": "book.BTC-6FEB26.none.20.100ms", "data": {"timestamp": 1769545984938, "change_id": 137121843026, "instrument_name": "BTC-6FEB26", "bids": [[88942.5, 450.0], [88940.0, 1500.0], [88937.5, 30.0], [88935.0, 930.0], [88932.5, 3130.0], [88930.0, 10.0], [88907.5, 460.0], [88905.0, 1540.0], [88892.5, 4780.0], [88890.0, 16030.0], [88812.5, 330.0], [88802.5, 640.0], [88800.0, 2150.0], [88792.5, 1500.0], [88790.0, 5020.0], [88787.5, 4500.0], [88785.0, 15080.0], [88770.0, 10.0], [88762.5, 40.0], [88747.5, 2570.0]], "asks": [[88955.0, 10700.0], [88957.5, 10.0], [88965.0, 1120.0], [88967.5, 3830.0], [88970.0, 240.0], [88972.5, 700.0], [88975.0, 640.0], [88977.5, 2200.0], [88992.5, 11470.0], [88995.0, 52940.0], [88997.5, 46420.0], [89012.5, 1370.0], [89015.0, 4580.0], [89037.5, 300.0], [89040.0, 1000.0], [89042.5, 4720.0], [89045.0, 15800.0], [89067.5, 300.0], [89070.0, 2500.0], [89072.5, 5040.0]]}}}
{"jsonrpc": "2.0", "method": "subscription", "params": {"channel": "book.BTC-6FEB26.none.20.100ms", "data": {"timestamp": 1769545985540, "change_id": 137121843662, "instrument_name": "BTC-6FEB26", "bids": [[88942.5, 450.0], [88940.0, 1500.0], [88937.5, 30.0], [88935.0, 930.0], [88932.5, 3130.0], [88930.0, 10.0], [88927.5, 5090.0], [88925.0, 17660.0], [88907.5, 460.0], [88905.0, 1540.0], [88892.5, 4780.0], [88890.0, 16030.0], [88815.0, 330.0], [88802.5, 640.0], [88800.0, 2150.0], [88795.0, 1500.0], [88792.5, 5020.0], [88787.5, 4500.0], [88785.0, 15080.0], [88770.0, 10.0]], "asks": [[88952.5, 10910.0], [88955.0, 700.0], [88960.0, 10.0], [88965.0, 1120.0], [88967.5, 3830.0], [88970.0, 660.0], [88972.5, 2200.0], [88975.0, 210.0], [88977.5, 700.0], [88992.5, 11470.0], [88995.0, 52940.0], [88997.5, 46420.0], [89012.5, 1370.0], [89015.0, 4580.0], [89037.5, 300.0], [89040.0, 1000.0], [89042.5, 4720.0], [89045.0, 15800.0], [89067.5, 300.0], [89070.0, 2500.0]]}}}
{"jsonrpc": "2.0", "method": "subscription", "params": {"channel": "book.BTC-6FEB26.none.20.100ms", "data": {"timestamp": 1769545985797, "change_id": 137121844240, "instrument_name": "BTC-6FEB26", "bids": [[88942.5, 2020.0], [88940.0, 4850.0], [88937.5, 730.0], [88930.0, 10.0], [88927.5, 5090.0], [88925.0, 17660.0], [88907.5, 460.0], [88905.0, 1540.0], [88892.5, 4780.0], [88890.0, 16030.0], [88815.0, 330.0], [88802.5, 640.0], [88800.0, 2150.0], [88795.0, 1500.0], [88792.5, 5020.0], [88787.5, 4500.0], [88785.0, 15080.0], [88770.0, 10.0], [88762.5, 40.0], [88747.5, 2570.0]], "asks": [[88952.5, 10000.0], [88957.5, 10.0], [88965.0, 700.0], [88967.5, 700.0], [88970.0, 1120.0], [88972.5, 700.0], [88975.0, 3130.0], [88982.5, 30.0], [88992.5, 11470.0], [88995.0, 52940.0], [88997.5, 46420.0], [89012.5, 1370.0], [89015.0, 4580.0], [89037.5, 300.0], [89040.0, 1000.0], [89042.5, 4720.0], [89045.0, 15800.0], [89067.5, 300.0], [89070.0, 2500.0], [89072.5, 5040.0]]}}}
{"jsonrpc": "2.0", "method": "subscription", "params": {"channel": "book.BTC-6FEB26.none.20.100ms", "data": {"timestamp": 1769545986141, "change_id": 137121844925, "instrument_name": "BTC-6FEB26", "bids": [[88950.0, 2200.0], [88947.5, 3160.0], [88945.0, 210.0], [88942.5, 700.0], [88940.0, 220.0], [88937.5, 700.0], [88935.0, 10.0], [88927.5, 5090.0], [88925.0, 17660.0], [88907.5, 460.0], [88905.0, 1540.0], [88892.5, 4780.0], [88890.0, 16030.0], [88815.0, 330.0], [88802.5, 640.0], [88800.0, 2150.0], [88795.0, 1500.0], [88792.5, 5020.0], [88787.5, 4500.0], [88785.0, 15080.0]], "asks": [[88952.5, 10000.0], [88965.0, 710.0], [88967.5, 700.0], [88970.0, 210.0], [88972.5, 700.0], [88980.0, 940.0], [88982.5, 3130.0], [88992.5, 11470.0], [88995.0, 54470.0], [88997.5, 46420.0], [89012.5, 1370.0], [89015.0, 4580.0], [89037.5, 300.0], [89040.0, 1000.0], [89042.5, 4720.0], [89045.0, 15800.0], [89067.5, 300.0], [89070.0, 2500.0], [89072.5, 5040.0], [89082.5, 4370.0]]}}}
{"jsonrpc": "2.0", "method": "subscription", "params": {"channel": "book.BTC-6FEB26.none.20.100ms", "data": {"timestamp": 1769545986524, "change_id": 137121846008, "instrument_name": "BTC-6FEB26", "bids": [[88932.5, 930.0], [88930.0, 3130.0], [88920.0, 40.0], [88907.5, 460.0], [88905.0, 1540.0], [88890.0, 4670.0], [88887.5, 15630.0], [88805.0, 330.0], [88802.5, 640.0], [88800.0, 2150.0], [88790.0, 5020.0], [88787.5, 4500.0], [88785.0, 15080.0], [88770.0, 10.0], [88762.5, 40.0], [88747.5, 2570.0], [88745.0, 8620.0], [88735.0, 10290.0], [88732.5, 34480.0], [88725.0, 30480.0]], "asks": [[88952.5, 10000.0], [88962.5, 1130.0], [88965.0, 4040.0], [88967.5, 700.0], [88970.0, 210.0], [88972.5, 700.0], [88975.0, 30.0], [88987.5, 450.0], [88990.0, 1500.0], [88992.5, 11470.0], [88995.0, 52940.0], [88997.5, 46420.0], [89012.5, 1370.0], [89015.0, 4580.0], [89037.5, 300.0], [89040.0, 1000.0], [89042.5, 4720.0], [89045.0, 15800.0], [89067.5, 300.0], [89070.0, 2500.0]]}}}
{"jsonrpc": "2.0", "method": "subscription", "params": {"channel": "book.BTC-6FEB26.none.20.100ms", "data": {"timestamp": 1769545986853, "change_id": 137121848454, "instrument_name": "BTC-6FEB26", "bids": [[88932.5, 30.0], [88920.0, 700.0], [88917.5, 50000.0], [88912.5, 10.0], [88905.0, 1540.0], [88870.0, 16340.0], [88807.5, 330.0], [88800.0, 2150.0], [88785.0, 15080.0], [88772.5, 5020.0], [88770.0, 10.0], [88762.5, 40.0], [88745.0, 8620.0], [88732.5, 34480.0], [88725.0, 30480.0], [88722.5, 1440.0], [88720.0, 16250.0], [88705.0, 500.0], [88667.5, 50000.0], [88665.0, 30500.0]], "asks": [[88940.0, 10000.0], [88942.5, 10.0], [88952.5, 50000.0], [88955.0, 46420.0], [88960.0, 3130.0], [88967.5, 4610.0], [88977.5, 30.0], [88990.0, 1500.0], [89005.0, 1000.0], [89035.0, 1000.0], [89045.0, 15800.0], [89065.0, 1000.0], [89072.5, 5040.0], [89085.0, 14630.0], [89122.5, 29740.0], [89150.0, 40.0], [89205.0, 10.0], [89225.0, 500.0], [89232.5, 160.0], [89237.5, 50000.0]]}}}
{"jsonrpc": "2.0", "method": "subscription", "params": {"channel": "book.BTC-6FEB26.none.20.100ms", "data": {"timestamp": 1769545986914, "change_id": 137121849782, "instrument_name": "BTC-6FEB26", "bids": [[88935.0, 3830.0], [88930.0, 30.0], [88922.5, 220.0], [88920.0, 10070.0], [88917.5, 50000.0], [88907.5, 460.0], [88905.0, 1540.0], [88872.5, 4880.0], [88870.0, 16340.0], [88807.5, 330.0], [88802.5, 640.0], [88800.0, 2150.0], [88787.5, 4500.0], [88785.0, 15080.0], [88775.0, 1500.0], [88772.5, 5020.0], [88770.0, 10.0], [88762.5, 40.0], [88747.5, 2570.0], [88745.0, 8620.0]], "asks": [[88940.0, 10000.0], [88950.0, 10.0], [88952.5, 50000.0], [88955.0, 46420.0], [88965.0, 2310.0], [88967.5, 4610.0], [88970.0, 3130.0], [88977.5, 30.0], [88987.5, 450.0], [88990.0, 1500.0], [89002.5, 300.0], [89005.0, 1000.0], [89032.5, 300.0], [89035.0, 1000.0], [89042.5, 4720.0], [89045.0, 15800.0], [89062.5, 300.0], [89065.0, 1000.0], [89072.5, 5040.0], [89085.0, 14630.0]]}}}
{"jsonrpc": "2.0", "method": "subscription", "params": {"channel": "book.BTC-6FEB26.none.20.100ms", "data": {"timestamp": 1769545987201, "change_id": 137121850337, "instrument_name": "BTC-6FEB26", "bids": [[88935.0, 3130.0], [88930.0, 30.0], [88922.5, 220.0], [88920.0, 10070.0], [88917.5, 50000.0], [88907.5, 460.0], [88905.0, 1540.0], [88872.5, 4880.0], [88870.0, 16340.0], [88807.5, 330.0], [88802.5, 640.0], [88800.0, 2150.0], [88787.5, 4500.0], [88785.0, 15080.0], [88775.0, 1500.0], [88772.5, 5020.0], [88770.0, 10.0], [88762.5, 40.0], [88747.5, 2570.0], [88745.0, 8620.0]], "asks": [[88940.0, 10000.0], [88950.0, 10.0], [88952.5, 50000.0], [88955.0, 46420.0], [88965.0, 2310.0], [88967.5, 4610.0], [88970.0, 3130.0], [88972.5, 600.0], [88975.0, 2000.0], [88977.5, 30.0], [88987.5, 450.0], [88990.0, 1500.0], [89002.5, 300.0], [89005.0, 1000.0], [89032.5, 300.0], [89035.0, 1000.0], [89042.5, 4720.0], [89045.0, 15800.0], [89062.5, 300.0], [89065.0, 1000.0]]}}}
{"jsonrpc": "2.0", "method": "subscription", "params": {"channel": "book.BTC-6FEB26.none.20.100ms", "data": {"timestamp": 1769545987754, "change_id": 137121850724, "instrument_name": "BTC-6FEB26", "bids": [[88937.5, 2200.0], [88935.0, 3130.0], [88930.0, 30.0], [88925.0, 420.0], [88922.5, 710.0], [88920.0, 10070.0], [88917.5, 50000.0], [88907.5, 460.0], [88905.0, 1540.0], [88872.5, 4880.0], [88870.0, 16340.0], [88807.5, 330.0], [88802.5, 640.0], [88800.0, 2150.0], [88787.5, 4500.0], [88785.0, 15080.0], [88775.0, 1500.0], [88772.5, 5020.0], [88770.0, 10.0], [88762.5, 40.0]], "asks": [[88940.0, 10000.0], [88950.0, 700.0], [88952.5, 50010.0], [88955.0, 46420.0], [88965.0, 2310.0], [88967.5, 4610.0], [88970.0, 4630.0], [88972.5, 600.0], [88975.0, 2000.0], [88977.5, 30.0], [89002.5, 300.0], [89005.0, 1000.0], [89032.5, 300.0], [89035.0, 1000.0], [89042.5, 4720.0], [89045.0, 15800.0], [89062.5, 300.0], [89065.0, 1000.0], [89072.5, 5040.0], [89085.0, 14630.0]]}}}
{"jsonrpc": "2.0", "method": "subscription", "params": {"channel": "book.BTC-6FEB26.none.20.100ms", "data": {"timestamp": 1769545988144, "change_id": 137121851252, "instrument_name": "BTC-6FEB26", "bids": [[88937.5, 1500.0], [88935.0, 3130.0], [88930.0, 30.0], [88925.0, 9440.0], [88922.5, 43380.0], [88920.0, 52750.0], [88917.5, 50000.0], [88907.5, 460.0], [88905.0, 1540.0], [88872.5, 4880.0], [88870.0, 16340.0], [88807.5, 330.0], [88802.5, 640.0], [88800.0, 2150.0], [88787.5, 4500.0], [88785.0, 15080.0], [88775.0, 1500.0], [88772.5, 5020.0], [88770.0, 10.0], [88762.5, 40.0]], "asks": [[88940.0, 10000.0], [88952.5, 50010.0], [88955.0, 46420.0], [88965.0, 2310.0], [88967.5, 4610.0], [88970.0, 4630.0], [88977.5, 30.0], [89002.5, 300.0], [89005.0, 1000.0], [89032.5, 300.0], [89035.0, 1000.0], [89042.5, 4720.0], [89045.0, 15800.0], [89062.5, 300.0], [89065.0, 1000.0], [89072.5, 5040.0], [89085.0, 14630.0], [89122.5, 29740.0], [89150.0, 40.0], [89205.0, 10.0]]}}}
{"jsonrpc": "2.0", "method": "subscription", "params": {"channel": "book.BTC-6FEB26.none.20.100ms", "data": {"timestamp": 1769545988260, "change_id": 137121852525, "instrument_name": "BTC-6FEB26", "bids": [[88937.5, 2200.0], [88935.0, 3130.0], [88930.0, 30.0], [88925.0, 13520.0], [88922.5, 43380.0], [88920.0, 52750.0], [88917.5, 50000.0], [88907.5, 460.0], [88905.0, 1540.0], [88872.5, 4880.0], [88870.0, 16340.0], [88807.5, 330.0], [88802.5, 640.0], [88800.0, 2150.0], [88787.5, 4500.0], [88785.0, 15080.0], [88775.0, 1500.0], [88772.5, 5020.0], [88770.0, 10.0], [88762.5, 40.0]], "asks": [[88940.0, 9890.0], [88952.5, 50010.0], [88955.0, 46420.0], [88965.0, 1380.0], [88967.5, 4610.0], [88975.0, 940.0], [88977.5, 3130.0], [88980.0, 1500.0], [88990.0, 30.0], [89025.0, 300.0], [89027.5, 1000.0], [89042.5, 4720.0], [89045.0, 15800.0], [89055.0, 300.0], [89057.5, 1000.0], [89070.0, 1500.0], [89072.5, 5040.0], [89085.0, 14630.0], [89087.5, 1000.0], [89122.5, 29740.0]]}}}
{"jsonrpc": "2.0", "method": "subscription", "params": {"channel": "book.BTC-6FEB26.none.20.100ms", "data": {"timestamp": 1769545988812, "change_id": 137121853123, "instrument_name": "BTC-6FEB26", "bids": [[88937.5, 2200.0], [88935.0, 3130.0], [88930.0, 30.0], [88927.5, 210.0], [88925.0, 1120.0], [88922.5, 710.0], [88920.0, 14430.0], [88917.5, 50000.0], [88907.5, 460.0], [88905.0, 1540.0], [88872.5, 4880.0], [88870.0, 16340.0], [88807.5, 330.0], [88802.5, 640.0], [88800.0, 2150.0], [88787.5, 4500.0], [88785.0, 15080.0], [88775.0, 1500.0], [88772.5, 5020.0], [88770.0, 10.0]], "asks": [[88940.0, 9890.0], [88950.0, 700.0], [88952.5, 50010.0], [88955.0, 46420.0], [88967.5, 4610.0], [88975.0, 940.0], [88977.5, 3130.0], [88980.0, 1500.0], [88990.0, 30.0], [89025.0, 300.0], [89027.5, 1000.0], [89042.5, 4720.0], [89045.0, 15800.0], [89055.0, 300.0], [89057.5, 1000.0], [89070.0, 1500.0], [89072.5, 5040.0], [89085.0, 14630.0], [89087.5, 1000.0], [89122.5, 29740.0]]}}}
{"jsonrpc": "2.0", "method": "subscription", "params": {"channel": "book.BTC-6FEB26.none.20.100ms", "data": {"timestamp": 1769545989020, "change_id": 137121853522, "instrument_name": "BTC-6FEB26", "bids": [[88937.5, 1500.0], [88935.0, 45810.0], [88930.0, 30.0], [88927.5, 210.0], [88925.0, 1120.0], [88922.5, 710.0], [88920.0, 14430.0], [88917.5, 50000.0], [88907.5, 460.0], [88905.0, 1540.0], [88872.5, 4880.0], [88870.0, 16340.0], [88807.5, 330.0], [88802.5, 640.0], [88800.0, 2150.0], [88787.5, 4500.0], [88785.0, 15080.0], [88775.0, 1500.0], [88772.5, 5020.0], [88770.0, 10.0]], "asks": [[88940.0, 9890.0], [88950.0, 700.0], [88952.5, 50010.0], [88955.0, 46420.0], [88965.0, 1380.0], [88967.5, 4610.0], [88975.0, 940.0], [88977.5, 3130.0], [88980.0, 1500.0], [88990.0, 30.0], [89025.0, 300.0], [89027.5, 1000.0], [89042.5, 4720.0], [89045.0, 15800.0], [89055.0, 300.0], [89057.5, 1000.0], [89070.0, 1500.0], [89072.5, 5040.0], [89085.0, 14630.0], [89087.5, 1000.0]]}}}
{"jsonrpc": "2.0", "method": "subscription", "params": {"channel": "book.BTC-6FEB26.none.20.100ms", "data": {"timestamp": 1769545989454, "change_id": 137121854196, "instrument_name": "BTC-6FEB26", "bids": [[88937.5, 1500.0], [88935.0, 45810.0], [88932.5, 9040.0], [88930.0, 42710.0], [88927.5, 210.0], [88925.0, 1120.0], [88922.5, 710.0], [88920.0, 14430.0], [88917.5, 50000.0], [88907.5, 460.0], [88905.0, 1540.0], [88872.5, 4880.0], [88870.0, 16340.0], [88807.5, 330.0], [88802.5, 640.0], [88800.0, 2150.0], [88787.5, 4500.0], [88785.0, 15080.0], [88775.0, 1500.0], [88772.5, 5020.0]], "asks": [[88940.0, 9890.0], [88950.0, 700.0], [88952.5, 50010.0], [88955.0, 46420.0], [88965.0, 1380.0], [88967.5, 4610.0], [88975.0, 940.0], [88977.5, 3130.0], [88980.0, 2100.0], [88982.5, 2000.0], [88990.0, 30.0], [89025.0, 300.0], [89027.5, 1000.0], [89042.5, 4720.0], [89045.0, 15800.0], [89055.0, 300.0], [89057.5, 1000.0], [89070.0, 1500.0], [89072.5, 5040.0], [89085.0, 14630.0]]}}}
{"jsonrpc": "2.0", "method": "subscription", "params": {"channel": "book.BTC-6FEB26.none.20.100ms", "data": {"timestamp": 1769545989741, "change_id": 137121854374, "instrument_name": "BTC-6FEB26", "bids": [[88937.5, 1500.0], [88935.0, 45810.0], [88932.5, 9040.0], [88930.0, 42710.0], [88925.0, 420.0], [88922.5, 710.0], [88920.0, 14430.0], [88917.5, 50000.0], [88907.5, 460.0], [88905.0, 1540.0], [88872.5, 4880.0], [88870.0, 16340.0], [88807.5, 330.0], [88802.5, 640.0], [88800.0, 2150.0], [88787.5, 4500.0], [88785.0, 15080.0], [88775.0, 1500.0], [88772.5, 5020.0], [88770.0, 10.0]], "asks": [[88940.0, 10590.0], [88950.0, 700.0], [88952.5, 50010.0], [88955.0, 46420.0], [88965.0, 1380.0], [88967.5, 4610.0], [88975.0, 940.0], [88977.5, 3130.0], [88980.0, 2100.0], [88982.5, 2000.0], [88990.0, 30.0], [89025.0, 300.0], [89027.5, 1000.0], [89042.5, 4720.0], [89045.0, 15800.0], [89055.0, 300.0], [89057.5, 1000.0], [89070.0, 1500.0], [89072.5, 5040.0], [89085.0, 14630.0]]}}}
{"jsonrpc": "2.0", "method": "subscription", "params": {"channel": "book.BTC-6FEB26.none.20.100ms", "data": {"timestamp": 1769545990156, "change_id": 137121855131, "instrument_name": "BTC-6FEB26", "bids": [[88937.5, 2200.0], [88935.0, 45810.0], [88932.5, 9040.0], [88930.0, 42710.0], [88925.0, 430.0], [88922.5, 700.0], [88920.0, 14430.0], [88917.5, 50000.0], [88907.5, 460.0], [88905.0, 1540.0], [88872.5, 4880.0], [88870.0, 16340.0], [88807.5, 330.0], [88802.5, 640.0], [88800.0, 2150.0], [88787.5, 4500.0], [88785.0, 15080.0], [88775.0, 1500.0], [88772.5, 5020.0], [88770.0, 10.0]], "asks": [[88940.0, 9730.0], [88952.5, 50010.0], [88955.0, 46420.0], [88967.5, 4610.0], [88975.0, 940.0], [88977.5, 3130.0], [88980.0, 1500.0], [88990.0, 30.0], [89025.0, 300.0], [89027.5, 1000.0], [89042.5, 4720.0], [89045.0, 15800.0], [89055.0, 300.0], [89057.5, 1000.0], [89070.0, 1500.0], [89072.5, 5040.0], [89085.0, 14630.0], [89087.5, 1000.0], [89122.5, 29740.0], [89150.0, 40.0]]}}}
{"jsonrpc": "2.0", "method": "subscription", "params": {"channel": "book.BTC-6FEB26.none.20.100ms", "data": {"timestamp": 1769545990300, "change_id": 137121855391, "instrument_name": "BTC-6FEB26", "bids": [[88937.5, 2200.0], [88935.0, 45810.0], [88932.5, 9040.0], [88930.0, 42710.0], [88925.0, 430.0], [88922.5, 700.0], [88920.0, 14430.0], [88917.5, 50000.0], [88907.5, 460.0], [88905.0, 1540.0], [88872.5, 4880.0], [88870.0, 16340.0], [88807.5, 330.0], [88802.5, 640.0], [88800.0, 2150.0], [88787.5, 4500.0], [88785.0, 15080.0], [88775.0, 1500.0], [88772.5, 5020.0], [88770.0, 10.0]], "asks": [[88940.0, 9730.0], [88952.5, 50010.0], [88955.0, 46420.0], [88967.5, 4610.0], [88975.0, 940.0], [88977.5, 3130.0], [88980.0, 1500.0], [88985.0, 610.0], [88987.5, 2000.0], [88990.0, 30.0], [89025.0, 300.0], [89027.5, 1000.0], [89042.5, 4720.0], [89045.0, 15800.0], [89055.0, 300.0], [89057.5, 1000.0], [89070.0, 1500.0], [89072.5, 5040.0], [89085.0, 14630.0], [89087.5, 1000.0]]}}}
{"jsonrpc": "2.0", "method": "subscription", "params": {"channel": "book.BTC-6FEB26.none.20.100ms", "data": {"timestamp": 1769545990759, "change_id": 137121855979, "instrument_name": "BTC-6FEB26", "bids": [[88937.5, 2200.0], [88935.0, 45810.0], [88932.5, 9040.0], [88930.0, 42710.0], [88925.0, 430.0], [88922.5, 700.0], [88920.0, 14430.0], [88917.5, 50000.0], [88907.5, 460.0], [88905.0, 1540.0], [88872.5, 4880.0], [88870.0, 16340.0], [88805.0, 330.0], [88802.5, 640.0], [88800.0, 2150.0], [88797.5, 1500.0], [88795.0, 5020.0], [88787.5, 4500.0], [88785.0, 15080.0], [88770.0, 10.0]], "asks": [[88940.0, 9730.0], [88952.5, 50010.0], [88955.0, 46420.0], [88967.5, 4610.0], [88975.0, 940.0], [88977.5, 3130.0], [88980.0, 1500.0], [88985.0, 610.0], [88987.5, 2000.0], [88990.0, 30.0], [89025.0, 300.0], [89027.5, 1000.0], [89042.5, 4720.0], [89045.0, 15800.0], [89055.0, 300.0], [89057.5, 1000.0], [89070.0, 1500.0], [89072.5, 5040.0], [89085.0, 14630.0], [89087.5, 1000.0]]}}}
{"jsonrpc": "2.0", "method": "subscription", "params": {"channel": "book.BTC-6FEB26.none.20.100ms", "data": {"timestamp": 1769545991766, "change_id": 137121857714, "instrument_name": "BTC-6FEB26", "bids": [[88937.5, 2200.0], [88935.0, 45810.0], [88932.5, 9040.0], [88930.0, 42710.0], [88925.0, 430.0], [88922.5, 700.0], [88920.0, 14430.0], [88917.5, 50000.0], [88907.5, 460.0], [88905.0, 1540.0], [88872.5, 4880.0], [88870.0, 16340.0], [88805.0, 330.0], [88802.5, 640.0], [88800.0, 2150.0], [88797.5, 1500.0], [88795.0, 5020.0], [88787.5, 4500.0], [88785.0, 15080.0], [88770.0, 10.0]], "asks": [[88940.0, 9730.0], [88950.0, 700.0], [88952.5, 50010.0], [88955.0, 46420.0], [88967.5, 4610.0], [88972.5, 450.0], [88975.0, 2440.0], [88977.5, 3130.0], [88980.0, 600.0], [88982.5, 2000.0], [88990.0, 30.0], [89025.0, 300.0], [89027.5, 1000.0], [89042.5, 4720.0], [89045.0, 15800.0], [89055.0, 300.0], [89057.5, 1000.0], [89070.0, 1500.0], [89072.5, 5040.0], [89085.0, 14630.0]]}}}
{"jsonrpc": "2.0", "method": "subscription", "params": {"channel": "book.BTC-6FEB26.none.20.100ms", "data": {"timestamp": 1769545992408, "change_id": 137121858719, "instrument_name": "BTC-6FEB26", "bids": [[88937.5, 1500.0], [88935.0, 45810.0], [88932.5, 9040.0], [88930.0, 42710.0], [88925.0, 430.0], [88922.5, 700.0], [88920.0, 14430.0], [88917.5, 50000.0], [88907.5, 460.0], [88905.0, 1540.0], [88872.5, 4880.0], [88870.0, 16340.0], [88805.0, 330.0], [88802.5, 640.0], [88800.0, 2150.0], [88797.5, 1500.0], [88795.0, 5020.0], [88787.5, 4500.0], [88785.0, 15080.0], [88770.0, 10.0]], "asks": [[88940.0, 9730.0], [88950.0, 700.0], [88952.5, 50010.0], [88955.0, 46420.0], [88967.5, 4610.0], [88972.5, 450.0], [88975.0, 2440.0], [88977.5, 3130.0], [88980.0, 600.0], [88982.5, 2000.0], [88990.0, 30.0], [89025.0, 300.0], [89027.5, 1000.0], [89042.5, 4720.0], [89045.0, 15800.0], [89055.0, 300.0], [89057.5, 1000.0], [89070.0, 1500.0], [89072.5, 5040.0], [89085.0, 14630.0]]}}}
{"jsonrpc": "2.0", "method": "subscription", "params": {"channel": "book.BTC-6FEB26.none.20.100ms", "data": {"timestamp": 1769545992741, "change_id": 137121859282, "instrument_name": "BTC-6FEB26", "bids": [[88937.5, 1500.0], [88935.0, 45810.0], [88932.5, 9040.0], [88930.0, 42710.0], [88925.0, 430.0], [88922.5, 700.0], [88920.0, 14430.0], [88917.5, 50000.0], [88907.5, 460.0], [88905.0, 1540.0], [88872.5, 4880.0], [88870.0, 16340.0], [88805.0, 330.0], [88802.5, 640.0], [88800.0, 2150.0], [88797.5, 1500.0], [88795.0, 5020.0], [88787.5, 4500.0], [88785.0, 15080.0], [88770.0, 10.0]], "asks": [[88940.0, 9730.0], [88950.0, 700.0], [88952.5, 50010.0], [88955.0, 46420.0], [88965.0, 1380.0], [88967.5, 4610.0], [88972.5, 450.0], [88975.0, 2910.0], [88977.5, 5130.0], [88980.0, 30.0], [89025.0, 300.0], [89027.5, 1000.0], [89042.5, 4720.0], [89045.0, 15800.0], [89055.0, 300.0], [89057.5, 1000.0], [89070.0, 1500.0], [89072.5, 5040.0], [89085.0, 14630.0], [89087.5, 1000.0]]}}}
{"jsonrpc": "2.0", "method": "subscription", "params": {"channel": "book.BTC-6FEB26.none.20.100ms", "data": {"timestamp": 1769545993014, "change_id": 137121859923, "instrument_name": "BTC-6FEB26", "bids": [[88937.5, 2200.0], [88935.0, 45810.0], [88932.5, 9040.0], [88930.0, 42710.0], [88925.0, 430.0], [88922.5, 700.0], [88920.0, 14430.0], [88917.5, 50000.0], [88907.5, 460.0], [88905.0, 1540.0], [88872.5, 4880.0], [88870.0, 16340.0], [88805.0, 330.0], [88802.5, 640.0], [88800.0, 2150.0], [88797.5, 1500.0], [88795.0, 5020.0], [88787.5, 4500.0], [88785.0, 15080.0], [88770.0, 10.0]], "asks": [[88940.0, 9620.0], [88950.0, 700.0], [88952.5, 10.0], [88967.5, 4610.0], [88975.0, 940.0], [88977.5, 3130.0], [88992.5, 30.0], [88995.0, 59510.0], [88997.5, 46330.0], [89025.0, 300.0], [89027.5, 1000.0], [89042.5, 4720.0], [89045.0, 15800.0], [89055.0, 300.0], [89057.5, 1000.0], [89070.0, 1500.0], [89072.5, 5040.0], [89085.0, 14630.0], [89087.5, 1000.0], [89122.5, 29740.0]]}}}
{"jsonrpc": "2.0", "method": "subscription", "params": {"channel": "book.BTC-6FEB26.none.20.100ms", "data": {"timestamp": 1769545993449, "change_id": 137121860625, "instrument_name": "BTC-6FEB26", "bids": [[88960.0, 1500.0], [88950.0, 30.0], [88947.5, 930.0], [88945.0, 4260.0], [88942.5, 700.0], [88940.0, 700.0], [88937.5, 10930.0], [88935.0, 42680.0], [88932.5, 9040.0], [88930.0, 42680.0], [88925.0, 420.0], [88922.5, 700.0], [88920.0, 700.0], [88907.5, 460.0], [88905.0, 1540.0], [88887.5, 330.0], [88872.5, 4880.0], [88870.0, 16340.0], [88805.0, 2140.0], [88802.5, 5020.0]], "asks": [[88962.5, 10700.0], [88967.5, 4610.0], [88975.0, 950.0], [88977.5, 3130.0], [88980.0, 450.0], [88982.5, 1500.0], [88992.5, 8040.0], [88995.0, 59510.0], [88997.5, 46330.0], [89025.0, 300.0], [89027.5, 1000.0], [89042.5, 4720.0], [89045.0, 15800.0], [89055.0, 300.0], [89057.5, 1000.0], [89070.0, 1500.0], [89072.5, 5040.0], [89085.0, 14630.0], [89087.5, 1000.0], [89122.5, 29740.0]]}}}
{"jsonrpc": "2.0", "method": "subscription", "params": {"channel": "book.BTC-6FEB26.none.20.100ms", "data": {"timestamp": 1769545993610, "change_id": 137121860948, "instrument_name": "BTC-6FEB26", "bids": [[88955.0, 460.0], [88952.5, 1500.0], [88950.0, 30.0], [88947.5, 930.0], [88945.0, 4250.0], [88942.5, 700.0], [88940.0, 710.0], [88937.5, 10930.0], [88935.0, 42680.0], [88932.5, 9040.0], [88930.0, 42680.0], [88907.5, 460.0], [88905.0, 1540.0], [88887.5, 330.0], [88872.5, 4880.0], [88870.0, 16340.0], [88805.0, 2140.0], [88802.5, 5020.0], [88800.0, 2150.0], [88787.5, 4500.0]], "asks": [[88962.5, 10700.0], [88967.5, 4610.0], [88970.0, 430.0], [88972.5, 700.0], [88975.0, 1640.0], [88977.5, 4630.0], [88992.5, 8040.0], [88995.0, 59510.0], [88997.5, 46330.0], [89025.0, 300.0], [89027.5, 1000.0], [89042.5, 4720.0], [89045.0, 15800.0], [89055.0, 300.0], [89057.5, 1000.0], [89070.0, 1500.0], [89072.5, 5040.0], [89085.0, 14630.0], [89087.5, 1000.0], [89122.5, 29740.0]]}}}
{"jsonrpc": "2.0", "method": "subscription", "params": {"channel": "book.BTC-6FEB26.none.20.100ms", "data": {"timestamp": 1769545994123, "change_id": 137121862955, "instrument_name": "BTC-6FEB26", "bids": [[88957.5, 3860.0], [88952.5, 1500.0], [88945.0, 700.0], [88942.5, 710.0], [88940.0, 700.0], [88937.5, 700.0], [88935.0, 42680.0], [88930.0, 42680.0], [88917.5, 16440.0], [88905.0, 1540.0], [88890.0, 330.0], [88805.0, 5020.0], [88800.0, 2150.0], [88785.0, 15080.0], [88770.0, 10.0], [88762.5, 40.0], [88745.0, 8620.0], [88732.5, 34480.0], [88725.0, 30480.0], [88722.5, 1440.0]], "asks": [[88962.5, 10000.0], [88972.5, 10.0], [88992.5, 3130.0], [88995.0, 52000.0], [88997.5, 46330.0], [89005.0, 30.0], [89012.5, 4610.0], [89045.0, 1000.0], [89052.5, 16350.0], [89072.5, 5040.0], [89075.0, 1000.0], [89085.0, 14630.0], [89105.0, 1000.0], [89122.5, 29740.0], [89150.0, 40.0], [89205.0, 10.0], [89225.0, 500.0], [89232.5, 160.0], [89237.5, 50000.0], [89250.0, 1780.0]]}}}
{"jsonrpc": "2.0", "method": "subscription", "params": {"channel": "book.BTC-6FEB26.none.20.100ms", "data": {"timestamp": 1769545994279, "change_id": 137121863473, "instrument_name": "BTC-6FEB26", "bids": [[88960.0, 1500.0], [88957.5, 3860.0], [88945.0, 710.0], [88942.5, 700.0], [88940.0, 700.0], [88937.5, 700.0], [88935.0, 42680.0], [88930.0, 42680.0], [88917.5, 16440.0], [88905.0, 1540.0], [88875.0, 330.0], [88807.5, 5020.0], [88800.0, 2150.0], [88785.0, 15080.0], [88770.0, 10.0], [88762.5, 40.0], [88745.0, 8620.0], [88732.5, 34480.0], [88725.0, 30480.0], [88722.5, 1440.0]], "asks": [[88962.5, 10000.0], [88975.0, 10.0], [88992.5, 3130.0], [88995.0, 51500.0], [88997.5, 46330.0], [89005.0, 30.0], [89012.5, 4610.0], [89045.0, 1000.0], [89052.5, 16350.0], [89072.5, 5040.0], [89075.0, 1000.0], [89085.0, 14630.0], [89105.0, 1000.0], [89122.5, 29740.0], [89150.0, 40.0], [89205.0, 10.0], [89225.0, 500.0], [89232.5, 160.0], [89237.5, 50000.0], [89250.0, 1780.0]]}}}
{"jsonrpc": "2.0", "method": "subscription", "params": {"channel": "book.BTC-6FEB26.none.20.100ms", "data": {"timestamp": 1769545994677, "change_id": 137121864068, "instrument_name": "BTC-6FEB26", "bids": [[88960.0, 2200.0], [88957.5, 3160.0], [88950.0, 210.0], [88947.5, 700.0], [88945.0, 220.0], [88942.5, 700.0], [88920.0, 4910.0], [88917.5, 16440.0], [88907.5, 460.0], [88905.0, 1540.0], [88875.0, 330.0], [88810.0, 1500.0], [88807.5, 5020.0], [88802.5, 640.0], [88800.0, 2150.0], [88787.5, 4500.0], [88785.0, 15080.0], [88770.0, 10.0], [88762.5, 40.0], [88745.0, 8620.0]], "asks": [[88962.5, 10000.0], [88972.5, 700.0], [88975.0, 10.0], [88992.5, 6960.0], [88995.0, 51500.0], [88997.5, 46330.0], [89005.0, 30.0], [89010.0, 1380.0], [89012.5, 4610.0], [89042.5, 300.0], [89045.0, 1000.0], [89050.0, 4880.0], [89052.5, 16350.0], [89070.0, 1800.0], [89072.5, 5040.0], [89075.0, 1000.0], [89082.5, 4370.0], [89085.0, 14630.0], [89105.0, 1000.0], [89122.5, 29740.0]]}}}
{"jsonrpc": "2.0", "method": "subscription", "params": {"channel": "book.BTC-6FEB26.none.20.100ms", "data": {"timestamp": 1769545995084, "change_id": 137121864773, "instrument_name": "BTC-6FEB26", "bids": [[88960.0, 2200.0], [88957.5, 3160.0], [88950.0, 210.0], [88947.5, 700.0], [88945.0, 220.0], [88942.5, 700.0], [88920.0, 4910.0], [88917.5, 16440.0], [88907.5, 460.0], [88905.0, 1540.0], [88875.0, 330.0], [88810.0, 1500.0], [88807.5, 5020.0], [88802.5, 640.0], [88800.0, 2150.0], [88787.5, 4500.0], [88785.0, 15080.0], [88770.0, 10.0], [88762.5, 40.0], [88745.0, 8620.0]], "asks": [[88962.5, 10000.0], [88972.5, 700.0], [88975.0, 10.0], [88987.5, 450.0], [88990.0, 1500.0], [88992.5, 8690.0], [88995.0, 52000.0], [88997.5, 46330.0], [89005.0, 30.0], [89010.0, 1380.0], [89012.5, 4610.0], [89042.5, 300.0], [89045.0, 1000.0], [89050.0, 4880.0], [89052.5, 16350.0], [89070.0, 1800.0], [89072.5, 5040.0], [89075.0, 1000.0], [89082.5, 4370.0], [89085.0, 14630.0]]}}}
{"jsonrpc": "2.0", "method": "subscription", "params": {"channel": "book.BTC-6FEB26.none.20.100ms", "data": {"timestamp": 1769545995316, "change_id": 137121865213, "instrument_name": "BTC-6FEB26", "bids": [[88960.0, 1500.0], [88957.5, 3160.0], [88950.0, 9700.0], [88947.5, 43400.0], [88945.0, 42900.0], [88942.5, 700.0], [88920.0, 4910.0], [88917.5, 16440.0], [88907.5, 460.0], [88905.0, 1540.0], [88875.0, 330.0], [88810.0, 1500.0], [88807.5, 5020.0], [88787.5, 4500.0], [88785.0, 15080.0], [88770.0, 10.0], [88762.5, 40.0], [88725.0, 30480.0], [88722.5, 1440.0], [88720.0, 16250.0]], "asks": [[88962.5, 10000.0], [88972.5, 700.0], [88975.0, 10.0], [88987.5, 450.0], [88990.0, 1500.0], [88992.5, 8690.0], [88995.0, 52000.0], [88997.5, 46330.0], [89005.0, 30.0], [89010.0, 1380.0], [89012.5, 4610.0], [89042.5, 300.0], [89045.0, 1000.0], [89050.0, 4880.0], [89052.5, 16350.0], [89070.0, 1800.0], [89072.5, 5040.0], [89075.0, 1000.0], [89082.5, 4370.0], [89085.0, 14630.0]]}}}
{"jsonrpc": "2.0", "method": "subscription", "params": {"channel": "book.BTC-6FEB26.none.20.100ms", "data": {"timestamp": 1769545995663, "change_id": 137121865581, "instrument_name": "BTC-6FEB26", "bids": [[88960.0, 1500.0], [88957.5, 3160.0], [88950.0, 9700.0], [88947.5, 43400.0], [88945.0, 42900.0], [88920.0, 4910.0], [88917.5, 16440.0], [88907.5, 460.0], [88905.0, 1540.0], [88875.0, 330.0], [88810.0, 1500.0], [88807.5, 5020.0], [88787.5, 4500.0], [88785.0, 15080.0], [88770.0, 10.0], [88762.5, 40.0], [88725.0, 30480.0], [88722.5, 1440.0], [88720.0, 16250.0], [88705.0, 500.0]], "asks": [[88962.5, 10000.0], [88972.5, 700.0], [88975.0, 10.0], [88985.0, 700.0], [88987.5, 450.0], [88990.0, 1500.0], [88992.5, 8690.0], [88995.0, 52000.0], [88997.5, 46330.0], [89005.0, 30.0], [89010.0, 1380.0], [89012.5, 4610.0], [89042.5, 300.0], [89045.0, 1000.0], [89050.0, 4880.0], [89052.5, 16350.0], [89070.0, 1800.0], [89072.5, 5040.0], [89075.0, 1000.0], [89082.5, 4370.0]]}}}
{"jsonrpc": "2.0", "method": "subscription", "params": {"channel": "book.BTC-6FEB26.none.20.100ms", "data": {"timestamp": 1769545995794, "change_id": 137121866174, "instrument_name": "BTC-6FEB26", "bids": [[88960.0, 1500.0], [88957.5, 930.0], [88955.0, 3130.0], [88950.0, 9700.0], [88947.5, 43400.0], [88945.0, 42920.0], [88920.0, 4910.0], [88917.5, 16440.0], [88907.5, 460.0], [88905.0, 1540.0], [88875.0, 330.0], [88810.0, 1500.0], [88807.5, 5020.0], [88787.5, 4500.0], [88785.0, 15080.0], [88770.0, 10.0], [88762.5, 40.0], [88725.0, 30480.0], [88722.5, 1440.0], [88720.0, 16250.0]], "asks": [[88962.5, 10000.0], [88972.5, 700.0], [88975.0, 10.0], [88982.5, 1120.0], [88985.0, 3830.0], [88987.5, 450.0], [88990.0, 1500.0], [88992.5, 5560.0], [88995.0, 50040.0], [88997.5, 46330.0], [89010.0, 1380.0], [89012.5, 4610.0], [89042.5, 300.0], [89045.0, 1000.0], [89050.0, 4880.0], [89052.5, 16350.0], [89070.0, 1800.0], [89072.5, 5040.0], [89075.0, 1000.0], [89082.5, 4370.0]]}}}
{"jsonrpc": "2.0", "method": "subscription", "params": {"channel": "book.BTC-6FEB26.none.20.100ms", "data": {"timestamp": 1769545996269, "change_id": 137121866665, "instrument_name": "BTC-6FEB26", "bids": [[88960.0, 1500.0], [88957.5, 930.0], [88955.0, 3130.0], [88950.0, 9700.0], [88947.5, 710.0], [88945.0, 42920.0], [88920.0, 4910.0], [88917.5, 16440.0], [88907.5, 460.0], [88905.0, 1540.0], [88875.0, 330.0], [88810.0, 1500.0], [88807.5, 5020.0], [88787.5, 4500.0], [88785.0, 15080.0], [88770.0, 10.0], [88762.5, 40.0], [88725.0, 30480.0], [88722.5, 1440.0], [88720.0, 16250.0]], "asks": [[88962.5, 10000.0], [88972.5, 700.0], [88975.0, 10.0], [88982.5, 1120.0], [88985.0, 3830.0], [88992.5, 5560.0], [88995.0, 50040.0], [88997.5, 46330.0], [89010.0, 1380.0], [89012.5, 4610.0], [89042.5, 300.0], [89045.0, 1000.0], [89050.0, 4880.0], [89052.5, 16350.0], [89070.0, 1800.0], [89072.5, 5040.0], [89075.0, 1000.0], [89082.5, 4370.0], [89085.0, 14630.0], [89105.0, 1000.0]]}}}
{"jsonrpc": "2.0", "method": "subscription", "params": {"channel": "book.BTC-6FEB26.none.20.100ms", "data": {"timestamp": 1769545996652, "change_id": 137121867137, "instrument_name": "BTC-6FEB26", "bids": [[88960.0, 1500.0], [88957.5, 930.0], [88955.0, 3130.0], [88950.0, 9700.0], [88947.5, 710.0], [88945.0, 42920.0], [88942.5, 42690.0], [88920.0, 4910.0], [88917.5, 16440.0], [88907.5, 460.0], [88905.0, 1540.0], [88875.0, 330.0], [88810.0, 1500.0], [88807.5, 5020.0], [88787.5, 4500.0], [88785.0, 15080.0], [88770.0, 10.0], [88762.5, 40.0], [88725.0, 30480.0], [88722.5, 1440.0]], "asks": [[88962.5, 10000.0], [88972.5, 700.0], [88975.0, 10.0], [88980.0, 700.0], [88982.5, 1120.0], [88985.0, 4280.0], [88987.5, 1500.0], [88992.5, 5560.0], [88995.0, 50040.0], [88997.5, 46330.0], [89010.0, 1380.0], [89012.5, 4610.0], [89042.5, 300.0], [89045.0, 1000.0], [89050.0, 4880.0], [89052.5, 16350.0], [89070.0, 1800.0], [89072.5, 5040.0], [89075.0, 1000.0], [89082.5, 4370.0]]}}}
{"jsonrpc": "2.0", "method": "subscription", "params": {"channel": "book.BTC-6FEB26.none.20.100ms", "data": {"timestamp": 1769545996861, "change_id": 137121867362, "instrument_name": "BTC-6FEB26", "bids": [[88960.0, 1500.0], [88957.5, 930.0], [88955.0, 3130.0], [88950.0, 9700.0], [88947.5, 710.0], [88945.0, 42920.0], [88942.5, 42690.0], [88920.0, 4910.0], [88917.5, 16440.0], [88907.5, 460.0], [88905.0, 1540.0], [88875.0, 330.0], [88810.0, 1500.0], [88807.5, 5020.0], [88787.5, 4500.0], [88785.0, 15080.0], [88770.0, 10.0], [88762.5, 40.0], [88725.0, 30480.0], [88722.5, 1440.0]], "asks": [[88962.5, 10000.0], [88972.5, 700.0], [88975.0, 10.0], [88980.0, 700.0], [88982.5, 2620.0], [88985.0, 3830.0], [88992.5, 5560.0], [88995.0, 50040.0], [88997.5, 46330.0], [89010.0, 1380.0], [89012.5, 4610.0], [89042.5, 300.0], [89045.0, 1000.0], [89050.0, 4880.0], [89052.5, 16350.0], [89070.0, 1800.0], [89072.5, 5040.0], [89075.0, 1000.0], [89082.5, 4370.0], [89085.0, 14630.0]]}}}
{"jsonrpc": "2.0", "method": "subscription", "params": {"channel": "book.BTC-6FEB26.none.20.100ms", "data": {"timestamp": 1769545997438, "change_id": 137121868239, "instrument_name": "BTC-6FEB26", "bids": [[88960.0, 1500.0], [88957.5, 930.0], [88955.0, 3130.0], [88950.0, 9700.0], [88947.5, 710.0], [88945.0, 42920.0], [88942.5, 42690.0], [88920.0, 4910.0], [88917.5, 16440.0], [88907.5, 460.0], [88905.0, 1540.0], [88875.0, 330.0], [88810.0, 1500.0], [88807.5, 5020.0], [88787.5, 4500.0], [88785.0, 15080.0], [88770.0, 10.0], [88762.5, 40.0], [88725.0, 30480.0], [88722.5, 1440.0]], "asks": [[88962.5, 10000.0], [88972.5, 700.0], [88975.0, 10.0], [88980.0, 700.0], [88982.5, 1500.0], [88985.0, 3830.0], [88992.5, 5560.0], [88995.0, 50040.0], [88997.5, 46330.0], [89010.0, 1380.0], [89012.5, 4610.0], [89042.5, 300.0], [89045.0, 1000.0], [89050.0, 4880.0], [89052.5, 16350.0], [89070.0, 1800.0], [89072.5, 5040.0], [89075.0, 1000.0], [89082.5, 4370.0], [89085.0, 14630.0]]}}}
{"jsonrpc": "2.0", "method": "subscription", "params": {"channel": "book.BTC-6FEB26.none.20.100ms", "data": {"timestamp": 1769545997641, "change_id": 137121868678, "instrument_name": "BTC-6FEB26", "bids": [[88960.0, 2200.0], [88957.5, 1630.0], [88955.0, 3150.0], [88950.0, 9700.0], [88947.5, 700.0], [88945.0, 47060.0], [88942.5, 42690.0], [88920.0, 4910.0], [88917.5, 16440.0], [88907.5, 460.0], [88905.0, 1540.0], [88877.5, 330.0], [88812.5, 1500.0], [88810.0, 5020.0], [88787.5, 4500.0], [88785.0, 15080.0], [88770.0, 10.0], [88762.5, 40.0], [88725.0, 30480.0], [88722.5, 1440.0]], "asks": [[88962.5, 10000.0], [88975.0, 10.0], [88992.5, 8690.0], [88995.0, 50000.0], [88997.5, 46330.0], [89007.5, 40.0], [89010.0, 1380.0], [89012.5, 4610.0], [89042.5, 300.0], [89045.0, 1000.0], [89050.0, 4880.0], [89052.5, 16350.0], [89070.0, 1800.0], [89072.5, 5040.0], [89075.0, 1000.0], [89082.5, 4370.0], [89085.0, 14630.0], [89105.0, 1000.0], [89122.5, 29740.0], [89150.0, 40.0]]}}}
{"jsonrpc": "2.0", "method": "subscription", "params": {"channel": "book.BTC-6FEB26.none.20.100ms", "data": {"timestamp": 1769545998064, "change_id": 137121869623, "instrument_name": "BTC-6FEB26", "bids": [[88955.0, 930.0], [88952.5, 3130.0], [88950.0, 9700.0], [88947.5, 710.0], [88945.0, 47050.0], [88942.5, 42690.0], [88940.0, 20.0], [88920.0, 4910.0], [88917.5, 16440.0], [88907.5, 460.0], [88905.0, 1540.0], [88877.5, 330.0], [88812.5, 1500.0], [88810.0, 5020.0], [88787.5, 4500.0], [88785.0, 15080.0], [88770.0, 10.0], [88762.5, 40.0], [88725.0, 30480.0], [88722.5, 1440.0]], "asks": [[88962.5, 10000.0], [88975.0, 10.0], [88982.5, 930.0], [88985.0, 3130.0], [88987.5, 40.0], [88992.5, 5560.0], [88995.0, 51500.0], [88997.5, 46330.0], [89010.0, 1380.0], [89012.5, 4610.0], [89042.5, 300.0], [89045.0, 1000.0], [89050.0, 4880.0], [89052.5, 16350.0], [89070.0, 1800.0], [89072.5, 5040.0], [89075.0, 1000.0], [89082.5, 4370.0], [89085.0, 14630.0], [89105.0, 1000.0]]}}}
{"jsonrpc": "2.0", "method": "subscription", "params": {"channel": "book.BTC-6FEB26.none.20.100ms", "data": {"timestamp": 1769545998369, "change_id": 137121870298, "instrument_name": "BTC-6FEB26", "bids": [[88947.5, 930.0], [88945.0, 3130.0], [88940.0, 20.0], [88935.0, 10.0], [88920.0, 4910.0], [88917.5, 16440.0], [88907.5, 460.0], [88905.0, 1540.0], [88880.0, 330.0], [88790.0, 5020.0], [88787.5, 4500.0], [88785.0, 15080.0], [88770.0, 10.0], [88762.5, 40.0], [88725.0, 30480.0], [88722.5, 1440.0], [88720.0, 16250.0], [88705.0, 500.0], [88667.5, 50000.0], [88665.0, 30500.0]], "asks": [[88962.5, 10010.0], [88975.0, 930.0], [88977.5, 3130.0], [88987.5, 40.0], [88992.5, 5560.0], [88995.0, 54680.0], [88997.5, 46330.0], [89010.0, 1380.0], [89012.5, 4610.0], [89042.5, 300.0], [89045.0, 1000.0], [89050.0, 4880.0], [89052.5, 16350.0], [89070.0, 1800.0], [89072.5, 5040.0], [89075.0, 1000.0], [89082.5, 4370.0], [89085.0, 14630.0], [89105.0, 1000.0], [89122.5, 29740.0]]}}}
{"jsonrpc": "2.0", "method": "subscription", "params": {"channel": "book.BTC-6FEB26.none.20.100ms", "data": {"timestamp": 1769545998629, "change_id": 137121871065, "instrument_name": "BTC-6FEB26", "bids": [[88947.5, 930.0], [88945.0, 3130.0], [88940.0, 20.0], [88937.5, 8780.0], [88935.0, 85360.0], [88932.5, 10.0], [88912.5, 4650.0], [88910.0, 15570.0], [88907.5, 460.0], [88905.0, 1540.0], [88880.0, 330.0], [88790.0, 5020.0], [88787.5, 4500.0], [88785.0, 15080.0], [88770.0, 10.0], [88762.5, 40.0], [88725.0, 30480.0], [88722.5, 1440.0], [88720.0, 16250.0], [88705.0, 500.0]], "asks": [[88962.5, 10710.0], [88972.5, 930.0], [88975.0, 3130.0], [88982.5, 210.0], [88985.0, 700.0], [88987.5, 40.0], [88992.5, 5560.0], [88995.0, 54680.0], [88997.5, 46330.0], [89010.0, 1380.0], [89012.5, 4610.0], [89042.5, 300.0], [89045.0, 1000.0], [89050.0, 4880.0], [89052.5, 16350.0], [89070.0, 1800.0], [89072.5, 5040.0], [89075.0, 1000.0], [89082.5, 4370.0], [89085.0, 14630.0]]}}}
{"jsonrpc": "2.0", "method": "subscription", "params": {"channel": "book.BTC-6FEB26.none.20.100ms", "data": {"timestamp": 1769545999062, "change_id": 137121871608, "instrument_name": "BTC-6FEB26", "bids": [[88952.5, 450.0], [88950.0, 1500.0], [88947.5, 930.0], [88945.0, 3130.0], [88940.0, 20.0], [88937.5, 8790.0], [88935.0, 85360.0], [88912.5, 4650.0], [88910.0, 15570.0], [88907.5, 460.0], [88905.0, 1540.0], [88880.0, 330.0], [88792.5, 1500.0], [88790.0, 5020.0], [88787.5, 4500.0], [88785.0, 15080.0], [88770.0, 10.0], [88762.5, 40.0], [88727.5, 8620.0], [88725.0, 30480.0]], "asks": [[88962.5, 10700.0], [88965.0, 10.0], [88972.5, 2430.0], [88975.0, 3130.0], [88982.5, 210.0], [88985.0, 700.0], [88987.5, 40.0], [88992.5, 5560.0], [88995.0, 53180.0], [88997.5, 46330.0], [89010.0, 1380.0], [89012.5, 4610.0], [89042.5, 300.0], [89045.0, 1000.0], [89050.0, 4880.0], [89052.5, 16350.0], [89070.0, 1800.0], [89072.5, 5040.0], [89075.0, 1000.0], [89082.5, 4370.0]]}}}
{"jsonrpc": "2.0", "method": "subscription", "params": {"channel": "book.BTC-6FEB26.none.20.100ms", "data": {"timestamp": 1769545999199, "change_id": 137121871723, "instrument_name": "BTC-6FEB26", "bids": [[88952.5, 450.0], [88950.0, 1500.0], [88947.5, 930.0], [88945.0, 3130.0], [88940.0, 20.0], [88937.5, 8790.0], [88935.0, 85360.0], [88912.5, 4650.0], [88910.0, 15570.0], [88907.5, 460.0], [88905.0, 1540.0], [88880.0, 330.0], [88792.5, 1500.0], [88790.0, 5020.0], [88787.5, 4500.0], [88785.0, 15080.0], [88770.0, 10.0], [88762.5, 40.0], [88727.5, 8620.0], [88725.0, 30480.0]], "asks": [[88962.5, 10700.0], [88967.5, 10.0], [88972.5, 2430.0], [88975.0, 3130.0], [88982.5, 210.0], [88985.0, 700.0], [88987.5, 40.0], [88992.5, 5560.0], [88995.0, 53180.0], [88997.5, 46330.0], [89010.0, 1380.0], [89012.5, 4610.0], [89042.5, 300.0], [89045.0, 1000.0], [89050.0, 4880.0], [89052.5, 16350.0], [89070.0, 1800.0], [89072.5, 5040.0], [89075.0, 1000.0], [89082.5, 4370.0]]}}}
{"jsonrpc": "2.0", "method": "subscription", "params": {"channel": "book.BTC-6FEB26.none.20.100ms", "data": {"timestamp": 1769545999480, "change_id": 137121872647, "instrument_name": "BTC-6FEB26", "bids": [[88957.5, 1630.0], [88955.0, 3130.0], [88952.5, 450.0], [88950.0, 1530.0], [88942.5, 10.0], [88937.5, 12100.0], [88935.0, 42680.0], [88912.5, 4650.0], [88910.0, 15570.0], [88907.5, 460.0], [88905.0, 1540.0], [88880.0, 330.0], [88797.5, 2150.0], [88792.5, 1500.0], [88790.0, 5020.0], [88787.5, 4500.0], [88785.0, 15080.0], [88770.0, 10.0], [88762.5, 40.0], [88727.5, 8620.0]], "asks": [[88962.5, 10000.0], [88972.5, 10.0], [88985.0, 700.0], [88987.5, 860.0], [88990.0, 3130.0], [88992.5, 5560.0], [88995.0, 53180.0], [88997.5, 46330.0], [89000.0, 30.0], [89010.0, 1380.0], [89012.5, 4610.0], [89042.5, 300.0], [89045.0, 1000.0], [89050.0, 4880.0], [89052.5, 16350.0], [89070.0, 1800.0], [89072.5, 5040.0], [89075.0, 1000.0], [89082.5, 4370.0], [89085.0, 14630.0]]}}}
{"jsonrpc": "2.0", "method": "subscription", "params": {"channel": "book.BTC-6FEB26.none.20.100ms", "data": {"timestamp": 1769546000040, "change_id": 137121873415, "instrument_name": "BTC-6FEB26", "bids": [[88960.0, 2230.0], [88957.5, 1630.0], [88955.0, 3130.0], [88945.0, 10.0], [88912.5, 4650.0], [88910.0, 15570.0], [88907.5, 460.0], [88905.0, 1540.0], [88882.5, 330.0], [88802.5, 1500.0], [88800.0, 5020.0], [88797.5, 2150.0], [88787.5, 4500.0], [88785.0, 15080.0], [88770.0, 10.0], [88762.5, 40.0], [88727.5, 8620.0], [88725.0, 30480.0], [88722.5, 1440.0], [88720.0, 16250.0]], "asks": [[88962.5, 10000.0], [88975.0, 10.0], [88985.0, 700.0], [88987.5, 860.0], [88990.0, 3130.0], [88992.5, 5560.0], [88995.0, 53180.0], [88997.5, 46330.0], [89000.0, 2030.0], [89010.0, 1380.0], [89012.5, 4610.0], [89042.5, 300.0], [89045.0, 1000.0], [89050.0, 4880.0], [89052.5, 16350.0], [89070.0, 1800.0], [89072.5, 5040.0], [89075.0, 1000.0], [89082.5, 4370.0], [89085.0, 14630.0]]}}}
{"jsonrpc": "2.0", "method": "subscription", "params": {"channel": "book.BTC-6FEB26.none.20.100ms", "data": {"timestamp": 1769546000364, "change_id": 137121873851, "instrument_name": "BTC-6FEB26", "bids": [[88960.0, 2230.0], [88957.5, 1630.0], [88955.0, 3130.0], [88945.0, 10.0], [88912.5, 4650.0], [88910.0, 15570.0], [88907.5, 460.0], [88905.0, 1540.0], [88882.5, 330.0], [88802.5, 1500.0], [88800.0, 5020.0], [88797.5, 2150.0], [88787.5, 4500.0], [88785.0, 15080.0], [88770.0, 10.0], [88762.5, 40.0], [88727.5, 8620.0], [88725.0, 30480.0], [88722.5, 1440.0], [88720.0, 16250.0]], "asks": [[88962.5, 10000.0], [88975.0, 10.0], [88985.0, 700.0], [88987.5, 860.0], [88990.0, 3130.0], [88992.5, 5560.0], [88995.0, 53180.0], [88997.5, 46330.0], [89000.0, 2030.0], [89010.0, 1380.0], [89012.5, 4610.0], [89042.5, 300.0], [89045.0, 1000.0], [89050.0, 4880.0], [89052.5, 16350.0], [89070.0, 1800.0], [89072.5, 5040.0], [89075.0, 1000.0], [89082.5, 4370.0], [89085.0, 14630.0]]}}}
{"jsonrpc": "2.0", "method": "subscription", "params": {"channel": "book.BTC-6FEB26.none.20.100ms", "data": {"timestamp": 1769546000715, "change_id": 137121874399, "instrument_name": "BTC-6FEB26", "bids": [[88960.0, 2230.0], [88957.5, 1630.0], [88955.0, 3340.0], [88952.5, 700.0], [88950.0, 11040.0], [88947.5, 42700.0], [88945.0, 42690.0], [88912.5, 4650.0], [88910.0, 15570.0], [88907.5, 460.0], [88905.0, 1540.0], [88882.5, 330.0], [88802.5, 1500.0], [88800.0, 5020.0], [88797.5, 2150.0], [88787.5, 4500.0], [88785.0, 15080.0], [88770.0, 10.0], [88762.5, 40.0], [88727.5, 8620.0]], "asks": [[88962.5, 10000.0], [88972.5, 700.0], [88975.0, 10.0], [88985.0, 700.0], [88987.5, 860.0], [88990.0, 3130.0], [88992.5, 5560.0], [88995.0, 53180.0], [88997.5, 46330.0], [89000.0, 2030.0], [89010.0, 1380.0], [89012.5, 4610.0], [89042.5, 300.0], [89045.0, 1000.0], [89050.0, 4880.0], [89052.5, 16350.0], [89070.0, 1800.0], [89072.5, 5040.0], [89075.0, 1000.0], [89082.5, 4370.0]]}}}
{"jsonrpc": "2.0", "method": "subscription", "params": {"channel": "book.BTC-6FEB26.none.20.100ms", "data": {"timestamp": 1769546001022, "change_id": 137121874746, "instrument_name": "BTC-6FEB26", "bids": [[88960.0, 2230.0], [88957.5, 1630.0], [88955.0, 3340.0], [88952.5, 700.0], [88950.0, 11040.0], [88947.5, 42700.0], [88945.0, 42690.0], [88912.5, 4650.0], [88910.0, 15570.0], [88907.5, 460.0], [88905.0, 1540.0], [88882.5, 330.0], [88802.5, 1500.0], [88800.0, 5660.0], [88797.5, 2150.0], [88787.5, 4500.0], [88785.0, 15080.0], [88770.0, 10.0], [88762.5, 40.0], [88727.5, 43100.0]], "asks": [[88962.5, 10000.0], [88972.5, 700.0], [88975.0, 10.0], [88985.0, 700.0], [88987.5, 860.0], [88990.0, 3130.0], [88992.5, 5560.0], [88995.0, 53180.0], [88997.5, 46330.0], [89000.0, 2030.0], [89010.0, 1380.0], [89012.5, 4610.0], [89042.5, 300.0], [89045.0, 1000.0], [89050.0, 4880.0], [89052.5, 16350.0], [89070.0, 1800.0], [89072.5, 5040.0], [89075.0, 1000.0], [89082.5, 4370.0]]}}}
{"jsonrpc": "2.0", "method": "subscription", "params": {"channel": "book.BTC-6FEB26.none.20.100ms", "data": {"timestamp": 1769546001372, "change_id": 137121875194, "instrument_name": "BTC-6FEB26", "bids": [[88960.0, 2230.0], [88957.5, 1630.0], [88955.0, 3340.0], [88952.5, 700.0], [88950.0, 11040.0], [88947.5, 42700.0], [88945.0, 42690.0], [88912.5, 4650.0], [88910.0, 15570.0], [88907.5, 460.0], [88905.0, 1540.0], [88882.5, 330.0], [88802.5, 1500.0], [88800.0, 5660.0], [88797.5, 2150.0], [88787.5, 4500.0], [88785.0, 15080.0], [88770.0, 10.0], [88762.5, 40.0], [88727.5, 43100.0]], "asks": [[88962.5, 10000.0], [88972.5, 700.0], [88975.0, 10.0], [88985.0, 700.0], [88987.5, 860.0], [88990.0, 3130.0], [88992.5, 5560.0], [88995.0, 53180.0], [88997.5, 46330.0], [89000.0, 2030.0], [89010.0, 1380.0], [89012.5, 4610.0], [89042.5, 300.0], [89045.0, 1000.0], [89050.0, 4880.0], [89052.5, 16350.0], [89070.0, 1800.0], [89072.5, 6540.0], [89075.0, 1000.0], [89082.5, 4370.0]]}}}
{"jsonrpc": "2.0", "method": "subscription", "params": {"channel": "book.BTC-6FEB26.none.20.100ms", "data": {"timestamp": 1769546001707, "change_id": 137121875695, "instrument_name": "BTC-6FEB26", "bids": [[88960.0, 2230.0], [88957.5, 1630.0], [88955.0, 3340.0], [88952.5, 700.0], [88950.0, 11740.0], [88947.5, 42700.0], [88945.0, 42690.0], [88912.5, 4650.0], [88910.0, 15570.0], [88907.5, 460.0], [88905.0, 1540.0], [88882.5, 330.0], [88802.5, 1500.0], [88800.0, 5660.0], [88797.5, 2150.0], [88787.5, 4500.0], [88785.0, 15080.0], [88770.0, 10.0], [88762.5, 40.0], [88727.5, 43100.0]], "asks": [[88962.5, 10000.0], [88972.5, 700.0], [88975.0, 10.0], [88985.0, 700.0], [88987.5, 860.0], [88990.0, 3130.0], [88992.5, 5560.0], [88995.0, 53180.0], [88997.5, 46330.0], [89000.0, 2030.0], [89010.0, 1380.0], [89012.5, 4610.0], [89042.5, 300.0], [89045.0, 1000.0], [89050.0, 4880.0], [89052.5, 16350.0], [89062.5, 450.0], [89065.0, 1500.0], [89070.0, 1800.0], [89072.5, 5040.0]]}}}
{"jsonrpc": "2.0", "method": "subscription", "params": {"channel": "book.BTC-6FEB26.none.20.100ms", "data": {"timestamp": 1769546001908, "change_id": 137121875946, "instrument_name": "BTC-6FEB26", "bids": [[88960.0, 2230.0], [88957.5, 1630.0], [88955.0, 3340.0], [88952.5, 700.0], [88950.0, 700.0], [88947.5, 10.0], [88912.5, 4650.0], [88910.0, 15570.0], [88907.5, 460.0], [88905.0, 1540.0], [88882.5, 330.0], [88802.5, 1500.0], [88800.0, 5660.0], [88797.5, 2150.0], [88787.5, 4500.0], [88785.0, 15080.0], [88770.0, 10.0], [88762.5, 40.0], [88727.5, 43100.0], [88725.0, 30480.0]], "asks": [[88962.5, 10000.0], [88972.5, 700.0], [88975.0, 10.0], [88985.0, 700.0], [88987.5, 860.0], [88990.0, 3130.0], [88992.5, 5560.0], [88995.0, 53180.0], [88997.5, 46330.0], [89000.0, 2030.0], [89010.0, 1380.0], [89012.5, 4610.0], [89042.5, 300.0], [89045.0, 1000.0], [89050.0, 4880.0], [89052.5, 16350.0], [89057.5, 1500.0], [89070.0, 1800.0], [89072.5, 5040.0], [89075.0, 1000.0]]}}}
{"jsonrpc": "2.0", "method": "subscription", "params": {"channel": "book.BTC-6FEB26.none.20.100ms", "data": {"timestamp": 1769546002256, "change_id": 137121876437, "instrument_name": "BTC-6FEB26", "bids": [[88960.0, 2230.0], [88957.5, 1630.0], [88955.0, 3340.0], [88952.5, 700.0], [88950.0, 11350.0], [88947.5, 42700.0], [88945.0, 42690.0], [88912.5, 4650.0], [88910.0, 15570.0], [88907.5, 460.0], [88905.0, 1540.0], [88882.5, 330.0], [88802.5, 1500.0], [88800.0, 5660.0], [88797.5, 2150.0], [88787.5, 4500.0], [88785.0, 15080.0], [88770.0, 10.0], [88762.5, 40.0], [88727.5, 43100.0]], "asks": [[88962.5, 10000.0], [88972.5, 700.0], [88975.0, 10.0], [88985.0, 700.0], [88990.0, 3130.0], [88992.5, 5560.0], [88995.0, 53180.0], [88997.5, 46330.0], [89000.0, 2030.0], [89010.0, 1380.0], [89012.5, 4610.0], [89042.5, 300.0], [89045.0, 1000.0], [89050.0, 4880.0], [89052.5, 17850.0], [89070.0, 1800.0], [89072.5, 5040.0], [89075.0, 1000.0], [89082.5, 4370.0], [89085.0, 14630.0]]}}}
{"jsonrpc": "2.0", "method": "subscription", "params": {"channel": "book.BTC-6FEB26.none.20.100ms", "data": {"timestamp": 1769546002466, "change_id": 137121876801, "instrument_name": "BTC-6FEB26", "bids": [[88960.0, 2230.0], [88957.5, 1630.0], [88955.0, 3340.0], [88952.5, 700.0], [88950.0, 11350.0], [88947.5, 42700.0], [88945.0, 42690.0], [88912.5, 4650.0], [88910.0, 15570.0], [88907.5, 460.0], [88905.0, 1540.0], [88882.5, 330.0], [88802.5, 1500.0], [88800.0, 5660.0], [88797.5, 2150.0], [88787.5, 4500.0], [88785.0, 15080.0], [88770.0, 10.0], [88762.5, 40.0], [88727.5, 43100.0]], "asks": [[88962.5, 10000.0], [88972.5, 700.0], [88975.0, 10.0], [88985.0, 700.0], [88987.5, 930.0], [88990.0, 3130.0], [88992.5, 5560.0], [88995.0, 53180.0], [88997.5, 46330.0], [89000.0, 2030.0], [89010.0, 1380.0], [89012.5, 4610.0], [89042.5, 300.0], [89045.0, 1000.0], [89047.5, 1500.0], [89050.0, 4880.0], [89052.5, 16350.0], [89070.0, 1800.0], [89072.5, 5040.0], [89075.0, 1000.0]]}}}
{"jsonrpc": "2.0", "method": "subscription", "params": {"channel": "book.BTC-6FEB26.none.20.100ms", "data": {"timestamp": 1769546002843, "change_id": 137121877269, "instrument_name": "BTC-6FEB26", "bids": [[88960.0, 2230.0], [88957.5, 1630.0], [88955.0, 3340.0], [88952.5, 700.0], [88950.0, 11350.0], [88947.5, 42700.0], [88945.0, 42690.0], [88912.5, 4650.0], [88910.0, 15570.0], [88907.5, 460.0], [88905.0, 1540.0], [88882.5, 330.0], [88802.5, 1500.0], [88800.0, 5660.0], [88797.5, 2150.0], [88787.5, 4500.0], [88785.0, 15080.0], [88770.0, 10.0], [88762.5, 40.0], [88727.5, 43100.0]], "asks": [[88962.5, 10000.0], [88972.5, 700.0], [88975.0, 10.0], [88985.0, 700.0], [88987.5, 930.0], [88990.0, 3130.0], [88992.5, 5560.0], [88995.0, 53180.0], [88997.5, 46330.0], [89000.0, 2030.0], [89010.0, 1380.0], [89012.5, 4610.0], [89040.0, 1500.0], [89042.5, 300.0], [89045.0, 1000.0], [89050.0, 4880.0], [89052.5, 16350.0], [89070.0, 1800.0], [89072.5, 5040.0], [89075.0, 1000.0]]}}}
{"jsonrpc": "2.0", "method": "subscription", "params": {"channel": "book.BTC-6FEB26.none.20.100ms", "data": {"timestamp": 1769546003571, "change_id": 137121877977, "instrument_name": "BTC-6FEB26", "bids": [[88960.0, 2230.0], [88957.5, 1630.0], [88955.0, 3340.0], [88952.5, 700.0], [88950.0, 11350.0], [88947.5, 42700.0], [88945.0, 42690.0], [88912.5, 4650.0], [88910.0, 15570.0], [88907.5, 460.0], [88905.0, 1540.0], [88885.0, 330.0], [88807.5, 1500.0], [88805.0, 5020.0], [88800.0, 640.0], [88797.5, 2150.0], [88787.5, 4500.0], [88785.0, 15080.0], [88770.0, 10.0], [88762.5, 40.0]], "asks": [[88962.5, 10000.0], [88972.5, 700.0], [88975.0, 10.0], [88985.0, 700.0], [88987.5, 930.0], [88990.0, 3130.0], [88992.5, 5560.0], [88995.0, 53180.0], [88997.5, 46330.0], [89000.0, 2030.0], [89010.0, 1380.0], [89012.5, 4610.0], [89032.5, 1500.0], [89042.5, 300.0], [89045.0, 1000.0], [89050.0, 4880.0], [89052.5, 16350.0], [89070.0, 1800.0], [89072.5, 5040.0], [89075.0, 1000.0]]}}}
{"jsonrpc": "2.0", "method": "subscription", "params": {"channel": "book.BTC-6FEB26.none.20.100ms", "data": {"timestamp": 1769546004027, "change_id": 137121878477, "instrument_name": "BTC-6FEB26", "bids": [[88960.0, 2230.0], [88957.5, 1630.0], [88955.0, 3340.0], [88952.5, 700.0], [88950.0, 11350.0], [88947.5, 42700.0], [88945.0, 42690.0], [88912.5, 4650.0], [88910.0, 15570.0], [88907.5, 460.0], [88905.0, 1540.0], [88885.0, 330.0], [88807.5, 1500.0], [88805.0, 5020.0], [88800.0, 640.0], [88797.5, 2150.0], [88787.5, 4500.0], [88785.0, 15080.0], [88770.0, 10.0], [88762.5, 40.0]], "asks": [[88962.5, 10000.0], [88972.5, 700.0], [88975.0, 10.0], [88985.0, 700.0], [88987.5, 930.0], [88990.0, 3130.0], [88992.5, 5560.0], [88995.0, 53180.0], [88997.5, 46330.0], [89000.0, 2030.0], [89010.0, 1380.0], [89012.5, 4610.0], [89027.5, 1500.0], [89042.5, 300.0], [89045.0, 1000.0], [89050.0, 4880.0], [89052.5, 16350.0], [89070.0, 1800.0], [89072.5, 5040.0], [89075.0, 1000.0]]}}}
{"jsonrpc": "2.0", "method": "subscription", "params": {"channel": "book.BTC-6FEB26.none.20.100ms", "data": {"timestamp": 1769546004635, "change_id": 137121879043, "instrument_name": "BTC-6FEB26", "bids": [[88960.0, 2230.0], [88957.5, 1630.0], [88955.0, 3340.0], [88952.5, 700.0], [88950.0, 11350.0], [88947.5, 42700.0], [88945.0, 42690.0], [88912.5, 4650.0], [88910.0, 15570.0], [88907.5, 460.0], [88905.0, 1540.0], [88885.0, 330.0], [88807.5, 1500.0], [88805.0, 5020.0], [88800.0, 640.0], [88797.5, 2150.0], [88787.5, 4500.0], [88785.0, 15080.0], [88770.0, 10.0], [88762.5, 40.0]], "asks": [[88962.5, 10000.0], [88972.5, 700.0], [88975.0, 10.0], [88985.0, 700.0], [88987.5, 930.0], [88990.0, 3130.0], [88992.5, 5560.0], [88995.0, 53180.0], [88997.5, 46330.0], [89000.0, 2030.0], [89010.0, 1380.0], [89012.5, 4610.0], [89022.5, 1500.0], [89042.5, 300.0], [89045.0, 1000.0], [89050.0, 4880.0], [89052.5, 16350.0], [89070.0, 1800.0], [89072.5, 5040.0], [89075.0, 1000.0]]}}}
{"jsonrpc": "2.0", "method": "subscription", "params": {"channel": "book.BTC-6FEB26.none.20.100ms", "data": {"timestamp": 1769546005224, "change_id": 137121879591, "instrument_name": "BTC-6FEB26", "bids": [[88960.0, 1530.0], [88957.5, 1630.0], [88955.0, 3340.0], [88952.5, 700.0], [88950.0, 11350.0], [88947.5, 42700.0], [88945.0, 42690.0], [88912.5, 4650.0], [88910.0, 15570.0], [88907.5, 460.0], [88905.0, 1540.0], [88885.0, 330.0], [88807.5, 1500.0], [88805.0, 5020.0], [88800.0, 640.0], [88797.5, 2150.0], [88787.5, 4500.0], [88785.0, 15080.0], [88770.0, 10.0], [88762.5, 40.0]], "asks": [[88962.5, 10000.0], [88972.5, 700.0], [88975.0, 10.0], [88985.0, 700.0], [88987.5, 930.0], [88990.0, 3130.0], [88992.5, 5560.0], [88995.0, 53180.0], [88997.5, 48330.0], [89000.0, 30.0], [89010.0, 1380.0], [89012.5, 4610.0], [89017.5, 1500.0], [89042.5, 300.0], [89045.0, 1000.0], [89050.0, 4880.0], [89052.5, 16350.0], [89070.0, 1800.0], [89072.5, 5040.0], [89075.0, 1000.0]]}}}
{"jsonrpc": "2.0", "method": "subscription", "params": {"channel": "book.BTC-6FEB26.none.20.100ms", "data": {"timestamp": 1769546005414, "change_id": 137121879859, "instrument_name": "BTC-6FEB26", "bids": [[88960.0, 1530.0], [88957.5, 1630.0], [88955.0, 3340.0], [88952.5, 700.0], [88950.0, 11350.0], [88947.5, 42700.0], [88945.0, 42690.0], [88912.5, 4650.0], [88910.0, 15570.0], [88907.5, 460.0], [88905.0, 1540.0], [88885.0, 330.0], [88807.5, 1500.0], [88805.0, 5020.0], [88800.0, 640.0], [88797.5, 2150.0], [88787.5, 4500.0], [88785.0, 15080.0], [88770.0, 10.0], [88762.5, 40.0]], "asks": [[88962.5, 10000.0], [88972.5, 700.0], [88975.0, 10.0], [88985.0, 700.0], [88987.5, 930.0], [88990.0, 3130.0], [88992.5, 5560.0], [88995.0, 53180.0], [88997.5, 48330.0], [89000.0, 30.0], [89010.0, 1380.0], [89012.5, 6110.0], [89042.5, 300.0], [89045.0, 1000.0], [89050.0, 4880.0], [89052.5, 16350.0], [89070.0, 1800.0], [89072.5, 5040.0], [89075.0, 1000.0], [89082.5, 4370.0]]}}}
{"jsonrpc": "2.0", "method": "subscription", "params": {"channel": "book.BTC-6FEB26.none.20.100ms", "data": {"timestamp": 1769546005745, "change_id": 137121880201, "instrument_name": "BTC-6FEB26", "bids": [[88960.0, 1530.0], [88957.5, 1630.0], [88955.0, 3340.0], [88952.5, 700.0], [88950.0, 11350.0], [88947.5, 42700.0], [88945.0, 42690.0], [88912.5, 4650.0], [88910.0, 15570.0], [88907.5, 460.0], [88905.0, 1540.0], [88885.0, 330.0], [88807.5, 1500.0], [88805.0, 5020.0], [88800.0, 640.0], [88797.5, 2150.0], [88787.5, 4500.0], [88785.0, 15080.0], [88770.0, 10.0], [88762.5, 40.0]], "asks": [[88962.5, 10000.0], [88972.5, 700.0], [88975.0, 10.0], [88985.0, 700.0], [88987.5, 930.0], [88990.0, 3130.0], [88992.5, 5560.0], [88995.0, 54680.0], [88997.5, 48330.0], [89000.0, 30.0], [89010.0, 1380.0], [89012.5, 4610.0], [89042.5, 300.0], [89045.0, 1000.0], [89050.0, 4880.0], [89052.5, 16350.0], [89070.0, 1800.0], [89072.5, 5040.0], [89075.0, 1000.0], [89082.5, 4370.0]]}}}
{"jsonrpc": "2.0", "method": "subscription", "params": {"channel": "book.BTC-6FEB26.none.20.100ms", "data": {"timestamp": 1769546006618, "change_id": 137121881141, "instrument_name": "BTC-6FEB26", "bids": [[88960.0, 2230.0], [88957.5, 1630.0], [88955.0, 3340.0], [88952.5, 700.0], [88950.0, 11350.0], [88947.5, 42700.0], [88945.0, 42690.0], [88912.5, 4650.0], [88910.0, 15570.0], [88907.5, 460.0], [88905.0, 1540.0], [88887.5, 330.0], [88812.5, 1500.0], [88810.0, 5020.0], [88800.0, 640.0], [88797.5, 2150.0], [88775.0, 4500.0], [88772.5, 15080.0], [88770.0, 10.0], [88762.5, 40.0]], "asks": [[88962.5, 10000.0], [88972.5, 700.0], [88975.0, 10.0], [88985.0, 700.0], [88987.5, 930.0], [88990.0, 3130.0], [88992.5, 5560.0], [88995.0, 54680.0], [88997.5, 46330.0], [89000.0, 30.0], [89002.5, 2000.0], [89010.0, 1380.0], [89012.5, 4610.0], [89042.5, 300.0], [89045.0, 1000.0], [89050.0, 4880.0], [89052.5, 16350.0], [89070.0, 1800.0], [89072.5, 5040.0], [89075.0, 1000.0]]}}}
{"jsonrpc": "2.0", "method": "subscription", "params": {"channel": "book.BTC-6FEB26.none.20.100ms", "data": {"timestamp": 1769546006764, "change_id": 137121881287, "instrument_name": "BTC-6FEB26", "bids": [[88960.0, 2230.0], [88957.5, 1630.0], [88955.0, 3340.0], [88952.5, 700.0], [88950.0, 11350.0], [88947.5, 42700.0], [88945.0, 42690.0], [88912.5, 4650.0], [88910.0, 15570.0], [88907.5, 460.0], [88905.0, 1540.0], [88887.5, 330.0], [88812.5, 1500.0], [88810.0, 5020.0], [88800.0, 640.0], [88797.5, 2150.0], [88775.0, 4500.0], [88772.5, 15080.0], [88770.0, 10.0], [88762.5, 40.0]], "asks": [[88962.5, 10000.0], [88972.5, 700.0], [88975.0, 10.0], [88985.0, 700.0], [88990.0, 3130.0], [88992.5, 5560.0], [88995.0, 54680.0], [88997.5, 46330.0], [89000.0, 30.0], [89002.5, 2000.0], [89010.0, 1380.0], [89012.5, 4610.0], [89042.5, 300.0], [89045.0, 1000.0], [89050.0, 4880.0], [89052.5, 16350.0], [89070.0, 1800.0], [89072.5, 5040.0], [89075.0, 1000.0], [89082.5, 4370.0]]}}}
{"jsonrpc": "2.0", "method": "subscription", "params": {"channel": "book.BTC-6FEB26.none.20.100ms", "data": {"timestamp": 1769546007368, "change_id": 137121881908, "instrument_name": "BTC-6FEB26", "bids": [[88960.0, 2230.0], [88957.5, 1630.0], [88955.0, 3340.0], [88952.5, 700.0], [88950.0, 14820.0], [88947.5, 42700.0], [88945.0, 42690.0], [88912.5, 4650.0], [88910.0, 15570.0], [88907.5, 460.0], [88905.0, 1540.0], [88887.5, 330.0], [88812.5, 1500.0], [88810.0, 5020.0], [88800.0, 640.0], [88797.5, 2150.0], [88775.0, 4500.0], [88772.5, 15080.0], [88770.0, 10.0], [88762.5, 40.0]], "asks": [[88962.5, 10000.0], [88975.0, 10.0], [88985.0, 700.0], [88992.5, 5560.0], [88995.0, 54680.0], [88997.5, 49460.0], [89000.0, 30.0], [89002.5, 2000.0], [89010.0, 1380.0], [89012.5, 4610.0], [89042.5, 300.0], [89045.0, 1000.0], [89050.0, 4880.0], [89052.5, 16350.0], [89070.0, 1800.0], [89072.5, 5040.0], [89075.0, 1000.0], [89082.5, 4370.0], [89085.0, 14630.0], [89105.0, 1000.0]]}}}
{"jsonrpc": "2.0", "method": "subscription", "params": {"channel": "book.BTC-6FEB26.none.20.100ms", "data": {"timestamp": 1769546007528, "change_id": 137121882214, "instrument_name": "BTC-6FEB26", "bids": [[88960.0, 2230.0], [88957.5, 1630.0], [88955.0, 3340.0], [88952.5, 700.0], [88950.0, 14820.0], [88947.5, 42700.0], [88945.0, 42690.0], [88912.5, 4650.0], [88910.0, 15570.0], [88907.5, 460.0], [88905.0, 1540.0], [88887.5, 330.0], [88812.5, 1500.0], [88810.0, 5020.0], [88800.0, 640.0], [88797.5, 2150.0], [88775.0, 4500.0], [88772.5, 15080.0], [88770.0, 10.0], [88762.5, 40.0]], "asks": [[88962.5, 10000.0], [88975.0, 10.0], [88992.5, 5560.0], [88995.0, 54680.0], [88997.5, 49460.0], [89000.0, 30.0], [89002.5, 2000.0], [89010.0, 1380.0], [89012.5, 4610.0], [89042.5, 300.0], [89045.0, 1000.0], [89050.0, 4880.0], [89052.5, 16350.0], [89070.0, 1800.0], [89072.5, 5040.0], [89075.0, 1000.0], [89082.5, 4370.0], [89085.0, 14630.0], [89105.0, 1000.0], [89122.5, 29740.0]]}}}
{"jsonrpc": "2.0", "method": "subscription", "params": {"channel": "book.BTC-6FEB26.none.20.100ms", "data": {"timestamp": 1769546007740, "change_id": 137121882445, "instrument_name": "BTC-6FEB26", "bids": [[88960.0, 2230.0], [88957.5, 1630.0], [88955.0, 3340.0], [88952.5, 700.0], [88950.0, 14820.0], [88947.5, 42700.0], [88912.5, 4650.0], [88910.0, 15570.0], [88907.5, 460.0], [88905.0, 1540.0], [88887.5, 330.0], [88812.5, 1500.0], [88810.0, 5020.0], [88800.0, 640.0], [88797.5, 2150.0], [88775.0, 4500.0], [88772.5, 15080.0], [88770.0, 10.0], [88762.5, 40.0], [88727.5, 43100.0]], "asks": [[88962.5, 10000.0], [88975.0, 10.0], [88992.5, 5560.0], [88995.0, 54680.0], [88997.5, 49460.0], [89000.0, 2030.0], [89010.0, 1380.0], [89012.5, 4610.0], [89042.5, 300.0], [89045.0, 1000.0], [89050.0, 4880.0], [89052.5, 16350.0], [89070.0, 1800.0], [89072.5, 5040.0], [89075.0, 1000.0], [89082.5, 4370.0], [89085.0, 14630.0], [89105.0, 1000.0], [89122.5, 29740.0], [89150.0, 40.0]]}}}
{"jsonrpc": "2.0", "method": "subscription", "params": {"channel": "book.BTC-6FEB26.none.20.100ms", "data": {"timestamp": 1769546008262, "change_id": 137121882993, "instrument_name": "BTC-6FEB26", "bids": [[88960.0, 2230.0], [88957.5, 1630.0], [88955.0, 3340.0], [88952.5, 700.0], [88950.0, 14820.0], [88947.5, 85390.0], [88912.5, 4650.0], [88910.0, 15570.0], [88907.5, 460.0], [88905.0, 1540.0], [88887.5, 330.0], [88812.5, 1500.0], [88810.0, 5020.0], [88800.0, 640.0], [88797.5, 2150.0], [88775.0, 4500.0], [88772.5, 15080.0], [88770.0, 10.0], [88762.5, 40.0], [88727.5, 43100.0]], "asks": [[88962.5, 10000.0], [88972.5, 700.0], [88975.0, 10.0], [88992.5, 5560.0], [88995.0, 54680.0], [88997.5, 49460.0], [89000.0, 2030.0], [89010.0, 1380.0], [89012.5, 4610.0], [89042.5, 300.0], [89045.0, 1000.0], [89050.0, 4880.0], [89052.5, 16350.0], [89070.0, 1800.0], [89072.5, 5040.0], [89075.0, 1000.0], [89082.5, 4370.0], [89085.0, 14630.0], [89105.0, 1000.0], [89122.5, 29740.0]]}}}
{"jsonrpc": "2.0", "method": "subscription", "params": {"channel": "book.BTC-6FEB26.none.20.100ms", "data": {"timestamp": 1769546008366, "change_id": 137121883018, "instrument_name": "BTC-6FEB26", "bids": [[88960.0, 2230.0], [88957.5, 1630.0], [88955.0, 3340.0], [88952.5, 700.0], [88950.0, 14820.0], [88947.5, 85390.0], [88912.5, 4650.0], [88910.0, 15570.0], [88907.5, 460.0], [88905.0, 1540.0], [88887.5, 330.0], [88812.5, 1500.0], [88810.0, 5020.0], [88800.0, 640.0], [88797.5, 2150.0], [88775.0, 4500.0], [88772.5, 15080.0], [88770.0, 10.0], [88762.5, 40.0], [88727.5, 43100.0]], "asks": [[88962.5, 10000.0], [88972.5, 700.0], [88975.0, 10.0], [88992.5, 5560.0], [88995.0, 54680.0], [88997.5, 49460.0], [89000.0, 30.0], [89010.0, 1380.0], [89012.5, 4610.0], [89042.5, 300.0], [89045.0, 1000.0], [89050.0, 4880.0], [89052.5, 16350.0], [89070.0, 1800.0], [89072.5, 5040.0], [89075.0, 1000.0], [89082.5, 4370.0], [89085.0, 14630.0], [89105.0, 1000.0], [89122.5, 29740.0]]}}}
{"jsonrpc": "2.0", "method": "subscription", "params": {"channel": "book.BTC-6FEB26.none.20.100ms", "data": {"timestamp": 1769546008856, "change_id": 137121883788, "instrument_name": "BTC-6FEB26", "bids": [[88960.0, 1530.0], [88957.5, 930.0], [88955.0, 3340.0], [88952.5, 700.0], [88950.0, 14820.0], [88947.5, 85390.0], [88912.5, 4650.0], [88910.0, 15570.0], [88907.5, 460.0], [88905.0, 1540.0], [88890.0, 330.0], [88817.5, 1500.0], [88815.0, 5020.0], [88800.0, 640.0], [88797.5, 2150.0], [88775.0, 4500.0], [88772.5, 15080.0], [88770.0, 10.0], [88762.5, 40.0], [88727.5, 43100.0]], "asks": [[88962.5, 9880.0], [88975.0, 10.0], [88995.0, 53180.0], [88997.5, 49460.0], [89010.0, 1380.0], [89012.5, 4640.0], [89042.5, 300.0], [89045.0, 1000.0], [89057.5, 4780.0], [89060.0, 16000.0], [89070.0, 1800.0], [89072.5, 5040.0], [89075.0, 1000.0], [89082.5, 4370.0], [89085.0, 14630.0], [89105.0, 1000.0], [89122.5, 29740.0], [89150.0, 40.0], [89205.0, 10.0], [89225.0, 500.0]]}}}
{"jsonrpc": "2.0", "method": "subscription", "params": {"channel": "book.BTC-6FEB26.none.20.100ms", "data": {"timestamp": 1769546009203, "change_id": 137121884305, "instrument_name": "BTC-6FEB26", "bids": [[88960.0, 1530.0], [88957.5, 930.0], [88955.0, 3340.0], [88952.5, 700.0], [88950.0, 14820.0], [88947.5, 85390.0], [88912.5, 4650.0], [88910.0, 15570.0], [88907.5, 460.0], [88905.0, 1540.0], [88890.0, 330.0], [88817.5, 1500.0], [88815.0, 5020.0], [88800.0, 640.0], [88797.5, 2150.0], [88775.0, 4500.0], [88772.5, 15080.0], [88770.0, 10.0], [88762.5, 40.0], [88727.5, 43100.0]], "asks": [[88962.5, 9880.0], [88975.0, 10.0], [88992.5, 590.0], [88995.0, 53180.0], [88997.5, 51460.0], [89002.5, 1500.0], [89010.0, 1380.0], [89012.5, 4640.0], [89042.5, 300.0], [89045.0, 1000.0], [89057.5, 4780.0], [89060.0, 16000.0], [89070.0, 1800.0], [89072.5, 5040.0], [89075.0, 1000.0], [89082.5, 4370.0], [89085.0, 14630.0], [89105.0, 1000.0], [89122.5, 29740.0], [89150.0, 40.0]]}}}
{"jsonrpc": "2.0", "method": "subscription", "params": {"channel": "book.BTC-6FEB26.none.20.100ms", "data": {"timestamp": 1769546009683, "change_id": 137121886008, "instrument_name": "BTC-6FEB26", "bids": [[88975.0, 1390.0], [88972.5, 1530.0], [88970.0, 3130.0], [88965.0, 420.0], [88962.5, 700.0], [88960.0, 910.0], [88957.5, 700.0], [88955.0, 220.0], [88952.5, 700.0], [88950.0, 14820.0], [88947.5, 85380.0], [88912.5, 4650.0], [88910.0, 15570.0], [88907.5, 460.0], [88905.0, 1540.0], [88890.0, 330.0], [88800.0, 640.0], [88797.5, 2150.0], [88775.0, 4500.0], [88772.5, 15080.0]], "asks": [[88985.0, 710.0], [88995.0, 53180.0], [88997.5, 46330.0], [89002.5, 4630.0], [89010.0, 1380.0], [89012.5, 4640.0], [89042.5, 300.0], [89045.0, 1000.0], [89070.0, 1800.0], [89072.5, 5040.0], [89075.0, 1000.0], [89082.5, 4370.0], [89085.0, 14630.0], [89102.5, 300.0], [89105.0, 1000.0], [89120.0, 8880.0], [89122.5, 29740.0], [89150.0, 40.0], [89205.0, 10.0], [89225.0, 500.0]]}}}
{"jsonrpc": "2.0", "method": "subscription", "params": {"channel": "book.BTC-6FEB26.none.20.100ms", "data": {"timestamp": 1769546009938, "change_id": 137121886546, "instrument_name": "BTC-6FEB26", "bids": [[88982.5, 1500.0], [88975.0, 940.0], [88972.5, 30.0], [88970.0, 3130.0], [88967.5, 10.0], [88965.0, 420.0], [88962.5, 700.0], [88960.0, 910.0], [88957.5, 700.0], [88955.0, 210.0], [88952.5, 700.0], [88950.0, 14820.0], [88947.5, 42690.0], [88912.5, 4980.0], [88910.0, 15570.0], [88907.5, 460.0], [88905.0, 1540.0], [88830.0, 1500.0], [88827.5, 5020.0], [88800.0, 640.0]], "asks": [[88985.0, 10700.0], [88997.5, 46340.0], [89000.0, 51380.0], [89002.5, 4630.0], [89010.0, 1380.0], [89012.5, 4640.0], [89042.5, 300.0], [89045.0, 1000.0], [89067.5, 16370.0], [89070.0, 1800.0], [89072.5, 5040.0], [89075.0, 1000.0], [89082.5, 4370.0], [89085.0, 14630.0], [89102.5, 300.0], [89105.0, 1000.0], [89120.0, 8880.0], [89122.5, 29740.0], [89150.0, 40.0], [89205.0, 10.0]]}}}
{"jsonrpc": "2.0", "method": "subscription", "params": {"channel": "book.BTC-6FEB26.none.20.100ms", "data": {"timestamp": 1769546010047, "change_id": 137121886682, "instrument_name": "BTC-6FEB26", "bids": [[88982.5, 1500.0], [88975.0, 940.0], [88972.5, 30.0], [88970.0, 3130.0], [88967.5, 10.0], [88965.0, 420.0], [88962.5, 700.0], [88960.0, 910.0], [88957.5, 700.0], [88955.0, 210.0], [88952.5, 700.0], [88950.0, 700.0], [88912.5, 4980.0], [88910.0, 15570.0], [88907.5, 460.0], [88905.0, 1540.0], [88830.0, 1500.0], [88827.5, 5020.0], [88800.0, 640.0], [88797.5, 2150.0]], "asks": [[88985.0, 10700.0], [88997.5, 46340.0], [89000.0, 51380.0], [89002.5, 4630.0], [89010.0, 1380.0], [89012.5, 4640.0], [89042.5, 300.0], [89045.0, 1000.0], [89067.5, 16370.0], [89070.0, 1800.0], [89072.5, 5040.0], [89075.0, 1000.0], [89082.5, 4370.0], [89085.0, 14630.0], [89102.5, 300.0], [89105.0, 1000.0], [89120.0, 8880.0], [89122.5, 29740.0], [89150.0, 40.0], [89205.0, 10.0]]}}}
{"jsonrpc": "2.0", "method": "subscription", "params": {"channel": "book.BTC-6FEB26.none.20.100ms", "data": {"timestamp": 1769546010496, "change_id": 137121887354, "instrument_name": "BTC-6FEB26", "bids": [[88982.5, 1500.0], [88975.0, 940.0], [88972.5, 730.0], [88970.0, 3130.0], [88967.5, 10.0], [88965.0, 420.0], [88962.5, 700.0], [88960.0, 910.0], [88957.5, 700.0], [88912.5, 4980.0], [88910.0, 15570.0], [88907.5, 460.0], [88905.0, 1540.0], [88830.0, 1500.0], [88827.5, 5020.0], [88800.0, 640.0], [88797.5, 2150.0], [88775.0, 4500.0], [88772.5, 15080.0], [88770.0, 10.0]], "asks": [[88985.0, 10700.0], [88995.0, 700.0], [88997.5, 46340.0], [89000.0, 51380.0], [89002.5, 4630.0], [89010.0, 1380.0], [89012.5, 4640.0], [89042.5, 300.0], [89045.0, 1000.0], [89067.5, 16370.0], [89070.0, 1800.0], [89072.5, 5040.0], [89075.0, 1000.0], [89082.5, 4370.0], [89085.0, 14630.0], [89102.5, 300.0], [89105.0, 1000.0], [89120.0, 8880.0], [89122.5, 29740.0], [89150.0, 40.0]]}}}
{"jsonrpc": "2.0", "method": "subscription", "params": {"channel": "book.BTC-6FEB26.none.20.100ms", "data": {"timestamp": 1769546010893, "change_id": 137121887743, "instrument_name": "BTC-6FEB26", "bids": [[88975.0, 940.0], [88972.5, 30.0], [88970.0, 3130.0], [88965.0, 420.0], [88962.5, 700.0], [88960.0, 920.0], [88957.5, 700.0], [88912.5, 4980.0], [88910.0, 15570.0], [88907.5, 460.0], [88905.0, 1540.0], [88830.0, 1500.0], [88827.5, 5020.0], [88800.0, 640.0], [88797.5, 2150.0], [88775.0, 4500.0], [88772.5, 15080.0], [88770.0, 10.0], [88762.5, 40.0], [88727.5, 43100.0]], "asks": [[88985.0, 10700.0], [88990.0, 10.0], [88995.0, 1390.0], [88997.5, 46330.0], [89000.0, 51380.0], [89002.5, 4630.0], [89010.0, 1380.0], [89012.5, 4640.0], [89042.5, 300.0], [89045.0, 1000.0], [89065.0, 4890.0], [89067.5, 16370.0], [89070.0, 1800.0], [89072.5, 5040.0], [89075.0, 1000.0], [89082.5, 4370.0], [89085.0, 14630.0], [89102.5, 300.0], [89105.0, 1000.0], [89120.0, 8880.0]]}}}
{"jsonrpc": "2.0", "method": "subscription", "params": {"channel": "book.BTC-6FEB26.none.20.100ms", "data": {"timestamp": 1769546011321, "change_id": 137121888865, "instrument_name": "BTC-6FEB26", "bids": [[88952.5, 30.0], [88947.5, 10.0], [88912.5, 4650.0], [88910.0, 15570.0], [88907.5, 460.0], [88905.0, 1540.0], [88800.0, 640.0], [88797.5, 2150.0], [88775.0, 4500.0], [88772.5, 15080.0], [88770.0, 10.0], [88762.5, 40.0], [88727.5, 43100.0], [88725.0, 30480.0], [88722.5, 51440.0], [88720.0, 16250.0], [88705.0, 500.0], [88665.0, 30500.0], [88660.0, 1780.0], [88582.5, 29900.0]], "asks": [[88977.5, 10920.0], [88980.0, 700.0], [88982.5, 930.0], [88985.0, 3130.0], [88990.0, 210.0], [88992.5, 30.0], [88995.0, 5150.0], [88997.5, 47830.0], [89000.0, 51380.0], [89010.0, 1380.0], [89012.5, 4610.0], [89042.5, 300.0], [89045.0, 1000.0], [89065.0, 4890.0], [89067.5, 16370.0], [89070.0, 1800.0], [89072.5, 5040.0], [89075.0, 1000.0], [89082.5, 4370.0], [89085.0, 14630.0]]}}}
{"jsonrpc": "2.0", "method": "subscription", "params": {"channel": "book.BTC-6FEB26.none.20.100ms", "data": {"timestamp": 1769546011436, "change_id": 137121889517, "instrument_name": "BTC-6FEB26", "bids": [[88952.5, 960.0], [88950.0, 3130.0], [88947.5, 9390.0], [88945.0, 50000.0], [88940.0, 10.0], [88912.5, 4650.0], [88910.0, 15570.0], [88907.5, 460.0], [88905.0, 1540.0], [88832.5, 330.0], [88805.0, 1500.0], [88802.5, 5020.0], [88800.0, 640.0], [88797.5, 2150.0], [88775.0, 4500.0], [88772.5, 15080.0], [88770.0, 10.0], [88762.5, 40.0], [88727.5, 43100.0], [88725.0, 30480.0]], "asks": [[88975.0, 10710.0], [88977.5, 910.0], [88980.0, 700.0], [88982.5, 930.0], [88985.0, 3130.0], [88990.0, 210.0], [88992.5, 30.0], [88995.0, 5150.0], [88997.5, 97830.0], [89010.0, 1380.0], [89012.5, 4610.0], [89042.5, 300.0], [89045.0, 1000.0], [89065.0, 4890.0], [89067.5, 16370.0], [89070.0, 1800.0], [89072.5, 5040.0], [89075.0, 1000.0], [89082.5, 4370.0], [89085.0, 14630.0]]}}}
{"jsonrpc": "2.0", "method": "subscription", "params": {"channel": "book.BTC-6FEB26.none.20.100ms", "data": {"timestamp": 1769546011730, "change_id": 137121889686, "instrument_name": "BTC-6FEB26", "bids": [[88962.5, 450.0], [88960.0, 1500.0], [88952.5, 960.0], [88950.0, 3130.0], [88947.5, 9400.0], [88945.0, 50000.0], [88937.5, 3140.0], [88935.0, 85360.0], [88912.5, 4650.0], [88910.0, 15570.0], [88907.5, 460.0], [88905.0, 1540.0], [88832.5, 330.0], [88805.0, 1500.0], [88802.5, 5020.0], [88800.0, 640.0], [88797.5, 2150.0], [88775.0, 4500.0], [88772.5, 15080.0], [88770.0, 10.0]], "asks": [[88975.0, 10700.0], [88977.5, 920.0], [88980.0, 700.0], [88982.5, 930.0], [88985.0, 3130.0], [88990.0, 210.0], [88992.5, 30.0], [88995.0, 5150.0], [88997.5, 97830.0], [89010.0, 1380.0], [89012.5, 4610.0], [89042.5, 300.0], [89045.0, 1000.0], [89065.0, 4890.0], [89067.5, 16370.0], [89070.0, 1800.0], [89072.5, 5040.0], [89075.0, 1000.0], [89082.5, 4370.0], [89085.0, 14630.0]]}}}
{"jsonrpc": "2.0", "method": "subscription", "params": {"channel": "book.BTC-6FEB26.none.20.100ms", "data": {"timestamp": 1769546012186, "change_id": 137121890142, "instrument_name": "BTC-6FEB26", "bids": [[88962.5, 450.0], [88960.0, 2430.0], [88957.5, 3130.0], [88952.5, 30.0], [88947.5, 9400.0], [88945.0, 50000.0], [88937.5, 3140.0], [88935.0, 85360.0], [88912.5, 4650.0], [88910.0, 15570.0], [88907.5, 460.0], [88905.0, 1540.0], [88832.5, 330.0], [88805.0, 1500.0], [88802.5, 5020.0], [88800.0, 640.0], [88797.5, 2150.0], [88775.0, 4500.0], [88772.5, 15080.0], [88770.0, 10.0]], "asks": [[88975.0, 10700.0], [88977.5, 710.0], [88980.0, 700.0], [88982.5, 930.0], [88985.0, 3130.0], [88990.0, 210.0], [88992.5, 30.0], [88995.0, 5150.0], [88997.5, 97830.0], [89010.0, 1380.0], [89012.5, 4610.0], [89042.5, 300.0], [89045.0, 1000.0], [89065.0, 4890.0], [89067.5, 16370.0], [89070.0, 1800.0], [89072.5, 5040.0], [89075.0, 1000.0], [89082.5, 4370.0], [89085.0, 14630.0]]}}}
{"jsonrpc": "2.0", "method": "subscription", "params": {"channel": "book.BTC-6FEB26.none.20.100ms", "data": {"timestamp": 1769546012663, "change_id": 137121890799, "instrument_name": "BTC-6FEB26", "bids": [[88967.5, 450.0], [88965.0, 1500.0], [88960.0, 930.0], [88957.5, 3130.0], [88952.5, 40.0], [88947.5, 9390.0], [88945.0, 50000.0], [88912.5, 4650.0], [88910.0, 15570.0], [88907.5, 460.0], [88905.0, 1540.0], [88832.5, 330.0], [88805.0, 1500.0], [88802.5, 5020.0], [88800.0, 640.0], [88797.5, 2150.0], [88775.0, 4500.0], [88772.5, 15080.0], [88770.0, 10.0], [88762.5, 40.0]], "asks": [[88975.0, 10700.0], [88980.0, 700.0], [88982.5, 940.0], [88985.0, 3130.0], [88990.0, 1000.0], [88992.5, 2730.0], [88995.0, 5150.0], [88997.5, 97830.0], [89010.0, 1380.0], [89012.5, 4610.0], [89042.5, 300.0], [89045.0, 1000.0], [89065.0, 4890.0], [89067.5, 16370.0], [89070.0, 1800.0], [89072.5, 5040.0], [89075.0, 1000.0], [89082.5, 4370.0], [89085.0, 14630.0], [89102.5, 300.0]]}}}
{"jsonrpc": "2.0", "method": "subscription", "params": {"channel": "book.BTC-6FEB26.none.20.100ms", "data": {"timestamp": 1769546013021, "change_id": 137121891188, "instrument_name": "BTC-6FEB26", "bids": [[88967.5, 450.0], [88965.0, 1500.0], [88960.0, 930.0], [88957.5, 3130.0], [88952.5, 8800.0], [88950.0, 42690.0], [88947.5, 9390.0], [88945.0, 50000.0], [88912.5, 4650.0], [88910.0, 15570.0], [88907.5, 460.0], [88905.0, 1540.0], [88832.5, 330.0], [88805.0, 1500.0], [88802.5, 5020.0], [88800.0, 640.0], [88797.5, 2150.0], [88775.0, 4500.0], [88772.5, 15080.0], [88770.0, 10.0]], "asks": [[88975.0, 10700.0], [88980.0, 700.0], [88982.5, 940.0], [88985.0, 3130.0], [88990.0, 1000.0], [88992.5, 2730.0], [88995.0, 5150.0], [88997.5, 97830.0], [89010.0, 1380.0], [89012.5, 4610.0], [89042.5, 300.0], [89045.0, 1000.0], [89065.0, 4890.0], [89067.5, 16370.0], [89070.0, 1800.0], [89072.5, 5040.0], [89075.0, 1000.0], [89082.5, 4370.0], [89085.0, 14630.0], [89102.5, 300.0]]}}}
{"jsonrpc": "2.0", "method": "subscription", "params": {"channel": "book.BTC-6FEB26.none.20.100ms", "data": {"timestamp": 1769546013644, "change_id": 137121891943, "instrument_name": "BTC-6FEB26", "bids": [[88967.5, 450.0], [88965.0, 1500.0], [88960.0, 930.0], [88957.5, 3130.0], [88952.5, 8800.0], [88950.0, 42690.0], [88947.5, 9390.0], [88945.0, 50000.0], [88912.5, 4650.0], [88910.0, 15570.0], [88907.5, 460.0], [88905.0, 1540.0], [88832.5, 330.0], [88805.0, 1500.0], [88802.5, 5020.0], [88800.0, 640.0], [88797.5, 2150.0], [88775.0, 4500.0], [88772.5, 15080.0], [88770.0, 10.0]], "asks": [[88972.5, 10700.0], [88980.0, 700.0], [88982.5, 940.0], [88985.0, 4630.0], [88990.0, 1000.0], [88992.5, 2730.0], [88995.0, 5150.0], [88997.5, 96330.0], [89010.0, 1380.0], [89012.5, 4610.0], [89042.5, 300.0], [89045.0, 1000.0], [89065.0, 4890.0], [89067.5, 16370.0], [89070.0, 1800.0], [89072.5, 5040.0], [89075.0, 1000.0], [89082.5, 4370.0], [89085.0, 14630.0], [89102.5, 300.0]]}}}
{"jsonrpc": "2.0", "method": "subscription", "params": {"channel": "book.BTC-6FEB26.none.20.100ms", "data": {"timestamp": 1769546014247, "change_id": 137121892878, "instrument_name": "BTC-6FEB26", "bids": [[88970.0, 1500.0], [88962.5, 30.0], [88960.0, 930.0], [88957.5, 3130.0], [88955.0, 10.0], [88952.5, 8760.0], [88950.0, 42690.0], [88947.5, 9390.0], [88945.0, 50000.0], [88912.5, 4650.0], [88910.0, 15570.0], [88907.5, 460.0], [88905.0, 1540.0], [88832.5, 330.0], [88805.0, 1500.0], [88802.5, 5020.0], [88800.0, 640.0], [88797.5, 2150.0], [88775.0, 4500.0], [88772.5, 15080.0]], "asks": [[88972.5, 10700.0], [88980.0, 700.0], [88985.0, 10.0], [88990.0, 1330.0], [88992.5, 3830.0], [88995.0, 5150.0], [88997.5, 97830.0], [89005.0, 30.0], [89010.0, 1380.0], [89012.5, 4610.0], [89042.5, 300.0], [89045.0, 1000.0], [89065.0, 4890.0], [89067.5, 16370.0], [89070.0, 1800.0], [89072.5, 5040.0], [89075.0, 1000.0], [89082.5, 4370.0], [89085.0, 14630.0], [89102.5, 300.0]]}}}
{"jsonrpc": "2.0", "method": "subscription", "params": {"channel": "book.BTC-6FEB26.none.20.100ms", "data": {"timestamp": 1769546014513, "change_id": 137121893238, "instrument_name": "BTC-6FEB26", "bids": [[88970.0, 1500.0], [88965.0, 220.0], [88962.5, 730.0], [88960.0, 930.0], [88957.5, 3130.0], [88955.0, 10.0], [88952.5, 8760.0], [88950.0, 42690.0], [88912.5, 4650.0], [88910.0, 15570.0], [88907.5, 460.0], [88905.0, 1540.0], [88832.5, 330.0], [88805.0, 1500.0], [88802.5, 5020.0], [88800.0, 640.0], [88797.5, 2150.0], [88775.0, 4500.0], [88772.5, 15080.0], [88770.0, 10.0]], "asks": [[88972.5, 10700.0], [88985.0, 10.0], [88987.5, 700.0], [88990.0, 1330.0], [88992.5, 5330.0], [88995.0, 5150.0], [88997.5, 96330.0], [89005.0, 30.0], [89010.0, 1380.0], [89012.5, 4610.0], [89042.5, 300.0], [89045.0, 1000.0], [89065.0, 4890.0], [89067.5, 16370.0], [89070.0, 1800.0], [89072.5, 5040.0], [89075.0, 1000.0], [89082.5, 4370.0], [89085.0, 14630.0], [89102.5, 300.0]]}}}
{"jsonrpc": "2.0", "method": "subscription", "params": {"channel": "book.BTC-6FEB26.none.20.100ms", "data": {"timestamp": 1769546014952, "change_id": 137121893654, "instrument_name": "BTC-6FEB26", "bids": [[88970.0, 1500.0], [88965.0, 220.0], [88962.5, 730.0], [88960.0, 930.0], [88957.5, 3130.0], [88955.0, 10.0], [88952.5, 8760.0], [88950.0, 42690.0], [88912.5, 4650.0], [88910.0, 15570.0], [88907.5, 460.0], [88905.0, 1540.0], [88832.5, 330.0], [88805.0, 1500.0], [88802.5, 5020.0], [88800.0, 640.0], [88797.5, 2150.0], [88775.0, 4500.0], [88772.5, 15080.0], [88770.0, 10.0]], "asks": [[88972.5, 10000.0], [88985.0, 10.0], [88987.5, 700.0], [88990.0, 2030.0], [88992.5, 5330.0], [88995.0, 5150.0], [88997.5, 96330.0], [89005.0, 30.0], [89010.0, 1380.0], [89012.5, 4610.0], [89042.5, 300.0], [89045.0, 1000.0], [89065.0, 4890.0], [89067.5, 16370.0], [89070.0, 1800.0], [89072.5, 5040.0], [89075.0, 1000.0], [89082.5, 4370.0], [89085.0, 14630.0], [89102.5, 300.0]]}}}
