{"jsonrpc": "2.0", "method": "subscription", "params": {"channel": "book.BTC-17OCT25.none.20.100ms", "data": {"timestamp": 1760542244276, "change_id": 121986492004, "instrument_name": "BTC-17OCT25", "bids": [[111325.0, 1020.0], [111315.0, 115120.0], [111312.5, 2390.0], [111310.0, 8760.0], [111307.5, 35120.0], [111302.5, 570.0], [111297.5, 2390.0], [111292.5, 10160.0], [111290.0, 35120.0], [111282.5, 2380.0], [111267.5, 2380.0], [111255.0, 2380.0], [111240.0, 3000.0], [111225.0, 2420.0], [111212.5, 44000.0], [111177.5, 2420.0], [111165.0, 18220.0], [111140.0, 2420.0], [111135.0, 20.0], [111115.0, 2420.0]], "asks": [[111327.5, 10000.0], [111340.0, 10.0], [111342.5, 160.0], [111345.0, 2390.0], [111347.5, 8760.0], [111357.5, 52580.0], [111370.0, 3000.0], [111380.0, 2380.0], [111390.0, 15810.0], [111392.5, 2390.0], [111405.0, 2390.0], [111415.0, 3000.0], [111417.5, 2390.0], [111425.0, 3000.0], [111430.0, 2390.0], [111455.0, 2390.0], [111457.5, 44000.0], [111477.5, 2380.0], [111490.0, 2380.0], [111577.5, 2420.0]]}}}
{"jsonrpc": "2.0", "method": "subscription", "params": {"channel": "book.BTC-24OCT25.none.20.100ms", "data": {"timestamp": 1760542244544, "change_id": 121986492977, "instrument_name": "BTC-24OCT25", "bids": [[111427.5, 8750.0], [111417.5, 35450.0], [111410.0, 1660.0], [111407.5, 35610.0], [111405.0, 10400.0], [111400.0, 50000.0], [111397.5, 37110.0], [111387.5, 56410.0], [111372.5, 1660.0], [111357.5, 3000.0], [111332.5, 1710.0], [111330.0, 44000.0], [111317.5, 1650.0], [111312.5, 20.0], [111305.0, 1650.0], [111285.0, 1650.0], [111272.5, 17820.0], [111260.0, 1650.0], [111247.5, 45890.0], [111222.5, 1670.0]], "asks": [[111430.0, 20000.0], [111437.5, 10000.0], [111450.0, 160.0], [111452.5, 500.0], [111455.0, 1660.0], [111467.5, 2610.0], [111470.0, 8750.0], [111472.5, 510.0], [111475.0, 1710.0], [111485.0, 510.0], [111487.5, 1710.0], [111497.5, 16540.0], [111502.5, 560.0], [111505.0, 1710.0], [111517.5, 510.0], [111520.0, 1710.0], [111530.0, 390.0], [111532.5, 1710.0], [111540.0, 390.0], [111545.0, 1710.0]]}}}
{"jsonrpc": "2.0", "method": "subscription", "params": {"channel": "book.BTC-17OCT25.none.20.100ms", "data": {"timestamp": 1760542244421, "change_id": 121986492440, "instrument_name": "BTC-17OCT25", "bids": [[111325.0, 1020.0], [111315.0, 115120.0], [111312.5, 2390.0], [111310.0, 8760.0], [111307.5, 35130.0], [111302.5, 570.0], [111297.5, 2390.0], [111292.5, 10160.0], [111290.0, 35120.0], [111282.5, 2380.0], [111267.5, 2380.0], [111255.0, 2380.0], [111240.0, 3000.0], [111225.0, 2420.0], [111212.5, 44000.0], [111177.5, 2420.0], [111165.0, 18220.0], [111140.0, 2420.0], [111135.0, 20.0], [111115.0, 2420.0]], "asks": [[111327.5, 10000.0], [111330.0, 160.0], [111337.5, 10.0], [111345.0, 2390.0], [111347.5, 8760.0], [111357.5, 52580.0], [111370.0, 3000.0], [111380.0, 2380.0], [111390.0, 15810.0], [111392.5, 2390.0], [111405.0, 2390.0], [111415.0, 3000.0], [111417.5, 2390.0], [111425.0, 3000.0], [111430.0, 2390.0], [111455.0, 2390.0], [111457.5, 44000.0], [111477.5, 2380.0], [111490.0, 2380.0], [111577.5, 2420.0]]}}}
{"jsonrpc": "2.0", "method": "subscription", "params": {"channel": "book.BTC-24OCT25.none.20.100ms", "data": {"timestamp": 1760542244961, "change_id": 121986494096, "instrument_name": "BTC-24OCT25", "bids": [[111427.5, 8750.0], [111417.5, 35450.0], [111412.5, 10000.0], [111410.0, 1660.0], [111407.5, 35610.0], [111405.0, 400.0], [111400.0, 50000.0], [111397.5, 37110.0], [111387.5, 56410.0], [111372.5, 1660.0], [111357.5, 3000.0], [111332.5, 1710.0], [111330.0, 44000.0], [111317.5, 1650.0], [111312.5, 20.0], [111305.0, 1650.0], [111285.0, 1650.0], [111272.5, 17820.0], [111260.0, 1650.0], [111247.5, 45890.0]], "asks": [[111430.0, 20000.0], [111445.0, 2990.0], [111447.5, 10000.0], [111452.5, 160.0], [111467.5, 2610.0], [111470.0, 8750.0], [111472.5, 510.0], [111475.0, 1710.0], [111485.0, 510.0], [111487.5, 1710.0], [111497.5, 16540.0], [111502.5, 560.0], [111505.0, 1710.0], [111517.5, 510.0], [111520.0, 1710.0], [111530.0, 390.0], [111532.5, 1710.0], [111540.0, 390.0], [111545.0, 1710.0], [111567.5, 13130.0]]}}}
{"jsonrpc": "2.0", "method": "subscription", "params": {"channel": "book.BTC-17OCT25.none.20.100ms", "data": {"timestamp": 1760542244900, "change_id": 121986493979, "instrument_name": "BTC-17OCT25", "bids": [[111325.0, 3420.0], [111317.5, 34360.0], [111315.0, 118450.0], [111312.5, 2390.0], [111310.0, 19250.0], [111307.5, 35130.0], [111302.5, 3560.0], [111300.0, 10000.0], [111297.5, 24070.0], [111295.0, 92480.0], [111292.5, 89190.0], [111290.0, 35120.0], [111282.5, 2380.0], [111267.5, 2380.0], [111255.0, 2380.0], [111240.0, 3000.0], [111225.0, 2420.0], [111212.5, 44000.0], [111177.5, 2420.0], [111165.0, 18220.0]], "asks": [[111327.5, 10000.0], [111330.0, 160.0], [111337.5, 10.0], [111345.0, 2610.0], [111347.5, 8760.0], [111355.0, 15700.0], [111357.5, 52380.0], [111367.5, 900.0], [111370.0, 3000.0], [111377.5, 710.0], [111380.0, 2380.0], [111387.5, 4720.0], [111390.0, 16520.0], [111392.5, 2390.0], [111402.5, 710.0], [111405.0, 2390.0], [111412.5, 900.0], [111415.0, 3710.0], [111417.5, 2390.0], [111422.5, 900.0]]}}}
{"jsonrpc": "2.0", "method": "subscription", "params": {"channel": "book.BTC-24OCT25.none.20.100ms", "data": {"timestamp": 1760542245273, "change_id": 121986495642, "instrument_name": "BTC-24OCT25", "bids": [[111445.0, 1560.0], [111435.0, 37010.0], [111430.0, 1660.0], [111427.5, 8750.0], [111425.0, 35450.0], [111420.0, 60160.0], [111417.5, 35450.0], [111410.0, 2060.0], [111407.5, 35450.0], [111405.0, 400.0], [111397.5, 37110.0], [111387.5, 56410.0], [111372.5, 1660.0], [111357.5, 3000.0], [111332.5, 1710.0], [111330.0, 44000.0], [111317.5, 1650.0], [111312.5, 20.0], [111305.0, 1650.0], [111285.0, 1650.0]], "asks": [[111447.5, 20000.0], [111450.0, 10000.0], [111452.5, 160.0], [111467.5, 2610.0], [111470.0, 8750.0], [111472.5, 510.0], [111475.0, 1710.0], [111485.0, 510.0], [111487.5, 1710.0], [111495.0, 4940.0], [111497.5, 16540.0], [111502.5, 560.0], [111505.0, 1710.0], [111517.5, 510.0], [111520.0, 1710.0], [111530.0, 390.0], [111532.5, 1710.0], [111540.0, 390.0], [111545.0, 1710.0], [111567.5, 13130.0]]}}}
{"jsonrpc": "2.0", "method": "subscription", "params": {"channel": "book.BTC-17OCT25.none.20.100ms", "data": {"timestamp": 1760542245271, "change_id": 121986495608, "instrument_name": "BTC-17OCT25", "bids": [[111335.0, 1020.0], [111327.5, 30000.0], [111325.0, 37520.0], [111315.0, 85120.0], [111312.5, 2950.0], [111310.0, 8760.0], [111307.5, 45130.0], [111305.0, 160.0], [111302.5, 570.0], [111297.5, 37510.0], [111295.0, 72620.0], [111292.5, 89030.0], [111282.5, 2380.0], [111267.5, 2380.0], [111255.0, 2380.0], [111240.0, 3000.0], [111225.0, 2420.0], [111212.5, 44000.0], [111177.5, 2420.0], [111165.0, 18220.0]], "asks": [[111337.5, 10.0], [111340.0, 10000.0], [111347.5, 8920.0], [111357.5, 52780.0], [111370.0, 3000.0], [111380.0, 2380.0], [111390.0, 15810.0], [111392.5, 2390.0], [111405.0, 2390.0], [111417.5, 2390.0], [111425.0, 3000.0], [111430.0, 2390.0], [111455.0, 2390.0], [111457.5, 44000.0], [111477.5, 2380.0], [111490.0, 2380.0], [111577.5, 2420.0], [111595.0, 42170.0], [111602.5, 2420.0], [111630.0, 500.0]]}}}
{"jsonrpc": "2.0", "method": "subscription", "params": {"channel": "book.BTC-24OCT25.none.20.100ms", "data": {"timestamp": 1760542245604, "change_id": 121986496633, "instrument_name": "BTC-24OCT25", "bids": [[111445.0, 1560.0], [111437.5, 6060.0], [111435.0, 35450.0], [111430.0, 1660.0], [111427.5, 10000.0], [111425.0, 35450.0], [111422.5, 400.0], [111420.0, 50160.0], [111417.5, 35450.0], [111410.0, 1660.0], [111400.0, 89120.0], [111397.5, 1660.0], [111387.5, 56410.0], [111372.5, 1660.0], [111357.5, 3000.0], [111332.5, 1710.0], [111330.0, 44000.0], [111317.5, 1650.0], [111312.5, 20.0], [111305.0, 1650.0]], "asks": [[111447.5, 20000.0], [111450.0, 10000.0], [111452.5, 160.0], [111467.5, 1810.0], [111470.0, 6060.0], [111472.5, 510.0], [111475.0, 1710.0], [111485.0, 510.0], [111487.5, 1710.0], [111495.0, 4940.0], [111497.5, 16540.0], [111502.5, 560.0], [111505.0, 1710.0], [111517.5, 510.0], [111520.0, 1710.0], [111530.0, 390.0], [111532.5, 1710.0], [111540.0, 390.0], [111545.0, 1710.0], [111567.5, 13130.0]]}}}
{"jsonrpc": "2.0", "method": "subscription", "params": {"channel": "book.BTC-17OCT25.none.20.100ms", "data": {"timestamp": 1760542245628, "change_id": 121986496747, "instrument_name": "BTC-17OCT25", "bids": [[111337.5, 1020.0], [111330.0, 20150.0], [111327.5, 30000.0], [111325.0, 37520.0], [111322.5, 16510.0], [111320.0, 56070.0], [111317.5, 13470.0], [111315.0, 46000.0], [111312.5, 2950.0], [111310.0, 10530.0], [111307.5, 35120.0], [111305.0, 160.0], [111297.5, 24070.0], [111295.0, 99200.0], [111292.5, 89030.0], [111267.5, 2380.0], [111255.0, 2380.0], [111240.0, 3000.0], [111225.0, 2420.0], [111212.5, 44000.0]], "asks": [[111340.0, 10000.0], [111345.0, 1860.0], [111347.5, 6220.0], [111355.0, 15750.0], [111357.5, 52780.0], [111367.5, 900.0], [111370.0, 3000.0], [111377.5, 710.0], [111380.0, 2380.0], [111387.5, 4720.0], [111390.0, 15810.0], [111402.5, 710.0], [111405.0, 2390.0], [111415.0, 710.0], [111417.5, 2390.0], [111422.5, 900.0], [111425.0, 4610.0], [111427.5, 3000.0], [111430.0, 2390.0], [111452.5, 710.0]]}}}
{"jsonrpc": "2.0", "method": "subscription", "params": {"channel": "book.BTC-17OCT25.none.20.100ms", "data": {"timestamp": 1760542245960, "change_id": 121986497442, "instrument_name": "BTC-17OCT25", "bids": [[111337.5, 1020.0], [111330.0, 32500.0], [111327.5, 30000.0], [111325.0, 87520.0], [111322.5, 1810.0], [111320.0, 6070.0], [111317.5, 13470.0], [111315.0, 46000.0], [111312.5, 2950.0], [111310.0, 10530.0], [111307.5, 35120.0], [111305.0, 160.0], [111297.5, 24070.0], [111295.0, 99200.0], [111292.5, 89030.0], [111267.5, 2380.0], [111255.0, 2380.0], [111240.0, 3000.0], [111225.0, 2420.0], [111212.5, 44000.0]], "asks": [[111340.0, 10000.0], [111347.5, 160.0], [111350.0, 1820.0], [111352.5, 6060.0], [111355.0, 15750.0], [111357.5, 52780.0], [111367.5, 900.0], [111370.0, 3000.0], [111377.5, 710.0], [111380.0, 2380.0], [111387.5, 4720.0], [111390.0, 15810.0], [111402.5, 710.0], [111405.0, 2390.0], [111415.0, 710.0], [111417.5, 2390.0], [111422.5, 900.0], [111425.0, 4610.0], [111427.5, 3000.0], [111430.0, 2390.0]]}}}
{"jsonrpc": "2.0", "method": "subscription", "params": {"channel": "book.BTC-24OCT25.none.20.100ms", "data": {"timestamp": 1760542245947, "change_id": 121986497437, "instrument_name": "BTC-24OCT25", "bids": [[111445.0, 1560.0], [111437.5, 6060.0], [111435.0, 35450.0], [111430.0, 1660.0], [111427.5, 10000.0], [111425.0, 35450.0], [111422.5, 400.0], [111420.0, 50160.0], [111417.5, 35450.0], [111410.0, 1660.0], [111400.0, 89120.0], [111397.5, 1660.0], [111387.5, 35450.0], [111372.5, 1660.0], [111357.5, 3000.0], [111332.5, 1710.0], [111330.0, 44000.0], [111317.5, 1650.0], [111312.5, 20.0], [111305.0, 1650.0]], "asks": [[111447.5, 20000.0], [111450.0, 10000.0], [111467.5, 160.0], [111470.0, 2320.0], [111472.5, 6060.0], [111475.0, 1710.0], [111485.0, 510.0], [111487.5, 1710.0], [111495.0, 4940.0], [111497.5, 16540.0], [111502.5, 560.0], [111505.0, 1710.0], [111517.5, 510.0], [111520.0, 1710.0], [111530.0, 390.0], [111532.5, 1710.0], [111540.0, 390.0], [111545.0, 1710.0], [111567.5, 13130.0], [111570.0, 44000.0]]}}}
{"jsonrpc": "2.0", "method": "subscription", "params": {"channel": "book.BTC-24OCT25.none.20.100ms", "data": {"timestamp": 1760542246200, "change_id": 121986497743, "instrument_name": "BTC-24OCT25", "bids": [[111445.0, 1560.0], [111437.5, 6060.0], [111435.0, 35450.0], [111430.0, 1660.0], [111427.5, 10000.0], [111425.0, 35450.0], [111422.5, 400.0], [111420.0, 50160.0], [111417.5, 35450.0], [111410.0, 1660.0], [111400.0, 89120.0], [111397.5, 1660.0], [111387.5, 35450.0], [111372.5, 1660.0], [111357.5, 3000.0], [111332.5, 1710.0], [111330.0, 44000.0], [111317.5, 1650.0], [111312.5, 20.0], [111285.0, 1650.0]], "asks": [[111447.5, 20000.0], [111450.0, 10000.0], [111467.5, 160.0], [111470.0, 2320.0], [111472.5, 6060.0], [111475.0, 1710.0], [111485.0, 510.0], [111487.5, 1710.0], [111495.0, 4940.0], [111497.5, 16540.0], [111502.5, 560.0], [111505.0, 1710.0], [111517.5, 510.0], [111520.0, 1710.0], [111530.0, 390.0], [111532.5, 1710.0], [111540.0, 390.0], [111545.0, 1710.0], [111567.5, 13130.0], [111570.0, 44000.0]]}}}
{"jsonrpc": "2.0", "method": "subscription", "params": {"channel": "book.BTC-17OCT25.none.20.100ms", "data": {"timestamp": 1760542246069, "change_id": 121986497569, "instrument_name": "BTC-17OCT25", "bids": [[111337.5, 1020.0], [111330.0, 32500.0], [111327.5, 30000.0], [111325.0, 87520.0], [111322.5, 1810.0], [111320.0, 6070.0], [111317.5, 13470.0], [111315.0, 46000.0], [111312.5, 2950.0], [111310.0, 10530.0], [111307.5, 35120.0], [111305.0, 160.0], [111297.5, 24070.0], [111295.0, 72620.0], [111270.0, 710.0], [111267.5, 2380.0], [111257.5, 710.0], [111255.0, 2380.0], [111242.5, 900.0], [111240.0, 3000.0]], "asks": [[111340.0, 10000.0], [111347.5, 160.0], [111350.0, 1820.0], [111352.5, 6060.0], [111355.0, 15750.0], [111357.5, 52780.0], [111367.5, 900.0], [111370.0, 3000.0], [111377.5, 710.0], [111380.0, 2380.0], [111387.5, 4720.0], [111390.0, 15810.0], [111402.5, 710.0], [111405.0, 2390.0], [111415.0, 710.0], [111417.5, 2390.0], [111422.5, 900.0], [111425.0, 4610.0], [111427.5, 3000.0], [111430.0, 2390.0]]}}}
{"jsonrpc": "2.0", "method": "subscription", "params": {"channel": "book.BTC-17OCT25.none.20.100ms", "data": {"timestamp": 1760542246441, "change_id": 121986498172, "instrument_name": "BTC-17OCT25", "bids": [[111337.5, 1020.0], [111330.0, 32500.0], [111327.5, 30000.0], [111325.0, 87520.0], [111322.5, 1810.0], [111320.0, 6070.0], [111317.5, 13470.0], [111315.0, 46000.0], [111312.5, 2950.0], [111310.0, 10530.0], [111307.5, 35120.0], [111305.0, 89200.0], [111297.5, 24070.0], [111295.0, 72620.0], [111270.0, 710.0], [111267.5, 2380.0], [111257.5, 710.0], [111255.0, 2380.0], [111242.5, 900.0], [111240.0, 3000.0]], "asks": [[111340.0, 10000.0], [111347.5, 160.0], [111350.0, 1820.0], [111352.5, 6060.0], [111355.0, 15750.0], [111357.5, 52780.0], [111367.5, 900.0], [111370.0, 3000.0], [111377.5, 710.0], [111380.0, 2380.0], [111387.5, 4720.0], [111390.0, 15810.0], [111402.5, 710.0], [111405.0, 2390.0], [111415.0, 710.0], [111417.5, 2390.0], [111422.5, 900.0], [111425.0, 4610.0], [111427.5, 3000.0], [111430.0, 2390.0]]}}}
{"jsonrpc": "2.0", "method": "subscription", "params": {"channel": "book.BTC-24OCT25.none.20.100ms", "data": {"timestamp": 1760542246947, "change_id": 121986499043, "instrument_name": "BTC-24OCT25", "bids": [[111440.0, 1560.0], [111437.5, 6060.0], [111430.0, 1660.0], [111427.5, 10000.0], [111425.0, 35450.0], [111422.5, 400.0], [111420.0, 50160.0], [111417.5, 35450.0], [111410.0, 1660.0], [111407.5, 35450.0], [111400.0, 89120.0], [111397.5, 1660.0], [111387.5, 35450.0], [111372.5, 1660.0], [111357.5, 3000.0], [111332.5, 1710.0], [111330.0, 44000.0], [111317.5, 1650.0], [111312.5, 20.0], [111285.0, 1650.0]], "asks": [[111447.5, 20000.0], [111450.0, 10000.0], [111457.5, 510.0], [111460.0, 1700.0], [111467.5, 160.0], [111470.0, 2320.0], [111472.5, 6060.0], [111475.0, 1710.0], [111485.0, 510.0], [111487.5, 1710.0], [111495.0, 4940.0], [111497.5, 16540.0], [111502.5, 560.0], [111505.0, 1710.0], [111517.5, 510.0], [111520.0, 1710.0], [111530.0, 390.0], [111532.5, 1710.0], [111540.0, 390.0], [111545.0, 1710.0]]}}}
{"jsonrpc": "2.0", "method": "subscription", "params": {"channel": "book.BTC-17OCT25.none.20.100ms", "data": {"timestamp": 1760542246949, "change_id": 121986499048, "instrument_name": "BTC-17OCT25", "bids": [[111335.0, 1020.0], [111330.0, 32500.0], [111327.5, 30000.0], [111325.0, 64700.0], [111322.5, 35120.0], [111320.0, 6070.0], [111317.5, 13470.0], [111315.0, 46000.0], [111312.5, 2950.0], [111310.0, 25280.0], [111305.0, 89200.0], [111300.0, 35120.0], [111297.5, 24070.0], [111295.0, 72620.0], [111270.0, 710.0], [111267.5, 2380.0], [111257.5, 710.0], [111255.0, 2380.0], [111242.5, 900.0], [111240.0, 3000.0]], "asks": [[111340.0, 10000.0], [111347.5, 160.0], [111350.0, 1820.0], [111352.5, 6060.0], [111355.0, 15750.0], [111357.5, 52780.0], [111367.5, 900.0], [111370.0, 3000.0], [111377.5, 710.0], [111380.0, 2380.0], [111387.5, 4720.0], [111390.0, 15810.0], [111402.5, 710.0], [111405.0, 2390.0], [111415.0, 710.0], [111417.5, 2390.0], [111422.5, 900.0], [111425.0, 4610.0], [111427.5, 3000.0], [111430.0, 2390.0]]}}}
{"jsonrpc": "2.0", "method": "subscription", "params": {"channel": "book.BTC-24OCT25.none.20.100ms", "data": {"timestamp": 1760542247090, "change_id": 121986499675, "instrument_name": "BTC-24OCT25", "bids": [[111445.0, 1560.0], [111437.5, 6060.0], [111435.0, 35450.0], [111430.0, 1660.0], [111427.5, 10000.0], [111425.0, 35450.0], [111422.5, 400.0], [111420.0, 50160.0], [111415.0, 35450.0], [111410.0, 1660.0], [111400.0, 89120.0], [111397.5, 1660.0], [111372.5, 1660.0], [111357.5, 3000.0], [111332.5, 1710.0], [111330.0, 44000.0], [111317.5, 1650.0], [111312.5, 20.0], [111285.0, 1650.0], [111272.5, 17820.0]], "asks": [[111447.5, 20000.0], [111460.0, 2990.0], [111462.5, 10000.0], [111467.5, 160.0], [111470.0, 2250.0], [111472.5, 6060.0], [111475.0, 1710.0], [111485.0, 510.0], [111487.5, 1710.0], [111495.0, 4940.0], [111497.5, 16540.0], [111502.5, 560.0], [111505.0, 1710.0], [111517.5, 510.0], [111520.0, 1710.0], [111530.0, 390.0], [111532.5, 1710.0], [111540.0, 390.0], [111545.0, 1710.0], [111567.5, 13130.0]]}}}
{"jsonrpc": "2.0", "method": "subscription", "params": {"channel": "book.BTC-17OCT25.none.20.100ms", "data": {"timestamp": 1760542247160, "change_id": 121986499667, "instrument_name": "BTC-17OCT25", "bids": [[111345.0, 1020.0], [111335.0, 35120.0], [111332.5, 8960.0], [111330.0, 50150.0], [111325.0, 64700.0], [111322.5, 35690.0], [111320.0, 6070.0], [111317.5, 13470.0], [111315.0, 46000.0], [111312.5, 2390.0], [111310.0, 25280.0], [111305.0, 89200.0], [111297.5, 2390.0], [111295.0, 72620.0], [111270.0, 710.0], [111267.5, 2380.0], [111255.0, 2380.0], [111240.0, 3000.0], [111227.5, 720.0], [111225.0, 2420.0]], "asks": [[111347.5, 10.0], [111350.0, 11810.0], [111352.5, 6060.0], [111355.0, 15750.0], [111357.5, 52780.0], [111362.5, 160.0], [111367.5, 900.0], [111370.0, 3000.0], [111377.5, 710.0], [111380.0, 2380.0], [111387.5, 4720.0], [111390.0, 15810.0], [111402.5, 710.0], [111405.0, 2390.0], [111415.0, 710.0], [111417.5, 2390.0], [111422.5, 900.0], [111425.0, 4610.0], [111427.5, 3000.0], [111430.0, 2390.0]]}}}
{"jsonrpc": "2.0", "method": "subscription", "params": {"channel": "book.BTC-24OCT25.none.20.100ms", "data": {"timestamp": 1760542247298, "change_id": 121986499904, "instrument_name": "BTC-24OCT25", "bids": [[111445.0, 1560.0], [111437.5, 6060.0], [111435.0, 35450.0], [111430.0, 1660.0], [111427.5, 10000.0], [111425.0, 35450.0], [111422.5, 400.0], [111420.0, 50160.0], [111415.0, 35450.0], [111410.0, 1660.0], [111400.0, 89120.0], [111397.5, 1660.0], [111372.5, 1660.0], [111357.5, 3000.0], [111332.5, 1710.0], [111330.0, 44000.0], [111317.5, 1650.0], [111312.5, 20.0], [111285.0, 1650.0], [111272.5, 17820.0]], "asks": [[111447.5, 20000.0], [111455.0, 10000.0], [111467.5, 160.0], [111470.0, 2250.0], [111472.5, 6060.0], [111475.0, 1710.0], [111485.0, 510.0], [111487.5, 1710.0], [111495.0, 4940.0], [111497.5, 16540.0], [111502.5, 560.0], [111505.0, 1710.0], [111517.5, 510.0], [111520.0, 1710.0], [111530.0, 390.0], [111532.5, 1710.0], [111540.0, 390.0], [111545.0, 1710.0], [111567.5, 13130.0], [111570.0, 44000.0]]}}}
{"jsonrpc": "2.0", "method": "subscription", "params": {"channel": "book.BTC-17OCT25.none.20.100ms", "data": {"timestamp": 1760542247555, "change_id": 121986500373, "instrument_name": "BTC-17OCT25", "bids": [[111332.5, 8960.0], [111330.0, 50150.0], [111325.0, 64710.0], [111322.5, 35120.0], [111320.0, 6060.0], [111317.5, 13470.0], [111315.0, 46000.0], [111312.5, 2390.0], [111310.0, 25280.0], [111305.0, 89200.0], [111302.5, 35120.0], [111297.5, 2390.0], [111295.0, 72620.0], [111270.0, 710.0], [111267.5, 2380.0], [111255.0, 2380.0], [111240.0, 3000.0], [111227.5, 720.0], [111225.0, 2420.0], [111212.5, 44000.0]], "asks": [[111340.0, 10000.0], [111350.0, 1810.0], [111352.5, 6060.0], [111355.0, 15750.0], [111357.5, 52780.0], [111362.5, 160.0], [111367.5, 900.0], [111370.0, 3000.0], [111377.5, 710.0], [111380.0, 2380.0], [111387.5, 4720.0], [111390.0, 15810.0], [111402.5, 710.0], [111405.0, 2390.0], [111415.0, 710.0], [111417.5, 2390.0], [111422.5, 900.0], [111425.0, 4610.0], [111427.5, 3000.0], [111430.0, 2390.0]]}}}
{"jsonrpc": "2.0", "method": "subscription", "params": {"channel": "book.BTC-24OCT25.none.20.100ms", "data": {"timestamp": 1760542247944, "change_id": 121986501096, "instrument_name": "BTC-24OCT25", "bids": [[111445.0, 1560.0], [111437.5, 6060.0], [111435.0, 35450.0], [111430.0, 1660.0], [111427.5, 10000.0], [111425.0, 35450.0], [111422.5, 400.0], [111420.0, 50160.0], [111415.0, 35450.0], [111410.0, 1660.0], [111400.0, 89120.0], [111397.5, 1660.0], [111372.5, 1660.0], [111357.5, 3000.0], [111332.5, 1710.0], [111330.0, 44000.0], [111317.5, 1650.0], [111312.5, 20.0], [111285.0, 1650.0], [111272.5, 17820.0]], "asks": [[111447.5, 20000.0], [111455.0, 10000.0], [111467.5, 160.0], [111470.0, 510.0], [111475.0, 3520.0], [111477.5, 6060.0], [111485.0, 510.0], [111487.5, 1710.0], [111495.0, 4940.0], [111497.5, 16540.0], [111502.5, 560.0], [111505.0, 1710.0], [111517.5, 510.0], [111520.0, 1710.0], [111530.0, 390.0], [111532.5, 1710.0], [111540.0, 390.0], [111545.0, 1710.0], [111567.5, 13130.0], [111570.0, 44000.0]]}}}
{"jsonrpc": "2.0", "method": "subscription", "params": {"channel": "book.BTC-17OCT25.none.20.100ms", "data": {"timestamp": 1760542247944, "change_id": 121986501095, "instrument_name": "BTC-17OCT25", "bids": [[111337.5, 1020.0], [111332.5, 8960.0], [111330.0, 50150.0], [111327.5, 6060.0], [111325.0, 64710.0], [111322.5, 35120.0], [111317.5, 13470.0], [111315.0, 46570.0], [111312.5, 2390.0], [111310.0, 25280.0], [111305.0, 89200.0], [111302.5, 35120.0], [111297.5, 2390.0], [111295.0, 72620.0], [111255.0, 2380.0], [111240.0, 3000.0], [111227.5, 720.0], [111225.0, 2420.0], [111212.5, 44000.0], [111177.5, 2420.0]], "asks": [[111340.0, 10000.0], [111355.0, 15750.0], [111357.5, 58840.0], [111362.5, 160.0], [111367.5, 900.0], [111370.0, 3000.0], [111377.5, 710.0], [111380.0, 2380.0], [111387.5, 4720.0], [111390.0, 15810.0], [111402.5, 710.0], [111405.0, 2390.0], [111415.0, 710.0], [111417.5, 2390.0], [111422.5, 900.0], [111425.0, 4610.0], [111427.5, 3000.0], [111430.0, 2390.0], [111452.5, 710.0], [111455.0, 15520.0]]}}}
{"jsonrpc": "2.0", "method": "subscription", "params": {"channel": "book.BTC-17OCT25.none.20.100ms", "data": {"timestamp": 1760542248272, "change_id": 121986501758, "instrument_name": "BTC-17OCT25", "bids": [[111347.5, 1020.0], [111340.0, 10480.0], [111337.5, 35120.0], [111335.0, 6060.0], [111332.5, 22780.0], [111330.0, 80000.0], [111327.5, 900.0], [111325.0, 13450.0], [111322.5, 45120.0], [111320.0, 13470.0], [111317.5, 35120.0], [111315.0, 710.0], [111312.5, 2390.0], [111307.5, 26630.0], [111305.0, 89200.0], [111297.5, 24070.0], [111295.0, 72620.0], [111257.5, 710.0], [111255.0, 2380.0], [111242.5, 900.0]], "asks": [[111350.0, 10000.0], [111355.0, 15750.0], [111357.5, 52790.0], [111362.5, 1970.0], [111365.0, 6060.0], [111367.5, 900.0], [111370.0, 3000.0], [111377.5, 710.0], [111380.0, 2380.0], [111402.5, 710.0], [111405.0, 2390.0], [111415.0, 710.0], [111417.5, 2390.0], [111422.5, 840.0], [111425.0, 3710.0], [111430.0, 2390.0], [111452.5, 710.0], [111455.0, 15520.0], [111457.5, 44000.0], [111487.5, 710.0]]}}}
{"jsonrpc": "2.0", "method": "subscription", "params": {"channel": "book.BTC-24OCT25.none.20.100ms", "data": {"timestamp": 1760542248272, "change_id": 121986501757, "instrument_name": "BTC-24OCT25", "bids": [[111445.0, 1560.0], [111437.5, 6060.0], [111435.0, 45450.0], [111430.0, 1660.0], [111425.0, 35450.0], [111422.5, 400.0], [111420.0, 50160.0], [111415.0, 35450.0], [111410.0, 1660.0], [111400.0, 89120.0], [111397.5, 1660.0], [111372.5, 1660.0], [111357.5, 3000.0], [111332.5, 1710.0], [111330.0, 44000.0], [111317.5, 1650.0], [111312.5, 20.0], [111285.0, 1650.0], [111272.5, 17820.0], [111260.0, 1650.0]], "asks": [[111447.5, 20000.0], [111462.5, 10000.0], [111467.5, 160.0], [111470.0, 510.0], [111475.0, 3520.0], [111477.5, 6060.0], [111485.0, 510.0], [111487.5, 1710.0], [111502.5, 560.0], [111505.0, 1710.0], [111517.5, 510.0], [111520.0, 1710.0], [111530.0, 390.0], [111532.5, 1710.0], [111540.0, 390.0], [111545.0, 1710.0], [111567.5, 13130.0], [111570.0, 44000.0], [111572.5, 510.0], [111575.0, 1710.0]]}}}
{"jsonrpc": "2.0", "method": "subscription", "params": {"channel": "book.BTC-17OCT25.none.20.100ms", "data": {"timestamp": 1760542248598, "change_id": 121986503829, "instrument_name": "BTC-17OCT25", "bids": [[111355.0, 1020.0], [111345.0, 35120.0], [111342.5, 2400.0], [111337.5, 115120.0], [111335.0, 10.0], [111325.0, 2400.0], [111322.5, 45120.0], [111317.5, 160.0], [111312.5, 2390.0], [111305.0, 89040.0], [111297.5, 2390.0], [111272.5, 3000.0], [111255.0, 2380.0], [111227.5, 15990.0], [111225.0, 2420.0], [111212.5, 44000.0], [111177.5, 2420.0], [111175.0, 24310.0], [111165.0, 2390.0], [111140.0, 2420.0]], "asks": [[111357.5, 10400.0], [111362.5, 160.0], [111372.5, 2800.0], [111375.0, 200.0], [111377.5, 2800.0], [111380.0, 2380.0], [111382.5, 3000.0], [111392.5, 2400.0], [111405.0, 2390.0], [111407.5, 15640.0], [111417.5, 2390.0], [111430.0, 2390.0], [111435.0, 3000.0], [111442.5, 2400.0], [111447.5, 3000.0], [111455.0, 2390.0], [111457.5, 44000.0], [111490.0, 2380.0], [111545.0, 25080.0], [111577.5, 2420.0]]}}}
{"jsonrpc": "2.0", "method": "subscription", "params": {"channel": "book.BTC-24OCT25.none.20.100ms", "data": {"timestamp": 1760542248607, "change_id": 121986503850, "instrument_name": "BTC-24OCT25", "bids": [[111445.0, 1560.0], [111437.5, 6060.0], [111435.0, 45450.0], [111432.5, 160.0], [111430.0, 1660.0], [111425.0, 35450.0], [111422.5, 400.0], [111420.0, 50000.0], [111415.0, 35450.0], [111410.0, 1660.0], [111400.0, 89120.0], [111397.5, 1660.0], [111372.5, 1660.0], [111357.5, 3000.0], [111332.5, 1710.0], [111330.0, 44000.0], [111325.0, 16520.0], [111317.5, 1650.0], [111312.5, 20.0], [111285.0, 1650.0]], "asks": [[111447.5, 20000.0], [111467.5, 160.0], [111470.0, 3500.0], [111472.5, 10000.0], [111475.0, 1710.0], [111485.0, 2250.0], [111487.5, 1710.0], [111490.0, 6060.0], [111502.5, 560.0], [111505.0, 1710.0], [111512.5, 16600.0], [111517.5, 510.0], [111520.0, 1710.0], [111530.0, 390.0], [111532.5, 1710.0], [111540.0, 390.0], [111545.0, 1710.0], [111567.5, 13130.0], [111570.0, 44000.0], [111572.5, 510.0]]}}}
{"jsonrpc": "2.0", "method": "subscription", "params": {"channel": "book.BTC-17OCT25.none.20.100ms", "data": {"timestamp": 1760542248901, "change_id": 121986505017, "instrument_name": "BTC-17OCT25", "bids": [[111355.0, 1020.0], [111335.0, 10.0], [111327.5, 36060.0], [111325.0, 52400.0], [111322.5, 35120.0], [111312.5, 2390.0], [111305.0, 89040.0], [111302.5, 160.0], [111297.5, 2390.0], [111272.5, 3000.0], [111255.0, 2380.0], [111227.5, 15990.0], [111225.0, 2420.0], [111212.5, 44000.0], [111177.5, 2420.0], [111175.0, 24310.0], [111165.0, 2390.0], [111140.0, 2420.0], [111135.0, 20.0], [111115.0, 2420.0]], "asks": [[111357.5, 10400.0], [111362.5, 160.0], [111372.5, 2800.0], [111375.0, 200.0], [111377.5, 2800.0], [111380.0, 2380.0], [111382.5, 3000.0], [111392.5, 2400.0], [111405.0, 2390.0], [111407.5, 15640.0], [111417.5, 2390.0], [111430.0, 2390.0], [111435.0, 3000.0], [111442.5, 2400.0], [111445.0, 3000.0], [111455.0, 2390.0], [111457.5, 44000.0], [111490.0, 2380.0], [111545.0, 25080.0], [111577.5, 2420.0]]}}}
{"jsonrpc": "2.0", "method": "subscription", "params": {"channel": "book.BTC-24OCT25.none.20.100ms", "data": {"timestamp": 1760542248842, "change_id": 121986505054, "instrument_name": "BTC-24OCT25", "bids": [[111445.0, 7620.0], [111435.0, 35450.0], [111430.0, 1660.0], [111425.0, 35450.0], [111422.5, 400.0], [111420.0, 50000.0], [111417.5, 160.0], [111415.0, 35450.0], [111410.0, 1660.0], [111400.0, 89120.0], [111397.5, 1660.0], [111375.0, 3000.0], [111372.5, 1660.0], [111332.5, 1710.0], [111330.0, 44000.0], [111325.0, 16520.0], [111317.5, 1650.0], [111312.5, 20.0], [111285.0, 1650.0], [111272.5, 1650.0]], "asks": [[111447.5, 20000.0], [111467.5, 160.0], [111470.0, 3500.0], [111472.5, 10000.0], [111475.0, 1710.0], [111487.5, 1710.0], [111502.5, 560.0], [111505.0, 1710.0], [111512.5, 16600.0], [111520.0, 1710.0], [111530.0, 390.0], [111532.5, 1710.0], [111540.0, 390.0], [111545.0, 1710.0], [111570.0, 44000.0], [111697.5, 490.0], [111700.0, 1650.0], [111712.5, 1700.0], [111737.5, 51650.0], [111742.5, 18410.0]]}}}
{"jsonrpc": "2.0", "method": "subscription", "params": {"channel": "book.BTC-17OCT25.none.20.100ms", "data": {"timestamp": 1760542249267, "change_id": 121986505943, "instrument_name": "BTC-17OCT25", "bids": [[111340.0, 1020.0], [111330.0, 25690.0], [111327.5, 30000.0], [111325.0, 60480.0], [111322.5, 35120.0], [111315.0, 11110.0], [111312.5, 2390.0], [111310.0, 35120.0], [111307.5, 26580.0], [111305.0, 89040.0], [111302.5, 160.0], [111300.0, 710.0], [111297.5, 2390.0], [111275.0, 900.0], [111272.5, 3000.0], [111257.5, 710.0], [111255.0, 2380.0], [111230.0, 5500.0], [111227.5, 15990.0], [111225.0, 2420.0]], "asks": [[111345.0, 10160.0], [111352.5, 840.0], [111355.0, 5450.0], [111357.5, 8870.0], [111375.0, 1550.0], [111377.5, 2800.0], [111380.0, 3280.0], [111382.5, 3000.0], [111390.0, 720.0], [111392.5, 2400.0], [111405.0, 7060.0], [111407.5, 15640.0], [111417.5, 2390.0], [111430.0, 2390.0], [111435.0, 3000.0], [111442.5, 2400.0], [111445.0, 3000.0], [111455.0, 2390.0], [111457.5, 44000.0], [111490.0, 2380.0]]}}}
{"jsonrpc": "2.0", "method": "subscription", "params": {"channel": "book.BTC-24OCT25.none.20.100ms", "data": {"timestamp": 1760542249261, "change_id": 121986505908, "instrument_name": "BTC-24OCT25", "bids": [[111445.0, 1560.0], [111435.0, 35450.0], [111430.0, 1660.0], [111425.0, 35450.0], [111422.5, 400.0], [111420.0, 50000.0], [111417.5, 160.0], [111415.0, 35450.0], [111410.0, 1660.0], [111400.0, 89120.0], [111397.5, 1660.0], [111375.0, 3000.0], [111372.5, 1660.0], [111332.5, 1710.0], [111330.0, 44000.0], [111325.0, 16520.0], [111317.5, 1650.0], [111312.5, 20.0], [111285.0, 1650.0], [111272.5, 1650.0]], "asks": [[111447.5, 20000.0], [111455.0, 3150.0], [111457.5, 10000.0], [111472.5, 510.0], [111475.0, 3520.0], [111477.5, 6060.0], [111487.5, 1710.0], [111502.5, 560.0], [111505.0, 1710.0], [111512.5, 16600.0], [111520.0, 1710.0], [111530.0, 390.0], [111532.5, 1710.0], [111540.0, 390.0], [111545.0, 1710.0], [111570.0, 45700.0], [111667.5, 570.0], [111670.0, 1900.0], [111697.5, 490.0], [111700.0, 1650.0]]}}}
{"jsonrpc": "2.0", "method": "subscription", "params": {"channel": "book.BTC-17OCT25.none.20.100ms", "data": {"timestamp": 1760542249576, "change_id": 121986507052, "instrument_name": "BTC-17OCT25", "bids": [[111335.0, 1020.0], [111327.5, 30000.0], [111325.0, 50000.0], [111322.5, 35120.0], [111317.5, 570.0], [111312.5, 8460.0], [111310.0, 35120.0], [111307.5, 99040.0], [111305.0, 89040.0], [111302.5, 160.0], [111297.5, 2390.0], [111272.5, 3000.0], [111255.0, 2380.0], [111227.5, 15990.0], [111225.0, 2420.0], [111212.5, 44000.0], [111177.5, 2420.0], [111165.0, 2390.0], [111140.0, 2420.0], [111135.0, 20.0]], "asks": [[111340.0, 2800.0], [111342.5, 2810.0], [111345.0, 10160.0], [111350.0, 6060.0], [111355.0, 2800.0], [111357.5, 2800.0], [111377.5, 2800.0], [111380.0, 2380.0], [111382.5, 3000.0], [111392.5, 2400.0], [111405.0, 2390.0], [111407.5, 15640.0], [111417.5, 2390.0], [111430.0, 2390.0], [111435.0, 3000.0], [111442.5, 2400.0], [111445.0, 3000.0], [111455.0, 2390.0], [111457.5, 44000.0], [111490.0, 2380.0]]}}}
{"jsonrpc": "2.0", "method": "subscription", "params": {"channel": "book.BTC-24OCT25.none.20.100ms", "data": {"timestamp": 1760542249574, "change_id": 121986507093, "instrument_name": "BTC-24OCT25", "bids": [[111440.0, 1560.0], [111437.5, 6060.0], [111417.5, 160.0], [111415.0, 35450.0], [111410.0, 1660.0], [111402.5, 50000.0], [111400.0, 89120.0], [111397.5, 1660.0], [111372.5, 1660.0], [111357.5, 3000.0], [111332.5, 1710.0], [111330.0, 44000.0], [111325.0, 16520.0], [111317.5, 1650.0], [111312.5, 20.0], [111285.0, 1650.0], [111272.5, 1650.0], [111260.0, 1650.0], [111247.5, 45890.0], [111222.5, 1670.0]], "asks": [[111445.0, 5970.0], [111447.5, 20000.0], [111455.0, 3150.0], [111457.5, 10000.0], [111460.0, 1700.0], [111462.5, 1810.0], [111465.0, 6060.0], [111472.5, 510.0], [111475.0, 1710.0], [111487.5, 1710.0], [111502.5, 560.0], [111505.0, 1710.0], [111512.5, 16600.0], [111520.0, 1710.0], [111530.0, 390.0], [111532.5, 1710.0], [111540.0, 390.0], [111545.0, 1710.0], [111570.0, 45700.0], [111667.5, 570.0]]}}}
{"jsonrpc": "2.0", "method": "subscription", "params": {"channel": "book.BTC-24OCT25.none.20.100ms", "data": {"timestamp": 1760542249716, "change_id": 121986507825, "instrument_name": "BTC-24OCT25", "bids": [[111432.5, 6060.0], [111417.5, 1700.0], [111415.0, 45450.0], [111402.5, 50160.0], [111397.5, 1660.0], [111372.5, 1660.0], [111357.5, 3000.0], [111332.5, 1710.0], [111330.0, 44000.0], [111325.0, 16520.0], [111317.5, 1650.0], [111312.5, 20.0], [111285.0, 1650.0], [111272.5, 1650.0], [111260.0, 1650.0], [111247.5, 45890.0], [111222.5, 1670.0], [111185.0, 1680.0], [111147.5, 1680.0], [111135.0, 1700.0]], "asks": [[111445.0, 5970.0], [111447.5, 30000.0], [111455.0, 670.0], [111460.0, 1700.0], [111462.5, 1810.0], [111465.0, 6060.0], [111472.5, 510.0], [111475.0, 1710.0], [111487.5, 1710.0], [111505.0, 1710.0], [111512.5, 16600.0], [111520.0, 1710.0], [111532.5, 1710.0], [111542.5, 510.0], [111545.0, 1710.0], [111570.0, 45700.0], [111667.5, 570.0], [111670.0, 1900.0], [111700.0, 1650.0], [111712.5, 1700.0]]}}}
{"jsonrpc": "2.0", "method": "subscription", "params": {"channel": "book.BTC-17OCT25.none.20.100ms", "data": {"timestamp": 1760542249867, "change_id": 121986507963, "instrument_name": "BTC-17OCT25", "bids": [[111325.0, 2400.0], [111317.5, 30000.0], [111315.0, 6060.0], [111312.5, 52400.0], [111310.0, 35120.0], [111302.5, 160.0], [111297.5, 12390.0], [111272.5, 3000.0], [111255.0, 2380.0], [111225.0, 2420.0], [111212.5, 46400.0], [111202.5, 15620.0], [111177.5, 2420.0], [111165.0, 2390.0], [111140.0, 2420.0], [111135.0, 20.0], [111115.0, 2420.0], [111107.5, 44240.0], [111102.5, 2400.0], [111052.5, 2400.0]], "asks": [[111330.0, 10000.0], [111332.5, 160.0], [111340.0, 2800.0], [111342.5, 2810.0], [111350.0, 6060.0], [111355.0, 2800.0], [111357.5, 2400.0], [111377.5, 2800.0], [111380.0, 2380.0], [111382.5, 3000.0], [111392.5, 2400.0], [111405.0, 2390.0], [111407.5, 15640.0], [111417.5, 2390.0], [111430.0, 2390.0], [111435.0, 3000.0], [111442.5, 2400.0], [111445.0, 3000.0], [111455.0, 2390.0], [111457.5, 44000.0]]}}}
{"jsonrpc": "2.0", "method": "subscription", "params": {"channel": "book.BTC-17OCT25.none.20.100ms", "data": {"timestamp": 1760542250258, "change_id": 121986508694, "instrument_name": "BTC-17OCT25", "bids": [[111327.5, 1020.0], [111325.0, 11360.0], [111322.5, 30000.0], [111320.0, 33630.0], [111317.5, 85120.0], [111315.0, 6070.0], [111312.5, 12870.0], [111310.0, 35120.0], [111307.5, 2990.0], [111305.0, 10570.0], [111302.5, 160.0], [111300.0, 11110.0], [111297.5, 37510.0], [111275.0, 900.0], [111272.5, 3000.0], [111257.5, 710.0], [111255.0, 2380.0], [111227.5, 720.0], [111225.0, 2420.0], [111215.0, 13850.0]], "asks": [[111330.0, 10000.0], [111332.5, 160.0], [111337.5, 840.0], [111340.0, 3640.0], [111342.5, 2810.0], [111347.5, 1810.0], [111350.0, 6060.0], [111352.5, 840.0], [111355.0, 3520.0], [111357.5, 2400.0], [111375.0, 1550.0], [111377.5, 2800.0], [111380.0, 3280.0], [111382.5, 3000.0], [111390.0, 720.0], [111392.5, 2400.0], [111402.5, 710.0], [111405.0, 7060.0], [111407.5, 15640.0], [111417.5, 2390.0]]}}}
{"jsonrpc": "2.0", "method": "subscription", "params": {"channel": "book.BTC-24OCT25.none.20.100ms", "data": {"timestamp": 1760542250194, "change_id": 121986508628, "instrument_name": "BTC-24OCT25", "bids": [[111435.0, 1560.0], [111432.5, 6060.0], [111422.5, 35450.0], [111417.5, 1700.0], [111415.0, 45450.0], [111410.0, 400.0], [111402.5, 85610.0], [111400.0, 89120.0], [111397.5, 1660.0], [111372.5, 1660.0], [111357.5, 3000.0], [111332.5, 1710.0], [111330.0, 44000.0], [111325.0, 16520.0], [111317.5, 1650.0], [111312.5, 20.0], [111285.0, 1650.0], [111272.5, 1650.0], [111260.0, 1650.0], [111247.5, 45890.0]], "asks": [[111445.0, 5970.0], [111447.5, 30000.0], [111455.0, 670.0], [111460.0, 1700.0], [111462.5, 1810.0], [111465.0, 6060.0], [111472.5, 510.0], [111475.0, 1710.0], [111485.0, 510.0], [111487.5, 1710.0], [111505.0, 1710.0], [111512.5, 16600.0], [111517.5, 510.0], [111520.0, 1710.0], [111532.5, 1710.0], [111542.5, 510.0], [111545.0, 1710.0], [111567.5, 13640.0], [111570.0, 45700.0], [111667.5, 570.0]]}}}
{"jsonrpc": "2.0", "method": "subscription", "params": {"channel": "book.BTC-17OCT25.none.20.100ms", "data": {"timestamp": 1760542250562, "change_id": 121986509485, "instrument_name": "BTC-17OCT25", "bids": [[111327.5, 3420.0], [111325.0, 8960.0], [111322.5, 30000.0], [111320.0, 33630.0], [111317.5, 85120.0], [111315.0, 6070.0], [111312.5, 22870.0], [111310.0, 35120.0], [111305.0, 570.0], [111302.5, 26740.0], [111300.0, 100150.0], [111297.5, 37510.0], [111275.0, 900.0], [111272.5, 3000.0], [111257.5, 710.0], [111255.0, 2380.0], [111227.5, 720.0], [111225.0, 2420.0], [111215.0, 13850.0], [111212.5, 46400.0]], "asks": [[111330.0, 10000.0], [111332.5, 160.0], [111342.5, 10.0], [111345.0, 840.0], [111347.5, 2800.0], [111350.0, 1670.0], [111352.5, 2800.0], [111355.0, 3520.0], [111357.5, 2400.0], [111375.0, 710.0], [111380.0, 3280.0], [111382.5, 3000.0], [111390.0, 720.0], [111392.5, 2400.0], [111402.5, 710.0], [111405.0, 7060.0], [111407.5, 15640.0], [111415.0, 710.0], [111417.5, 2390.0], [111427.5, 710.0]]}}}
{"jsonrpc": "2.0", "method": "subscription", "params": {"channel": "book.BTC-24OCT25.none.20.100ms", "data": {"timestamp": 1760542250486, "change_id": 121986509493, "instrument_name": "BTC-24OCT25", "bids": [[111442.5, 1560.0], [111432.5, 6060.0], [111430.0, 35450.0], [111422.5, 45450.0], [111420.0, 400.0], [111417.5, 1700.0], [111415.0, 400.0], [111412.5, 50000.0], [111410.0, 35450.0], [111402.5, 160.0], [111400.0, 89120.0], [111397.5, 1660.0], [111372.5, 1660.0], [111357.5, 3000.0], [111332.5, 1710.0], [111330.0, 44000.0], [111325.0, 16520.0], [111317.5, 1650.0], [111312.5, 20.0], [111285.0, 1650.0]], "asks": [[111447.5, 30000.0], [111455.0, 160.0], [111467.5, 1810.0], [111470.0, 6060.0], [111472.5, 510.0], [111475.0, 1710.0], [111485.0, 510.0], [111487.5, 1710.0], [111505.0, 1710.0], [111512.5, 16600.0], [111517.5, 510.0], [111520.0, 1710.0], [111532.5, 1710.0], [111542.5, 510.0], [111545.0, 1710.0], [111567.5, 13640.0], [111570.0, 45700.0], [111667.5, 570.0], [111670.0, 1900.0], [111700.0, 1650.0]]}}}
{"jsonrpc": "2.0", "method": "subscription", "params": {"channel": "book.BTC-24OCT25.none.20.100ms", "data": {"timestamp": 1760542250887, "change_id": 121986510414, "instrument_name": "BTC-24OCT25", "bids": [[111437.5, 1560.0], [111432.5, 6060.0], [111422.5, 45450.0], [111420.0, 400.0], [111417.5, 37150.0], [111412.5, 50000.0], [111410.0, 35450.0], [111402.5, 160.0], [111397.5, 1660.0], [111372.5, 1660.0], [111357.5, 3000.0], [111332.5, 1710.0], [111330.0, 44000.0], [111325.0, 16520.0], [111317.5, 1650.0], [111312.5, 20.0], [111285.0, 1650.0], [111272.5, 1650.0], [111260.0, 1650.0], [111247.5, 45890.0]], "asks": [[111447.5, 30000.0], [111455.0, 160.0], [111467.5, 1810.0], [111470.0, 6060.0], [111472.5, 510.0], [111475.0, 1710.0], [111485.0, 510.0], [111487.5, 1710.0], [111505.0, 1710.0], [111512.5, 16600.0], [111517.5, 510.0], [111520.0, 1710.0], [111532.5, 1710.0], [111542.5, 510.0], [111545.0, 1710.0], [111567.5, 13640.0], [111570.0, 45700.0], [111667.5, 570.0], [111670.0, 1900.0], [111700.0, 1650.0]]}}}
{"jsonrpc": "2.0", "method": "subscription", "params": {"channel": "book.BTC-17OCT25.none.20.100ms", "data": {"timestamp": 1760542250625, "change_id": 121986509543, "instrument_name": "BTC-17OCT25", "bids": [[111327.5, 3420.0], [111325.0, 8960.0], [111322.5, 30000.0], [111320.0, 33630.0], [111317.5, 85120.0], [111315.0, 6070.0], [111312.5, 22870.0], [111310.0, 35120.0], [111305.0, 570.0], [111302.5, 26740.0], [111300.0, 102100.0], [111297.5, 126540.0], [111275.0, 900.0], [111272.5, 3000.0], [111257.5, 710.0], [111255.0, 2380.0], [111227.5, 720.0], [111225.0, 2420.0], [111215.0, 13850.0], [111212.5, 46400.0]], "asks": [[111330.0, 10000.0], [111332.5, 160.0], [111342.5, 10.0], [111345.0, 2540.0], [111347.5, 2800.0], [111350.0, 7730.0], [111352.5, 2800.0], [111355.0, 3520.0], [111357.5, 2400.0], [111375.0, 710.0], [111380.0, 3280.0], [111382.5, 3000.0], [111390.0, 720.0], [111392.5, 2400.0], [111402.5, 710.0], [111405.0, 7060.0], [111407.5, 15640.0], [111415.0, 710.0], [111417.5, 2390.0], [111427.5, 710.0]]}}}
{"jsonrpc": "2.0", "method": "subscription", "params": {"channel": "book.BTC-24OCT25.none.20.100ms", "data": {"timestamp": 1760542251037, "change_id": 121986510767, "instrument_name": "BTC-24OCT25", "bids": [[111437.5, 1560.0], [111432.5, 6060.0], [111422.5, 45450.0], [111420.0, 400.0], [111417.5, 37150.0], [111412.5, 50000.0], [111410.0, 35450.0], [111402.5, 160.0], [111372.5, 1660.0], [111357.5, 3000.0], [111332.5, 1710.0], [111330.0, 44000.0], [111325.0, 16520.0], [111317.5, 1650.0], [111312.5, 20.0], [111285.0, 1650.0], [111272.5, 1650.0], [111260.0, 1650.0], [111247.5, 45890.0], [111222.5, 1670.0]], "asks": [[111445.0, 8960.0], [111447.5, 30000.0], [111455.0, 160.0], [111457.5, 510.0], [111460.0, 1700.0], [111467.5, 1810.0], [111470.0, 6060.0], [111472.5, 510.0], [111475.0, 1710.0], [111505.0, 1710.0], [111510.0, 4960.0], [111512.5, 16600.0], [111517.5, 510.0], [111520.0, 1710.0], [111532.5, 1710.0], [111542.5, 510.0], [111545.0, 1710.0], [111567.5, 13640.0], [111570.0, 45700.0], [111667.5, 570.0]]}}}
{"jsonrpc": "2.0", "method": "subscription", "params": {"channel": "book.BTC-17OCT25.none.20.100ms", "data": {"timestamp": 1760542251235, "change_id": 121986510879, "instrument_name": "BTC-17OCT25", "bids": [[111327.5, 1020.0], [111325.0, 8960.0], [111322.5, 30000.0], [111320.0, 33630.0], [111317.5, 85120.0], [111315.0, 6070.0], [111312.5, 22870.0], [111310.0, 35120.0], [111305.0, 570.0], [111302.5, 26740.0], [111300.0, 102100.0], [111297.5, 126540.0], [111275.0, 900.0], [111272.5, 3000.0], [111257.5, 710.0], [111255.0, 2380.0], [111227.5, 720.0], [111225.0, 2420.0], [111215.0, 13850.0], [111212.5, 46400.0]], "asks": [[111330.0, 10000.0], [111332.5, 160.0], [111340.0, 720.0], [111342.5, 2410.0], [111345.0, 2540.0], [111347.5, 2800.0], [111350.0, 7730.0], [111352.5, 2800.0], [111355.0, 3520.0], [111357.5, 2400.0], [111375.0, 710.0], [111380.0, 3280.0], [111382.5, 3000.0], [111390.0, 720.0], [111392.5, 2400.0], [111402.5, 710.0], [111405.0, 7060.0], [111407.5, 15640.0], [111415.0, 710.0], [111417.5, 2390.0]]}}}
{"jsonrpc": "2.0", "method": "subscription", "params": {"channel": "book.BTC-24OCT25.none.20.100ms", "data": {"timestamp": 1760542251562, "change_id": 121986512624, "instrument_name": "BTC-24OCT25", "bids": [[111420.0, 1560.0], [111407.5, 35450.0], [111405.0, 1700.0], [111400.0, 35450.0], [111395.0, 400.0], [111392.5, 37150.0], [111387.5, 160.0], [111385.0, 50000.0], [111382.5, 35450.0], [111372.5, 1660.0], [111347.5, 3000.0], [111332.5, 1710.0], [111325.0, 16520.0], [111317.5, 1650.0], [111312.5, 20.0], [111290.0, 44000.0], [111285.0, 1650.0], [111272.5, 1650.0], [111260.0, 1650.0], [111247.5, 45890.0]], "asks": [[111435.0, 2990.0], [111437.5, 10000.0], [111442.5, 160.0], [111445.0, 5970.0], [111447.5, 20000.0], [111457.5, 510.0], [111460.0, 1700.0], [111475.0, 1710.0], [111505.0, 1710.0], [111512.5, 16600.0], [111520.0, 1710.0], [111530.0, 44000.0], [111532.5, 1710.0], [111542.5, 510.0], [111545.0, 1710.0], [111567.5, 510.0], [111570.0, 1700.0], [111667.5, 570.0], [111670.0, 1900.0], [111700.0, 1650.0]]}}}
{"jsonrpc": "2.0", "method": "subscription", "params": {"channel": "book.BTC-17OCT25.none.20.100ms", "data": {"timestamp": 1760542251572, "change_id": 121986512620, "instrument_name": "BTC-17OCT25", "bids": [[111310.0, 2400.0], [111307.5, 30000.0], [111305.0, 85120.0], [111300.0, 89040.0], [111297.5, 126540.0], [111292.5, 570.0], [111290.0, 10000.0], [111285.0, 37680.0], [111262.5, 3000.0], [111255.0, 2380.0], [111225.0, 2420.0], [111212.5, 46400.0], [111202.5, 15620.0], [111177.5, 2420.0], [111140.0, 2420.0], [111135.0, 20.0], [111115.0, 2420.0], [111107.5, 44240.0], [111102.5, 2400.0], [111052.5, 2400.0]], "asks": [[111322.5, 12800.0], [111325.0, 2800.0], [111327.5, 2800.0], [111332.5, 160.0], [111337.5, 2810.0], [111340.0, 2800.0], [111342.5, 2400.0], [111357.5, 2400.0], [111380.0, 2380.0], [111382.5, 3000.0], [111392.5, 2400.0], [111405.0, 2390.0], [111407.5, 15640.0], [111417.5, 2390.0], [111425.0, 6000.0], [111430.0, 2390.0], [111442.5, 2400.0], [111455.0, 2390.0], [111457.5, 44000.0], [111490.0, 2380.0]]}}}
{"jsonrpc": "2.0", "method": "subscription", "params": {"channel": "book.BTC-24OCT25.none.20.100ms", "data": {"timestamp": 1760542251856, "change_id": 121986513679, "instrument_name": "BTC-24OCT25", "bids": [[111422.5, 1560.0], [111407.5, 35450.0], [111405.0, 1700.0], [111402.5, 10000.0], [111400.0, 35610.0], [111395.0, 50000.0], [111392.5, 37150.0], [111372.5, 1660.0], [111347.5, 3000.0], [111332.5, 1710.0], [111325.0, 16520.0], [111317.5, 1650.0], [111312.5, 20.0], [111290.0, 44000.0], [111285.0, 1650.0], [111272.5, 1650.0], [111260.0, 1650.0], [111247.5, 45890.0], [111222.5, 1670.0], [111185.0, 1680.0]], "asks": [[111445.0, 5970.0], [111447.5, 20000.0], [111450.0, 6060.0], [111457.5, 670.0], [111460.0, 1700.0], [111472.5, 510.0], [111475.0, 1710.0], [111505.0, 1710.0], [111512.5, 16600.0], [111520.0, 1710.0], [111530.0, 44000.0], [111532.5, 1710.0], [111542.5, 510.0], [111545.0, 1710.0], [111567.5, 510.0], [111570.0, 1700.0], [111667.5, 570.0], [111670.0, 1900.0], [111700.0, 1650.0], [111712.5, 1700.0]]}}}
{"jsonrpc": "2.0", "method": "subscription", "params": {"channel": "book.BTC-17OCT25.none.20.100ms", "data": {"timestamp": 1760542251903, "change_id": 121986513805, "instrument_name": "BTC-17OCT25", "bids": [[111322.5, 720.0], [111320.0, 2400.0], [111305.0, 23880.0], [111302.5, 30000.0], [111300.0, 64180.0], [111297.5, 47510.0], [111287.5, 11250.0], [111285.0, 37680.0], [111275.0, 720.0], [111272.5, 2400.0], [111265.0, 900.0], [111262.5, 3000.0], [111255.0, 2380.0], [111225.0, 2420.0], [111212.5, 46400.0], [111202.5, 15620.0], [111177.5, 2420.0], [111140.0, 2420.0], [111135.0, 20.0], [111115.0, 2420.0]], "asks": [[111332.5, 160.0], [111337.5, 2810.0], [111340.0, 2800.0], [111355.0, 720.0], [111357.5, 2400.0], [111377.5, 710.0], [111380.0, 3280.0], [111382.5, 3000.0], [111390.0, 720.0], [111392.5, 2400.0], [111405.0, 7060.0], [111407.5, 15640.0], [111415.0, 710.0], [111417.5, 2390.0], [111425.0, 3000.0], [111430.0, 2390.0], [111442.5, 2400.0], [111455.0, 2390.0], [111457.5, 44000.0], [111490.0, 2380.0]]}}}
{"jsonrpc": "2.0", "method": "subscription", "params": {"channel": "book.BTC-24OCT25.none.20.100ms", "data": {"timestamp": 1760542252137, "change_id": 121986514262, "instrument_name": "BTC-24OCT25", "bids": [[111425.0, 6060.0], [111422.5, 1560.0], [111415.0, 10000.0], [111412.5, 160.0], [111407.5, 35450.0], [111405.0, 1700.0], [111400.0, 35450.0], [111395.0, 50000.0], [111392.5, 37150.0], [111372.5, 1660.0], [111347.5, 3000.0], [111332.5, 1710.0], [111325.0, 16520.0], [111317.5, 1650.0], [111312.5, 20.0], [111290.0, 44000.0], [111285.0, 1650.0], [111272.5, 1650.0], [111260.0, 1650.0], [111247.5, 45890.0]], "asks": [[111445.0, 15970.0], [111447.5, 20000.0], [111457.5, 670.0], [111460.0, 3510.0], [111462.5, 6060.0], [111472.5, 510.0], [111475.0, 1710.0], [111505.0, 1710.0], [111512.5, 16600.0], [111520.0, 1710.0], [111530.0, 44000.0], [111532.5, 1710.0], [111542.5, 3510.0], [111545.0, 1710.0], [111567.5, 510.0], [111570.0, 1700.0], [111667.5, 570.0], [111670.0, 1900.0], [111700.0, 1650.0], [111712.5, 1700.0]]}}}
{"jsonrpc": "2.0", "method": "subscription", "params": {"channel": "book.BTC-17OCT25.none.20.100ms", "data": {"timestamp": 1760542252168, "change_id": 121986514310, "instrument_name": "BTC-17OCT25", "bids": [[111320.0, 2400.0], [111315.0, 10.0], [111310.0, 13170.0], [111307.5, 36060.0], [111305.0, 10000.0], [111300.0, 50000.0], [111297.5, 37670.0], [111285.0, 37520.0], [111272.5, 2400.0], [111262.5, 3000.0], [111255.0, 2380.0], [111227.5, 720.0], [111225.0, 2420.0], [111215.0, 13850.0], [111212.5, 46400.0], [111205.0, 4660.0], [111202.5, 15620.0], [111177.5, 2420.0], [111142.5, 720.0], [111140.0, 2420.0]], "asks": [[111332.5, 10160.0], [111337.5, 2800.0], [111340.0, 2800.0], [111342.5, 6060.0], [111357.5, 2400.0], [111380.0, 2380.0], [111382.5, 3000.0], [111390.0, 720.0], [111392.5, 2400.0], [111405.0, 2390.0], [111407.5, 15640.0], [111417.5, 2390.0], [111425.0, 6000.0], [111427.5, 710.0], [111430.0, 2390.0], [111440.0, 720.0], [111442.5, 2400.0], [111455.0, 2390.0], [111457.5, 44000.0], [111490.0, 2380.0]]}}}
{"jsonrpc": "2.0", "method": "subscription", "params": {"channel": "book.BTC-24OCT25.none.20.100ms", "data": {"timestamp": 1760542252444, "change_id": 121986514873, "instrument_name": "BTC-24OCT25", "bids": [[111427.5, 1560.0], [111425.0, 6060.0], [111415.0, 45450.0], [111412.5, 160.0], [111407.5, 35450.0], [111405.0, 1700.0], [111402.5, 400.0], [111395.0, 50000.0], [111392.5, 37150.0], [111372.5, 1660.0], [111347.5, 3000.0], [111332.5, 1710.0], [111325.0, 16520.0], [111317.5, 1650.0], [111312.5, 20.0], [111290.0, 44000.0], [111285.0, 1650.0], [111272.5, 1650.0], [111260.0, 1650.0], [111247.5, 45890.0]], "asks": [[111442.5, 2990.0], [111445.0, 15970.0], [111447.5, 20000.0], [111457.5, 670.0], [111460.0, 3510.0], [111462.5, 6060.0], [111472.5, 510.0], [111475.0, 1710.0], [111505.0, 1710.0], [111512.5, 16600.0], [111520.0, 1710.0], [111530.0, 44000.0], [111532.5, 1710.0], [111542.5, 3510.0], [111545.0, 1710.0], [111567.5, 510.0], [111570.0, 1700.0], [111667.5, 570.0], [111670.0, 1900.0], [111700.0, 1650.0]]}}}
{"jsonrpc": "2.0", "method": "subscription", "params": {"channel": "book.BTC-17OCT25.none.20.100ms", "data": {"timestamp": 1760542252539, "change_id": 121986515108, "instrument_name": "BTC-17OCT25", "bids": [[111322.5, 720.0], [111320.0, 13170.0], [111317.5, 30000.0], [111315.0, 29890.0], [111312.5, 50000.0], [111310.0, 35120.0], [111305.0, 10000.0], [111300.0, 11240.0], [111297.5, 38240.0], [111295.0, 10480.0], [111292.5, 35120.0], [111285.0, 2400.0], [111275.0, 720.0], [111272.5, 2400.0], [111262.5, 3000.0], [111225.0, 2420.0], [111212.5, 46400.0], [111205.0, 4660.0], [111202.5, 15620.0], [111177.5, 2420.0]], "asks": [[111332.5, 10160.0], [111337.5, 2800.0], [111340.0, 2800.0], [111342.5, 6060.0], [111357.5, 2400.0], [111380.0, 3280.0], [111382.5, 3000.0], [111405.0, 2390.0], [111407.5, 15640.0], [111417.5, 2390.0], [111425.0, 6000.0], [111430.0, 2390.0], [111440.0, 720.0], [111442.5, 2400.0], [111455.0, 2390.0], [111457.5, 44000.0], [111490.0, 2380.0], [111577.5, 2420.0], [111595.0, 42170.0], [111602.5, 2420.0]]}}}
{"jsonrpc": "2.0", "method": "subscription", "params": {"channel": "book.BTC-24OCT25.none.20.100ms", "data": {"timestamp": 1760542252875, "change_id": 121986515832, "instrument_name": "BTC-24OCT25", "bids": [[111432.5, 1560.0], [111425.0, 6060.0], [111422.5, 35450.0], [111417.5, 51700.0], [111415.0, 45450.0], [111412.5, 160.0], [111407.5, 400.0], [111405.0, 1700.0], [111400.0, 35450.0], [111395.0, 82680.0], [111392.5, 1700.0], [111372.5, 1660.0], [111347.5, 3000.0], [111332.5, 1710.0], [111325.0, 16520.0], [111317.5, 1650.0], [111312.5, 20.0], [111290.0, 44000.0], [111285.0, 1650.0], [111272.5, 1650.0]], "asks": [[111445.0, 15970.0], [111447.5, 20000.0], [111457.5, 670.0], [111460.0, 3510.0], [111462.5, 6060.0], [111472.5, 24410.0], [111475.0, 81990.0], [111505.0, 1710.0], [111512.5, 16600.0], [111520.0, 1710.0], [111530.0, 44000.0], [111532.5, 1710.0], [111542.5, 510.0], [111545.0, 1710.0], [111567.5, 510.0], [111570.0, 1700.0], [111667.5, 570.0], [111670.0, 1900.0], [111700.0, 1650.0], [111712.5, 1700.0]]}}}
{"jsonrpc": "2.0", "method": "subscription", "params": {"channel": "book.BTC-17OCT25.none.20.100ms", "data": {"timestamp": 1760542252876, "change_id": 121986515833, "instrument_name": "BTC-17OCT25", "bids": [[111330.0, 1020.0], [111325.0, 11110.0], [111322.5, 2400.0], [111320.0, 45890.0], [111317.5, 30000.0], [111315.0, 29880.0], [111312.5, 50000.0], [111310.0, 37520.0], [111307.5, 3560.0], [111305.0, 10000.0], [111302.5, 570.0], [111300.0, 34640.0], [111297.5, 120280.0], [111295.0, 19770.0], [111292.5, 89030.0], [111287.5, 720.0], [111285.0, 2400.0], [111275.0, 720.0], [111272.5, 2400.0], [111262.5, 3000.0]], "asks": [[111332.5, 10160.0], [111337.5, 2800.0], [111340.0, 4620.0], [111342.5, 6060.0], [111355.0, 720.0], [111357.5, 2400.0], [111377.5, 710.0], [111380.0, 3280.0], [111382.5, 3000.0], [111390.0, 720.0], [111392.5, 2400.0], [111402.5, 710.0], [111405.0, 7060.0], [111407.5, 15640.0], [111415.0, 710.0], [111417.5, 2390.0], [111422.5, 1790.0], [111425.0, 6000.0], [111427.5, 710.0], [111430.0, 2390.0]]}}}
{"jsonrpc": "2.0", "method": "subscription", "params": {"channel": "book.BTC-24OCT25.none.20.100ms", "data": {"timestamp": 1760542253022, "change_id": 121986516019, "instrument_name": "BTC-24OCT25", "bids": [[111432.5, 1560.0], [111425.0, 6060.0], [111422.5, 35450.0], [111417.5, 51700.0], [111415.0, 45450.0], [111412.5, 160.0], [111407.5, 400.0], [111405.0, 1700.0], [111400.0, 35450.0], [111392.5, 1700.0], [111372.5, 1660.0], [111347.5, 3000.0], [111332.5, 1710.0], [111325.0, 16520.0], [111317.5, 1650.0], [111312.5, 20.0], [111290.0, 44000.0], [111285.0, 1650.0], [111272.5, 1650.0], [111260.0, 1650.0]], "asks": [[111442.5, 2990.0], [111445.0, 15970.0], [111447.5, 20000.0], [111457.5, 670.0], [111460.0, 3510.0], [111462.5, 6060.0], [111472.5, 24410.0], [111475.0, 81990.0], [111505.0, 1710.0], [111510.0, 4960.0], [111512.5, 16600.0], [111520.0, 1710.0], [111530.0, 44000.0], [111532.5, 1710.0], [111540.0, 1410.0], [111542.5, 3000.0], [111545.0, 1710.0], [111567.5, 510.0], [111570.0, 1700.0], [111667.5, 570.0]]}}}
{"jsonrpc": "2.0", "method": "subscription", "params": {"channel": "book.BTC-17OCT25.none.20.100ms", "data": {"timestamp": 1760542253116, "change_id": 121986516032, "instrument_name": "BTC-17OCT25", "bids": [[111330.0, 1020.0], [111325.0, 11110.0], [111322.5, 30000.0], [111320.0, 50480.0], [111317.5, 50000.0], [111315.0, 18500.0], [111312.5, 10.0], [111310.0, 37520.0], [111307.5, 3560.0], [111305.0, 10000.0], [111300.0, 11240.0], [111297.5, 37670.0], [111287.5, 720.0], [111285.0, 2400.0], [111275.0, 720.0], [111272.5, 2400.0], [111262.5, 3000.0], [111225.0, 2420.0], [111212.5, 46400.0], [111202.5, 15620.0]], "asks": [[111332.5, 10160.0], [111335.0, 1670.0], [111337.5, 2800.0], [111340.0, 4620.0], [111342.5, 6060.0], [111355.0, 720.0], [111357.5, 2400.0], [111377.5, 710.0], [111380.0, 3280.0], [111382.5, 3000.0], [111390.0, 720.0], [111392.5, 2400.0], [111402.5, 710.0], [111405.0, 7060.0], [111407.5, 15640.0], [111415.0, 710.0], [111417.5, 2390.0], [111422.5, 1790.0], [111425.0, 6000.0], [111427.5, 710.0]]}}}
{"jsonrpc": "2.0", "method": "subscription", "params": {"channel": "book.BTC-17OCT25.none.20.100ms", "data": {"timestamp": 1760542253503, "change_id": 121986516750, "instrument_name": "BTC-17OCT25", "bids": [[111330.0, 1020.0], [111325.0, 32060.0], [111322.5, 80000.0], [111320.0, 35120.0], [111317.5, 1810.0], [111315.0, 18500.0], [111312.5, 10.0], [111310.0, 37520.0], [111307.5, 3560.0], [111305.0, 10000.0], [111300.0, 11240.0], [111297.5, 37670.0], [111287.5, 720.0], [111285.0, 2400.0], [111275.0, 720.0], [111272.5, 2400.0], [111265.0, 900.0], [111262.5, 3000.0], [111225.0, 2420.0], [111215.0, 13850.0]], "asks": [[111332.5, 10000.0], [111340.0, 10.0], [111342.5, 720.0], [111345.0, 2400.0], [111347.5, 1860.0], [111350.0, 6220.0], [111352.5, 840.0], [111355.0, 3520.0], [111357.5, 2400.0], [111377.5, 710.0], [111380.0, 3280.0], [111382.5, 3000.0], [111390.0, 720.0], [111392.5, 2400.0], [111402.5, 710.0], [111405.0, 7060.0], [111407.5, 15640.0], [111415.0, 710.0], [111417.5, 2390.0], [111422.5, 1790.0]]}}}
{"jsonrpc": "2.0", "method": "subscription", "params": {"channel": "book.BTC-24OCT25.none.20.100ms", "data": {"timestamp": 1760542253430, "change_id": 121986516871, "instrument_name": "BTC-24OCT25", "bids": [[111442.5, 1560.0], [111437.5, 6060.0], [111432.5, 35450.0], [111422.5, 35450.0], [111420.0, 400.0], [111417.5, 51700.0], [111415.0, 45450.0], [111412.5, 160.0], [111407.5, 400.0], [111392.5, 1700.0], [111372.5, 1660.0], [111347.5, 3000.0], [111332.5, 1710.0], [111325.0, 16520.0], [111317.5, 1650.0], [111312.5, 20.0], [111290.0, 44000.0], [111285.0, 1650.0], [111272.5, 1650.0], [111260.0, 1650.0]], "asks": [[111445.0, 10000.0], [111447.5, 20000.0], [111457.5, 670.0], [111460.0, 3510.0], [111462.5, 6060.0], [111472.5, 510.0], [111475.0, 1710.0], [111505.0, 1710.0], [111510.0, 4960.0], [111512.5, 16600.0], [111520.0, 1710.0], [111530.0, 44000.0], [111545.0, 1710.0], [111567.5, 510.0], [111570.0, 1700.0], [111667.5, 570.0], [111670.0, 1900.0], [111700.0, 1650.0], [111712.5, 1700.0], [111737.5, 51650.0]]}}}
{"jsonrpc": "2.0", "method": "subscription", "params": {"channel": "book.BTC-24OCT25.none.20.100ms", "data": {"timestamp": 1760542253652, "change_id": 121986518196, "instrument_name": "BTC-24OCT25", "bids": [[111445.0, 1560.0], [111437.5, 6060.0], [111432.5, 35450.0], [111425.0, 160.0], [111422.5, 45450.0], [111420.0, 400.0], [111417.5, 51700.0], [111415.0, 35450.0], [111405.0, 90820.0], [111402.5, 89120.0], [111392.5, 1700.0], [111372.5, 1660.0], [111347.5, 3000.0], [111332.5, 1710.0], [111330.0, 44000.0], [111325.0, 16520.0], [111317.5, 1650.0], [111312.5, 20.0], [111285.0, 1650.0], [111272.5, 1650.0]], "asks": [[111447.5, 20000.0], [111455.0, 3030.0], [111457.5, 10160.0], [111460.0, 1700.0], [111470.0, 2320.0], [111472.5, 6060.0], [111475.0, 1710.0], [111505.0, 1710.0], [111510.0, 4960.0], [111512.5, 16600.0], [111520.0, 1710.0], [111545.0, 1710.0], [111567.5, 510.0], [111570.0, 45700.0], [111667.5, 570.0], [111670.0, 1900.0], [111700.0, 1650.0], [111712.5, 1700.0], [111737.5, 51650.0], [111745.0, 500.0]]}}}
{"jsonrpc": "2.0", "method": "subscription", "params": {"channel": "book.BTC-17OCT25.none.20.100ms", "data": {"timestamp": 1760542253893, "change_id": 121986518250, "instrument_name": "BTC-17OCT25", "bids": [[111335.0, 35120.0], [111332.5, 6280.0], [111330.0, 44930.0], [111327.5, 56060.0], [111322.5, 14690.0], [111320.0, 35120.0], [111315.0, 10.0], [111312.5, 21250.0], [111310.0, 67410.0], [111307.5, 89610.0], [111300.0, 710.0], [111297.5, 2390.0], [111287.5, 720.0], [111285.0, 2400.0], [111275.0, 720.0], [111272.5, 2400.0], [111265.0, 900.0], [111262.5, 3000.0], [111227.5, 720.0], [111225.0, 2420.0]], "asks": [[111342.5, 840.0], [111345.0, 6670.0], [111347.5, 12800.0], [111350.0, 1830.0], [111352.5, 2800.0], [111355.0, 18470.0], [111357.5, 58860.0], [111377.5, 440.0], [111380.0, 3280.0], [111382.5, 3000.0], [111390.0, 720.0], [111392.5, 2400.0], [111402.5, 710.0], [111405.0, 7060.0], [111407.5, 15640.0], [111415.0, 710.0], [111417.5, 2390.0], [111422.5, 900.0], [111425.0, 3000.0], [111427.5, 710.0]]}}}
{"jsonrpc": "2.0", "method": "subscription", "params": {"channel": "book.BTC-24OCT25.none.20.100ms", "data": {"timestamp": 1760542254026, "change_id": 121986518500, "instrument_name": "BTC-24OCT25", "bids": [[111445.0, 1560.0], [111437.5, 6060.0], [111432.5, 35450.0], [111425.0, 160.0], [111422.5, 45450.0], [111420.0, 400.0], [111417.5, 51700.0], [111415.0, 35450.0], [111405.0, 90820.0], [111402.5, 89120.0], [111392.5, 1700.0], [111372.5, 1660.0], [111347.5, 3000.0], [111332.5, 1710.0], [111330.0, 44000.0], [111325.0, 16520.0], [111317.5, 1650.0], [111312.5, 20.0], [111285.0, 1650.0], [111272.5, 1650.0]], "asks": [[111447.5, 20000.0], [111450.0, 10000.0], [111457.5, 160.0], [111470.0, 2320.0], [111472.5, 6060.0], [111475.0, 1710.0], [111502.5, 510.0], [111505.0, 1710.0], [111510.0, 4960.0], [111512.5, 16600.0], [111520.0, 1710.0], [111545.0, 1710.0], [111567.5, 510.0], [111570.0, 45700.0], [111667.5, 570.0], [111670.0, 1900.0], [111700.0, 1650.0], [111712.5, 1700.0], [111737.5, 51650.0], [111745.0, 500.0]]}}}
{"jsonrpc": "2.0", "method": "subscription", "params": {"channel": "book.BTC-17OCT25.none.20.100ms", "data": {"timestamp": 1760542254187, "change_id": 121986518697, "instrument_name": "BTC-17OCT25", "bids": [[111335.0, 35120.0], [111332.5, 6280.0], [111330.0, 44930.0], [111327.5, 50000.0], [111322.5, 14690.0], [111320.0, 41190.0], [111312.5, 21250.0], [111310.0, 85640.0], [111307.5, 89610.0], [111305.0, 89040.0], [111300.0, 710.0], [111297.5, 2390.0], [111287.5, 720.0], [111285.0, 2400.0], [111275.0, 720.0], [111272.5, 2400.0], [111265.0, 900.0], [111262.5, 3000.0], [111227.5, 720.0], [111225.0, 2420.0]], "asks": [[111340.0, 10000.0], [111347.5, 1860.0], [111350.0, 7900.0], [111352.5, 2800.0], [111355.0, 18470.0], [111357.5, 52800.0], [111377.5, 440.0], [111380.0, 3280.0], [111382.5, 3000.0], [111390.0, 720.0], [111392.5, 2400.0], [111402.5, 710.0], [111405.0, 7060.0], [111407.5, 15640.0], [111415.0, 710.0], [111417.5, 2390.0], [111422.5, 900.0], [111425.0, 3000.0], [111427.5, 710.0], [111430.0, 2390.0]]}}}
{"jsonrpc": "2.0", "method": "subscription", "params": {"channel": "book.BTC-24OCT25.none.20.100ms", "data": {"timestamp": 1760542254383, "change_id": 121986519117, "instrument_name": "BTC-24OCT25", "bids": [[111445.0, 1560.0], [111437.5, 6060.0], [111432.5, 35450.0], [111430.0, 10000.0], [111425.0, 160.0], [111422.5, 35450.0], [111420.0, 400.0], [111417.5, 51700.0], [111415.0, 35450.0], [111405.0, 90820.0], [111402.5, 89120.0], [111392.5, 1700.0], [111372.5, 1660.0], [111347.5, 3000.0], [111332.5, 1710.0], [111330.0, 44000.0], [111325.0, 16520.0], [111317.5, 1650.0], [111312.5, 20.0], [111285.0, 1650.0]], "asks": [[111447.5, 20000.0], [111460.0, 2990.0], [111462.5, 10000.0], [111470.0, 2320.0], [111472.5, 6060.0], [111475.0, 1870.0], [111502.5, 510.0], [111505.0, 1710.0], [111510.0, 4960.0], [111512.5, 16600.0], [111520.0, 1710.0], [111545.0, 1710.0], [111567.5, 510.0], [111570.0, 45700.0], [111662.5, 1890.0], [111665.0, 6320.0], [111667.5, 570.0], [111670.0, 1900.0], [111697.5, 490.0], [111700.0, 1650.0]]}}}
{"jsonrpc": "2.0", "method": "subscription", "params": {"channel": "book.BTC-17OCT25.none.20.100ms", "data": {"timestamp": 1760542254510, "change_id": 121986519368, "instrument_name": "BTC-17OCT25", "bids": [[111332.5, 6280.0], [111330.0, 44930.0], [111327.5, 50000.0], [111322.5, 14690.0], [111320.0, 41190.0], [111312.5, 21250.0], [111310.0, 85640.0], [111307.5, 89610.0], [111305.0, 89040.0], [111302.5, 35120.0], [111300.0, 710.0], [111297.5, 2390.0], [111285.0, 2400.0], [111275.0, 720.0], [111272.5, 2400.0], [111262.5, 3000.0], [111227.5, 720.0], [111225.0, 2420.0], [111212.5, 46400.0], [111202.5, 15620.0]], "asks": [[111347.5, 7640.0], [111350.0, 17900.0], [111352.5, 2800.0], [111355.0, 18470.0], [111357.5, 52800.0], [111377.5, 440.0], [111380.0, 3280.0], [111382.5, 3000.0], [111390.0, 720.0], [111392.5, 2400.0], [111402.5, 710.0], [111405.0, 7060.0], [111407.5, 15640.0], [111415.0, 710.0], [111417.5, 2390.0], [111422.5, 900.0], [111425.0, 3000.0], [111427.5, 710.0], [111430.0, 2390.0], [111435.0, 900.0]]}}}
{"jsonrpc": "2.0", "method": "subscription", "params": {"channel": "book.BTC-24OCT25.none.20.100ms", "data": {"timestamp": 1760542254788, "change_id": 121986520210, "instrument_name": "BTC-24OCT25", "bids": [[111437.5, 6060.0], [111422.5, 35450.0], [111420.0, 10400.0], [111417.5, 51700.0], [111415.0, 35450.0], [111407.5, 35450.0], [111405.0, 90980.0], [111402.5, 89120.0], [111392.5, 1700.0], [111372.5, 1660.0], [111347.5, 3000.0], [111332.5, 1710.0], [111330.0, 44000.0], [111325.0, 16520.0], [111317.5, 1650.0], [111312.5, 20.0], [111285.0, 1650.0], [111272.5, 1650.0], [111260.0, 1650.0], [111247.5, 45890.0]], "asks": [[111445.0, 5970.0], [111447.5, 20000.0], [111452.5, 2990.0], [111455.0, 10000.0], [111457.5, 510.0], [111460.0, 1700.0], [111462.5, 160.0], [111470.0, 2320.0], [111472.5, 6060.0], [111475.0, 1710.0], [111502.5, 510.0], [111505.0, 1710.0], [111510.0, 4960.0], [111512.5, 16600.0], [111520.0, 1710.0], [111545.0, 1710.0], [111567.5, 510.0], [111570.0, 45700.0], [111662.5, 1890.0], [111665.0, 6320.0]]}}}
{"jsonrpc": "2.0", "method": "subscription", "params": {"channel": "book.BTC-17OCT25.none.20.100ms", "data": {"timestamp": 1760542254867, "change_id": 121986520381, "instrument_name": "BTC-17OCT25", "bids": [[111322.5, 30000.0], [111320.0, 6070.0], [111317.5, 14930.0], [111315.0, 50000.0], [111312.5, 21250.0], [111310.0, 85480.0], [111307.5, 89610.0], [111305.0, 98720.0], [111302.5, 35120.0], [111300.0, 710.0], [111297.5, 2390.0], [111295.0, 8180.0], [111292.5, 35120.0], [111290.0, 160.0], [111287.5, 720.0], [111285.0, 2400.0], [111275.0, 720.0], [111272.5, 2400.0], [111265.0, 900.0], [111262.5, 3000.0]], "asks": [[111340.0, 3820.0], [111342.5, 10000.0], [111347.5, 4660.0], [111350.0, 7900.0], [111352.5, 2800.0], [111355.0, 18470.0], [111357.5, 52800.0], [111377.5, 440.0], [111380.0, 3280.0], [111382.5, 3000.0], [111390.0, 720.0], [111392.5, 2400.0], [111402.5, 710.0], [111405.0, 7060.0], [111407.5, 15640.0], [111415.0, 710.0], [111417.5, 2390.0], [111422.5, 900.0], [111425.0, 3000.0], [111427.5, 710.0]]}}}
{"jsonrpc": "2.0", "method": "subscription", "params": {"channel": "book.BTC-24OCT25.none.20.100ms", "data": {"timestamp": 1760542255188, "change_id": 121986521138, "instrument_name": "BTC-24OCT25", "bids": [[111445.0, 1560.0], [111437.5, 6060.0], [111430.0, 1700.0], [111422.5, 35450.0], [111420.0, 10400.0], [111417.5, 51700.0], [111415.0, 35450.0], [111405.0, 90980.0], [111402.5, 89120.0], [111392.5, 1700.0], [111372.5, 1660.0], [111347.5, 3000.0], [111332.5, 1710.0], [111330.0, 44000.0], [111325.0, 16520.0], [111317.5, 1650.0], [111312.5, 20.0], [111285.0, 1650.0], [111272.5, 1650.0], [111260.0, 1650.0]], "asks": [[111447.5, 30000.0], [111467.5, 160.0], [111470.0, 2320.0], [111472.5, 6060.0], [111475.0, 1710.0], [111502.5, 510.0], [111505.0, 1710.0], [111512.5, 16600.0], [111517.5, 510.0], [111520.0, 1710.0], [111545.0, 1710.0], [111567.5, 13580.0], [111570.0, 45700.0], [111667.5, 570.0], [111670.0, 1900.0], [111700.0, 1650.0], [111712.5, 1700.0], [111737.5, 51650.0], [111745.0, 500.0], [111750.0, 1700.0]]}}}
{"jsonrpc": "2.0", "method": "subscription", "params": {"channel": "book.BTC-17OCT25.none.20.100ms", "data": {"timestamp": 1760542255214, "change_id": 121986521141, "instrument_name": "BTC-17OCT25", "bids": [[111332.5, 3350.0], [111325.0, 24310.0], [111322.5, 30000.0], [111320.0, 66540.0], [111317.5, 35120.0], [111315.0, 13070.0], [111312.5, 10000.0], [111310.0, 87050.0], [111307.5, 89610.0], [111305.0, 89040.0], [111302.5, 35120.0], [111300.0, 710.0], [111297.5, 2390.0], [111295.0, 8150.0], [111292.5, 35120.0], [111290.0, 160.0], [111285.0, 2400.0], [111275.0, 720.0], [111272.5, 2400.0], [111262.5, 3000.0]], "asks": [[111335.0, 10000.0], [111342.5, 6060.0], [111345.0, 10.0], [111350.0, 1670.0], [111352.5, 2800.0], [111355.0, 18630.0], [111357.5, 52400.0], [111377.5, 440.0], [111380.0, 3280.0], [111382.5, 3000.0], [111390.0, 720.0], [111392.5, 2400.0], [111402.5, 710.0], [111405.0, 7060.0], [111407.5, 15640.0], [111415.0, 710.0], [111417.5, 2390.0], [111422.5, 900.0], [111425.0, 3000.0], [111427.5, 710.0]]}}}
{"jsonrpc": "2.0", "method": "subscription", "params": {"channel": "book.BTC-17OCT25.none.20.100ms", "data": {"timestamp": 1760542255435, "change_id": 121986521753, "instrument_name": "BTC-17OCT25", "bids": [[111332.5, 3350.0], [111325.0, 24310.0], [111322.5, 30000.0], [111320.0, 66540.0], [111317.5, 35120.0], [111315.0, 13070.0], [111312.5, 10000.0], [111310.0, 87050.0], [111307.5, 89610.0], [111305.0, 89040.0], [111302.5, 35280.0], [111300.0, 710.0], [111297.5, 2390.0], [111285.0, 2400.0], [111275.0, 720.0], [111272.5, 2400.0], [111262.5, 3000.0], [111225.0, 2420.0], [111212.5, 46400.0], [111202.5, 15620.0]], "asks": [[111335.0, 10000.0], [111345.0, 1570.0], [111347.5, 2800.0], [111350.0, 6110.0], [111352.5, 8860.0], [111355.0, 18630.0], [111357.5, 52400.0], [111377.5, 440.0], [111380.0, 3280.0], [111382.5, 3000.0], [111390.0, 720.0], [111392.5, 2400.0], [111402.5, 710.0], [111405.0, 7060.0], [111407.5, 15640.0], [111415.0, 710.0], [111417.5, 2390.0], [111422.5, 900.0], [111425.0, 3000.0], [111427.5, 710.0]]}}}
{"jsonrpc": "2.0", "method": "subscription", "params": {"channel": "book.BTC-24OCT25.none.20.100ms", "data": {"timestamp": 1760542255479, "change_id": 121986521844, "instrument_name": "BTC-24OCT25", "bids": [[111445.0, 1560.0], [111437.5, 6060.0], [111435.0, 35450.0], [111430.0, 1700.0], [111422.5, 35450.0], [111420.0, 10400.0], [111417.5, 51860.0], [111415.0, 35450.0], [111405.0, 90820.0], [111402.5, 89120.0], [111392.5, 1700.0], [111372.5, 1660.0], [111347.5, 3000.0], [111332.5, 1710.0], [111330.0, 44000.0], [111325.0, 16520.0], [111317.5, 1650.0], [111312.5, 20.0], [111285.0, 1650.0], [111272.5, 1650.0]], "asks": [[111447.5, 30000.0], [111467.5, 160.0], [111470.0, 2320.0], [111472.5, 6060.0], [111475.0, 1710.0], [111502.5, 510.0], [111505.0, 1710.0], [111512.5, 16600.0], [111517.5, 510.0], [111520.0, 1710.0], [111545.0, 1710.0], [111567.5, 13580.0], [111570.0, 45700.0], [111667.5, 570.0], [111670.0, 1900.0], [111700.0, 1650.0], [111712.5, 1700.0], [111737.5, 51650.0], [111745.0, 500.0], [111750.0, 1700.0]]}}}
{"jsonrpc": "2.0", "method": "subscription", "params": {"channel": "book.BTC-24OCT25.none.20.100ms", "data": {"timestamp": 1760542255731, "change_id": 121986522536, "instrument_name": "BTC-24OCT25", "bids": [[111445.0, 1560.0], [111437.5, 6060.0], [111435.0, 35450.0], [111427.5, 10000.0], [111422.5, 35450.0], [111420.0, 400.0], [111417.5, 51860.0], [111415.0, 35450.0], [111405.0, 90820.0], [111402.5, 89120.0], [111392.5, 1700.0], [111372.5, 1660.0], [111347.5, 3000.0], [111332.5, 1710.0], [111330.0, 44000.0], [111325.0, 16520.0], [111317.5, 1650.0], [111312.5, 20.0], [111285.0, 1650.0], [111272.5, 1650.0]], "asks": [[111447.5, 30000.0], [111457.5, 510.0], [111460.0, 1700.0], [111467.5, 160.0], [111470.0, 2320.0], [111472.5, 6060.0], [111475.0, 1710.0], [111502.5, 510.0], [111505.0, 1710.0], [111512.5, 16600.0], [111517.5, 510.0], [111520.0, 1710.0], [111545.0, 1710.0], [111567.5, 13580.0], [111570.0, 45700.0], [111667.5, 570.0], [111670.0, 1900.0], [111700.0, 1650.0], [111712.5, 1700.0], [111737.5, 51650.0]]}}}
{"jsonrpc": "2.0", "method": "subscription", "params": {"channel": "book.BTC-17OCT25.none.20.100ms", "data": {"timestamp": 1760542255698, "change_id": 121986522490, "instrument_name": "BTC-17OCT25", "bids": [[111332.5, 1020.0], [111325.0, 24310.0], [111322.5, 30000.0], [111320.0, 66540.0], [111317.5, 35130.0], [111315.0, 13070.0], [111312.5, 10000.0], [111310.0, 87050.0], [111307.5, 89610.0], [111305.0, 89040.0], [111302.5, 35280.0], [111300.0, 710.0], [111297.5, 2390.0], [111285.0, 2400.0], [111275.0, 720.0], [111272.5, 2400.0], [111262.5, 3000.0], [111225.0, 2420.0], [111212.5, 46400.0], [111202.5, 15620.0]], "asks": [[111335.0, 10000.0], [111345.0, 1570.0], [111347.5, 2800.0], [111350.0, 6110.0], [111352.5, 8860.0], [111355.0, 18630.0], [111357.5, 52400.0], [111377.5, 440.0], [111380.0, 3280.0], [111382.5, 3000.0], [111390.0, 720.0], [111392.5, 2400.0], [111402.5, 710.0], [111405.0, 7060.0], [111407.5, 15640.0], [111415.0, 710.0], [111417.5, 2390.0], [111422.5, 900.0], [111425.0, 3000.0], [111427.5, 710.0]]}}}
{"jsonrpc": "2.0", "method": "subscription", "params": {"channel": "book.BTC-24OCT25.none.20.100ms", "data": {"timestamp": 1760542256091, "change_id": 121986523200, "instrument_name": "BTC-24OCT25", "bids": [[111442.5, 1560.0], [111437.5, 6060.0], [111432.5, 35450.0], [111430.0, 1700.0], [111427.5, 10000.0], [111422.5, 35450.0], [111420.0, 400.0], [111417.5, 51860.0], [111415.0, 35450.0], [111405.0, 90820.0], [111402.5, 89120.0], [111372.5, 1660.0], [111347.5, 3000.0], [111332.5, 1710.0], [111330.0, 44000.0], [111325.0, 16520.0], [111317.5, 1650.0], [111312.5, 20.0], [111285.0, 1650.0], [111272.5, 1650.0]], "asks": [[111447.5, 30000.0], [111467.5, 160.0], [111470.0, 2320.0], [111472.5, 6060.0], [111475.0, 1710.0], [111502.5, 510.0], [111505.0, 1710.0], [111510.0, 4960.0], [111512.5, 16600.0], [111542.5, 510.0], [111545.0, 1710.0], [111567.5, 13580.0], [111570.0, 45700.0], [111667.5, 570.0], [111670.0, 1900.0], [111700.0, 1650.0], [111712.5, 1700.0], [111737.5, 51650.0], [111745.0, 500.0], [111750.0, 1700.0]]}}}
{"jsonrpc": "2.0", "method": "subscription", "params": {"channel": "book.BTC-17OCT25.none.20.100ms", "data": {"timestamp": 1760542256070, "change_id": 121986523187, "instrument_name": "BTC-17OCT25", "bids": [[111332.5, 1020.0], [111325.0, 24310.0], [111322.5, 30000.0], [111320.0, 60480.0], [111317.5, 41190.0], [111315.0, 13070.0], [111312.5, 10000.0], [111310.0, 87050.0], [111307.5, 89610.0], [111305.0, 89040.0], [111302.5, 35280.0], [111300.0, 710.0], [111297.5, 2390.0], [111285.0, 2400.0], [111275.0, 720.0], [111272.5, 2400.0], [111262.5, 3000.0], [111225.0, 2420.0], [111212.5, 46400.0], [111202.5, 15620.0]], "asks": [[111335.0, 10000.0], [111345.0, 1570.0], [111347.5, 2800.0], [111350.0, 6110.0], [111352.5, 8860.0], [111355.0, 18630.0], [111357.5, 52400.0], [111377.5, 440.0], [111380.0, 3280.0], [111382.5, 3000.0], [111390.0, 720.0], [111392.5, 2400.0], [111402.5, 710.0], [111405.0, 7060.0], [111407.5, 15640.0], [111415.0, 710.0], [111417.5, 2390.0], [111422.5, 900.0], [111425.0, 3000.0], [111427.5, 710.0]]}}}
{"jsonrpc": "2.0", "method": "subscription", "params": {"channel": "book.BTC-17OCT25.none.20.100ms", "data": {"timestamp": 1760542256308, "change_id": 121986523526, "instrument_name": "BTC-17OCT25", "bids": [[111332.5, 1020.0], [111325.0, 24310.0], [111322.5, 30000.0], [111320.0, 60480.0], [111317.5, 41190.0], [111315.0, 13070.0], [111312.5, 10000.0], [111310.0, 87050.0], [111307.5, 89610.0], [111305.0, 89040.0], [111302.5, 35280.0], [111300.0, 710.0], [111297.5, 2390.0], [111285.0, 2400.0], [111275.0, 720.0], [111272.5, 2400.0], [111262.5, 3000.0], [111225.0, 2420.0], [111212.5, 46400.0], [111202.5, 15620.0]], "asks": [[111335.0, 10000.0], [111340.0, 810.0], [111342.5, 2700.0], [111345.0, 1570.0], [111347.5, 2800.0], [111350.0, 6110.0], [111352.5, 8860.0], [111355.0, 18630.0], [111357.5, 52400.0], [111377.5, 440.0], [111380.0, 3280.0], [111382.5, 3000.0], [111390.0, 720.0], [111392.5, 2400.0], [111402.5, 710.0], [111405.0, 7060.0], [111407.5, 15640.0], [111415.0, 710.0], [111417.5, 2390.0], [111422.5, 900.0]]}}}
{"jsonrpc": "2.0", "method": "subscription", "params": {"channel": "book.BTC-24OCT25.none.20.100ms", "data": {"timestamp": 1760542256437, "change_id": 121986523782, "instrument_name": "BTC-24OCT25", "bids": [[111442.5, 1560.0], [111437.5, 6060.0], [111432.5, 35450.0], [111427.5, 10000.0], [111422.5, 35450.0], [111420.0, 400.0], [111417.5, 51860.0], [111415.0, 35450.0], [111405.0, 90820.0], [111402.5, 89120.0], [111372.5, 1660.0], [111347.5, 3000.0], [111332.5, 1710.0], [111330.0, 44000.0], [111325.0, 16520.0], [111317.5, 1650.0], [111312.5, 20.0], [111285.0, 1650.0], [111272.5, 1650.0], [111260.0, 1650.0]], "asks": [[111447.5, 30000.0], [111457.5, 490.0], [111460.0, 1640.0], [111467.5, 160.0], [111470.0, 2320.0], [111472.5, 6060.0], [111475.0, 1710.0], [111502.5, 510.0], [111505.0, 1710.0], [111510.0, 4960.0], [111512.5, 16600.0], [111542.5, 510.0], [111545.0, 1710.0], [111567.5, 13580.0], [111570.0, 45700.0], [111667.5, 570.0], [111670.0, 1900.0], [111700.0, 1650.0], [111712.5, 1700.0], [111737.5, 51650.0]]}}}
{"jsonrpc": "2.0", "method": "subscription", "params": {"channel": "book.BTC-17OCT25.none.20.100ms", "data": {"timestamp": 1760542256594, "change_id": 121986524056, "instrument_name": "BTC-17OCT25", "bids": [[111332.5, 1020.0], [111325.0, 24310.0], [111322.5, 30000.0], [111320.0, 60480.0], [111317.5, 41190.0], [111315.0, 13070.0], [111312.5, 10000.0], [111310.0, 87050.0], [111307.5, 89610.0], [111305.0, 89040.0], [111302.5, 35280.0], [111300.0, 710.0], [111297.5, 2390.0], [111285.0, 2400.0], [111275.0, 720.0], [111272.5, 2400.0], [111262.5, 3000.0], [111225.0, 2420.0], [111212.5, 46400.0], [111202.5, 15620.0]], "asks": [[111335.0, 10000.0], [111340.0, 2560.0], [111342.5, 2860.0], [111345.0, 7630.0], [111347.5, 2800.0], [111350.0, 4470.0], [111352.5, 2800.0], [111355.0, 18470.0], [111357.5, 52400.0], [111377.5, 440.0], [111380.0, 3280.0], [111382.5, 3000.0], [111390.0, 720.0], [111392.5, 2400.0], [111402.5, 710.0], [111405.0, 7060.0], [111407.5, 15640.0], [111415.0, 710.0], [111417.5, 2390.0], [111422.5, 900.0]]}}}
{"jsonrpc": "2.0", "method": "subscription", "params": {"channel": "book.BTC-24OCT25.none.20.100ms", "data": {"timestamp": 1760542256646, "change_id": 121986524179, "instrument_name": "BTC-24OCT25", "bids": [[111445.0, 1560.0], [111437.5, 6060.0], [111432.5, 35450.0], [111427.5, 10000.0], [111422.5, 35450.0], [111420.0, 400.0], [111417.5, 51860.0], [111415.0, 35450.0], [111405.0, 90820.0], [111402.5, 89120.0], [111372.5, 1660.0], [111347.5, 3000.0], [111332.5, 1710.0], [111330.0, 44000.0], [111325.0, 16520.0], [111317.5, 1650.0], [111312.5, 20.0], [111285.0, 1650.0], [111272.5, 1650.0], [111260.0, 1650.0]], "asks": [[111447.5, 30000.0], [111455.0, 160.0], [111457.5, 490.0], [111460.0, 1640.0], [111470.0, 2320.0], [111472.5, 6060.0], [111475.0, 1710.0], [111502.5, 510.0], [111505.0, 1710.0], [111510.0, 4960.0], [111512.5, 16600.0], [111542.5, 510.0], [111545.0, 1710.0], [111567.5, 13580.0], [111570.0, 45700.0], [111667.5, 570.0], [111670.0, 1900.0], [111700.0, 1650.0], [111712.5, 1700.0], [111737.5, 51650.0]]}}}
{"jsonrpc": "2.0", "method": "subscription", "params": {"channel": "book.BTC-24OCT25.none.20.100ms", "data": {"timestamp": 1760542256962, "change_id": 121986524968, "instrument_name": "BTC-24OCT25", "bids": [[111445.0, 1560.0], [111437.5, 6060.0], [111432.5, 35450.0], [111427.5, 10000.0], [111422.5, 35450.0], [111420.0, 400.0], [111417.5, 51860.0], [111415.0, 35450.0], [111405.0, 90820.0], [111402.5, 89120.0], [111372.5, 1660.0], [111347.5, 3000.0], [111332.5, 1710.0], [111330.0, 44000.0], [111325.0, 16520.0], [111317.5, 1650.0], [111312.5, 20.0], [111285.0, 1650.0], [111272.5, 1650.0], [111260.0, 1650.0]], "asks": [[111447.5, 30000.0], [111455.0, 160.0], [111470.0, 2320.0], [111472.5, 6060.0], [111475.0, 1710.0], [111502.5, 510.0], [111505.0, 1710.0], [111510.0, 4960.0], [111512.5, 16600.0], [111542.5, 510.0], [111545.0, 1710.0], [111567.5, 13580.0], [111570.0, 45700.0], [111667.5, 570.0], [111670.0, 1900.0], [111700.0, 1650.0], [111712.5, 1700.0], [111737.5, 51650.0], [111745.0, 500.0], [111750.0, 1700.0]]}}}
{"jsonrpc": "2.0", "method": "subscription", "params": {"channel": "book.BTC-17OCT25.none.20.100ms", "data": {"timestamp": 1760542256956, "change_id": 121986524946, "instrument_name": "BTC-17OCT25", "bids": [[111332.5, 1020.0], [111325.0, 24310.0], [111322.5, 30000.0], [111320.0, 60480.0], [111317.5, 41190.0], [111315.0, 13070.0], [111312.5, 10000.0], [111310.0, 87050.0], [111307.5, 89610.0], [111305.0, 89040.0], [111302.5, 35280.0], [111300.0, 710.0], [111297.5, 2390.0], [111285.0, 2400.0], [111275.0, 720.0], [111272.5, 2400.0], [111262.5, 3000.0], [111225.0, 2420.0], [111212.5, 46400.0], [111202.5, 15620.0]], "asks": [[111335.0, 10000.0], [111342.5, 2860.0], [111345.0, 7630.0], [111347.5, 2800.0], [111350.0, 3640.0], [111352.5, 2800.0], [111355.0, 15670.0], [111357.5, 52400.0], [111377.5, 440.0], [111380.0, 3280.0], [111382.5, 3000.0], [111390.0, 720.0], [111392.5, 2400.0], [111402.5, 710.0], [111405.0, 7060.0], [111407.5, 15640.0], [111415.0, 710.0], [111417.5, 2390.0], [111422.5, 900.0], [111425.0, 3000.0]]}}}
{"jsonrpc": "2.0", "method": "subscription", "params": {"channel": "book.BTC-17OCT25.none.20.100ms", "data": {"timestamp": 1760542257365, "change_id": 121986525602, "instrument_name": "BTC-17OCT25", "bids": [[111332.5, 1020.0], [111325.0, 24310.0], [111322.5, 30000.0], [111320.0, 60480.0], [111317.5, 41190.0], [111315.0, 13070.0], [111312.5, 10000.0], [111310.0, 87050.0], [111307.5, 89610.0], [111305.0, 89040.0], [111302.5, 35280.0], [111285.0, 2400.0], [111275.0, 720.0], [111272.5, 2400.0], [111262.5, 3000.0], [111225.0, 2420.0], [111212.5, 46400.0], [111202.5, 15620.0], [111180.0, 720.0], [111177.5, 2420.0]], "asks": [[111335.0, 10000.0], [111342.5, 2860.0], [111345.0, 6910.0], [111347.5, 2800.0], [111350.0, 840.0], [111352.5, 2800.0], [111355.0, 15670.0], [111357.5, 52400.0], [111377.5, 440.0], [111380.0, 3280.0], [111382.5, 3000.0], [111390.0, 720.0], [111392.5, 2400.0], [111402.5, 710.0], [111405.0, 7060.0], [111407.5, 15640.0], [111415.0, 710.0], [111417.5, 2390.0], [111422.5, 900.0], [111425.0, 3000.0]]}}}
{"jsonrpc": "2.0", "method": "subscription", "params": {"channel": "book.BTC-17OCT25.none.20.100ms", "data": {"timestamp": 1760542257817, "change_id": 121986526295, "instrument_name": "BTC-17OCT25", "bids": [[111332.5, 1020.0], [111325.0, 24310.0], [111322.5, 30000.0], [111320.0, 60480.0], [111317.5, 41190.0], [111315.0, 13070.0], [111312.5, 10000.0], [111310.0, 87050.0], [111307.5, 89610.0], [111305.0, 89040.0], [111302.5, 35280.0], [111285.0, 2400.0], [111275.0, 720.0], [111272.5, 2400.0], [111262.5, 3000.0], [111225.0, 2420.0], [111212.5, 46400.0], [111202.5, 15620.0], [111180.0, 720.0], [111177.5, 2420.0]], "asks": [[111335.0, 10000.0], [111342.5, 160.0], [111345.0, 850.0], [111347.5, 2800.0], [111350.0, 840.0], [111352.5, 2800.0], [111355.0, 15670.0], [111357.5, 52400.0], [111377.5, 440.0], [111380.0, 3280.0], [111382.5, 3000.0], [111390.0, 720.0], [111392.5, 2400.0], [111402.5, 710.0], [111405.0, 7060.0], [111407.5, 15640.0], [111415.0, 710.0], [111417.5, 2390.0], [111422.5, 900.0], [111425.0, 3000.0]]}}}
{"jsonrpc": "2.0", "method": "subscription", "params": {"channel": "book.BTC-24OCT25.none.20.100ms", "data": {"timestamp": 1760542258055, "change_id": 121986526580, "instrument_name": "BTC-24OCT25", "bids": [[111445.0, 1560.0], [111437.5, 6060.0], [111432.5, 37090.0], [111427.5, 10000.0], [111422.5, 35450.0], [111420.0, 400.0], [111417.5, 51860.0], [111415.0, 35450.0], [111405.0, 90820.0], [111402.5, 89120.0], [111372.5, 1660.0], [111347.5, 3000.0], [111332.5, 1710.0], [111330.0, 44000.0], [111325.0, 16520.0], [111317.5, 1650.0], [111312.5, 20.0], [111285.0, 1650.0], [111272.5, 1650.0], [111260.0, 1650.0]], "asks": [[111447.5, 30000.0], [111455.0, 160.0], [111470.0, 510.0], [111475.0, 1710.0], [111502.5, 510.0], [111505.0, 1710.0], [111510.0, 4960.0], [111512.5, 16600.0], [111542.5, 510.0], [111545.0, 1710.0], [111567.5, 13580.0], [111570.0, 45700.0], [111667.5, 570.0], [111670.0, 1900.0], [111700.0, 1650.0], [111712.5, 1700.0], [111737.5, 51650.0], [111745.0, 500.0], [111750.0, 1700.0], [111787.5, 1700.0]]}}}
{"jsonrpc": "2.0", "method": "subscription", "params": {"channel": "book.BTC-17OCT25.none.20.100ms", "data": {"timestamp": 1760542258183, "change_id": 121986526751, "instrument_name": "BTC-17OCT25", "bids": [[111332.5, 3350.0], [111325.0, 24310.0], [111322.5, 30000.0], [111320.0, 60480.0], [111317.5, 41190.0], [111315.0, 13070.0], [111312.5, 10000.0], [111310.0, 87050.0], [111307.5, 89610.0], [111305.0, 89040.0], [111302.5, 35280.0], [111285.0, 2400.0], [111275.0, 720.0], [111272.5, 2400.0], [111262.5, 3000.0], [111225.0, 2420.0], [111212.5, 46400.0], [111202.5, 15620.0], [111180.0, 720.0], [111177.5, 2420.0]], "asks": [[111335.0, 10000.0], [111342.5, 160.0], [111345.0, 10.0], [111347.5, 1810.0], [111350.0, 6900.0], [111352.5, 2800.0], [111355.0, 15670.0], [111357.5, 52400.0], [111377.5, 440.0], [111380.0, 3280.0], [111382.5, 3000.0], [111390.0, 720.0], [111392.5, 2400.0], [111402.5, 710.0], [111405.0, 7060.0], [111407.5, 15640.0], [111415.0, 710.0], [111417.5, 2390.0], [111422.5, 900.0], [111425.0, 3000.0]]}}}
{"jsonrpc": "2.0", "method": "subscription", "params": {"channel": "book.BTC-24OCT25.none.20.100ms", "data": {"timestamp": 1760542258352, "change_id": 121986527053, "instrument_name": "BTC-24OCT25", "bids": [[111445.0, 1560.0], [111437.5, 6060.0], [111432.5, 37090.0], [111430.0, 160.0], [111427.5, 10000.0], [111422.5, 35450.0], [111420.0, 400.0], [111417.5, 51700.0], [111415.0, 35450.0], [111405.0, 90820.0], [111402.5, 89120.0], [111372.5, 1660.0], [111347.5, 3000.0], [111332.5, 1710.0], [111330.0, 44000.0], [111325.0, 16520.0], [111317.5, 1650.0], [111312.5, 20.0], [111272.5, 1650.0], [111260.0, 1650.0]], "asks": [[111447.5, 30000.0], [111467.5, 1810.0], [111470.0, 6570.0], [111472.5, 160.0], [111475.0, 1710.0], [111502.5, 510.0], [111505.0, 1710.0], [111510.0, 4960.0], [111512.5, 16600.0], [111542.5, 510.0], [111545.0, 1710.0], [111567.5, 13580.0], [111570.0, 45700.0], [111667.5, 570.0], [111670.0, 1900.0], [111712.5, 1700.0], [111737.5, 51650.0], [111745.0, 500.0], [111750.0, 1700.0], [111787.5, 1700.0]]}}}
{"jsonrpc": "2.0", "method": "subscription", "params": {"channel": "book.BTC-17OCT25.none.20.100ms", "data": {"timestamp": 1760542258384, "change_id": 121986527138, "instrument_name": "BTC-17OCT25", "bids": [[111332.5, 3350.0], [111330.0, 10760.0], [111327.5, 30000.0], [111325.0, 16830.0], [111320.0, 60480.0], [111317.5, 35130.0], [111315.0, 13230.0], [111312.5, 10000.0], [111310.0, 87050.0], [111307.5, 89610.0], [111305.0, 89040.0], [111302.5, 35120.0], [111285.0, 2400.0], [111275.0, 720.0], [111272.5, 2400.0], [111262.5, 3000.0], [111225.0, 2420.0], [111212.5, 46400.0], [111202.5, 15620.0], [111180.0, 720.0]], "asks": [[111335.0, 10000.0], [111350.0, 6900.0], [111352.5, 2800.0], [111355.0, 15670.0], [111357.5, 50000.0], [111360.0, 160.0], [111377.5, 440.0], [111380.0, 3280.0], [111382.5, 3000.0], [111390.0, 720.0], [111392.5, 2400.0], [111402.5, 710.0], [111405.0, 7060.0], [111407.5, 15640.0], [111415.0, 710.0], [111417.5, 2390.0], [111422.5, 900.0], [111425.0, 3000.0], [111427.5, 710.0], [111430.0, 2390.0]]}}}
{"jsonrpc": "2.0", "method": "subscription", "params": {"channel": "book.BTC-24OCT25.none.20.100ms", "data": {"timestamp": 1760542258779, "change_id": 121986527941, "instrument_name": "BTC-24OCT25", "bids": [[111437.5, 6060.0], [111427.5, 10000.0], [111422.5, 35450.0], [111420.0, 400.0], [111417.5, 51700.0], [111415.0, 35450.0], [111412.5, 160.0], [111407.5, 35450.0], [111405.0, 90820.0], [111402.5, 89120.0], [111372.5, 1660.0], [111347.5, 3000.0], [111332.5, 1710.0], [111330.0, 44000.0], [111325.0, 16520.0], [111317.5, 1650.0], [111312.5, 20.0], [111272.5, 1650.0], [111260.0, 1650.0], [111247.5, 45890.0]], "asks": [[111447.5, 30000.0], [111457.5, 490.0], [111460.0, 1800.0], [111467.5, 1810.0], [111470.0, 6570.0], [111475.0, 1710.0], [111502.5, 510.0], [111505.0, 1710.0], [111510.0, 4960.0], [111512.5, 16600.0], [111542.5, 510.0], [111545.0, 1710.0], [111567.5, 13580.0], [111570.0, 45700.0], [111667.5, 570.0], [111670.0, 1900.0], [111712.5, 1700.0], [111737.5, 51650.0], [111745.0, 500.0], [111750.0, 1700.0]]}}}
{"jsonrpc": "2.0", "method": "subscription", "params": {"channel": "book.BTC-17OCT25.none.20.100ms", "data": {"timestamp": 1760542258751, "change_id": 121986527914, "instrument_name": "BTC-17OCT25", "bids": [[111332.5, 1020.0], [111330.0, 10760.0], [111327.5, 30000.0], [111325.0, 16830.0], [111320.0, 60480.0], [111317.5, 35130.0], [111315.0, 13070.0], [111312.5, 10000.0], [111310.0, 87050.0], [111307.5, 89610.0], [111305.0, 89040.0], [111302.5, 35120.0], [111297.5, 160.0], [111285.0, 2400.0], [111275.0, 720.0], [111272.5, 2400.0], [111262.5, 3000.0], [111225.0, 2420.0], [111212.5, 46400.0], [111202.5, 15620.0]], "asks": [[111335.0, 10000.0], [111347.5, 4300.0], [111350.0, 6900.0], [111352.5, 2800.0], [111355.0, 15670.0], [111357.5, 50000.0], [111377.5, 440.0], [111380.0, 3280.0], [111382.5, 3000.0], [111390.0, 720.0], [111392.5, 2400.0], [111402.5, 710.0], [111405.0, 7060.0], [111407.5, 15640.0], [111415.0, 710.0], [111417.5, 2390.0], [111422.5, 900.0], [111425.0, 3000.0], [111427.5, 710.0], [111430.0, 2390.0]]}}}
{"jsonrpc": "2.0", "method": "subscription", "params": {"channel": "book.BTC-17OCT25.none.20.100ms", "data": {"timestamp": 1760542259037, "change_id": 121986528385, "instrument_name": "BTC-17OCT25", "bids": [[111330.0, 10760.0], [111327.5, 30000.0], [111325.0, 10770.0], [111320.0, 60480.0], [111317.5, 41190.0], [111315.0, 13070.0], [111312.5, 10000.0], [111310.0, 87050.0], [111307.5, 89610.0], [111305.0, 89040.0], [111302.5, 35120.0], [111297.5, 160.0], [111285.0, 2400.0], [111275.0, 720.0], [111272.5, 2400.0], [111262.5, 3000.0], [111225.0, 2420.0], [111212.5, 46400.0], [111202.5, 15620.0], [111180.0, 720.0]], "asks": [[111335.0, 10000.0], [111345.0, 10.0], [111347.5, 4300.0], [111350.0, 6900.0], [111352.5, 2800.0], [111355.0, 15670.0], [111357.5, 50000.0], [111377.5, 440.0], [111380.0, 3280.0], [111382.5, 3000.0], [111390.0, 720.0], [111392.5, 2400.0], [111402.5, 710.0], [111405.0, 7060.0], [111407.5, 15640.0], [111415.0, 710.0], [111417.5, 2390.0], [111422.5, 900.0], [111425.0, 3000.0], [111427.5, 710.0]]}}}
{"jsonrpc": "2.0", "method": "subscription", "params": {"channel": "book.BTC-24OCT25.none.20.100ms", "data": {"timestamp": 1760542259068, "change_id": 121986528399, "instrument_name": "BTC-24OCT25", "bids": [[111437.5, 6060.0], [111427.5, 10000.0], [111422.5, 35450.0], [111420.0, 400.0], [111417.5, 51700.0], [111415.0, 35450.0], [111412.5, 160.0], [111407.5, 35450.0], [111405.0, 90820.0], [111402.5, 89120.0], [111372.5, 1660.0], [111347.5, 3000.0], [111332.5, 1710.0], [111330.0, 44000.0], [111325.0, 16520.0], [111317.5, 1650.0], [111312.5, 20.0], [111272.5, 1650.0], [111260.0, 1650.0], [111247.5, 45890.0]], "asks": [[111445.0, 8960.0], [111447.5, 30000.0], [111457.5, 490.0], [111460.0, 1800.0], [111467.5, 1810.0], [111470.0, 6570.0], [111475.0, 1710.0], [111502.5, 510.0], [111505.0, 1710.0], [111510.0, 4960.0], [111512.5, 16600.0], [111542.5, 510.0], [111545.0, 1710.0], [111567.5, 13580.0], [111570.0, 45700.0], [111667.5, 570.0], [111670.0, 1900.0], [111712.5, 1700.0], [111737.5, 51650.0], [111745.0, 500.0]]}}}
{"jsonrpc": "2.0", "method": "subscription", "params": {"channel": "book.BTC-24OCT25.none.20.100ms", "data": {"timestamp": 1760542259477, "change_id": 121986529001, "instrument_name": "BTC-24OCT25", "bids": [[111442.5, 1560.0], [111437.5, 6060.0], [111432.5, 35450.0], [111430.0, 1640.0], [111427.5, 10000.0], [111422.5, 35450.0], [111420.0, 400.0], [111417.5, 51700.0], [111412.5, 160.0], [111407.5, 35450.0], [111405.0, 90820.0], [111402.5, 89120.0], [111372.5, 1660.0], [111347.5, 3000.0], [111332.5, 1710.0], [111330.0, 44000.0], [111325.0, 16520.0], [111317.5, 1650.0], [111312.5, 20.0], [111272.5, 1650.0]], "asks": [[111447.5, 30000.0], [111457.5, 490.0], [111460.0, 1800.0], [111470.0, 510.0], [111475.0, 1710.0], [111502.5, 510.0], [111505.0, 1710.0], [111510.0, 4960.0], [111512.5, 16600.0], [111542.5, 510.0], [111545.0, 1710.0], [111567.5, 13580.0], [111570.0, 45700.0], [111667.5, 570.0], [111670.0, 1900.0], [111712.5, 1700.0], [111737.5, 51650.0], [111745.0, 500.0], [111750.0, 1700.0], [111787.5, 1700.0]]}}}
{"jsonrpc": "2.0", "method": "subscription", "params": {"channel": "book.BTC-17OCT25.none.20.100ms", "data": {"timestamp": 1760542259420, "change_id": 121986528963, "instrument_name": "BTC-17OCT25", "bids": [[111332.5, 1020.0], [111330.0, 10760.0], [111327.5, 30000.0], [111325.0, 10770.0], [111320.0, 60480.0], [111317.5, 41190.0], [111315.0, 13070.0], [111312.5, 10000.0], [111310.0, 87050.0], [111307.5, 89610.0], [111305.0, 89040.0], [111302.5, 35120.0], [111297.5, 160.0], [111285.0, 2400.0], [111275.0, 720.0], [111272.5, 2400.0], [111262.5, 3000.0], [111225.0, 2420.0], [111212.5, 46400.0], [111202.5, 15620.0]], "asks": [[111335.0, 10000.0], [111345.0, 750.0], [111347.5, 2490.0], [111350.0, 840.0], [111352.5, 2800.0], [111355.0, 15670.0], [111357.5, 50000.0], [111377.5, 440.0], [111380.0, 3280.0], [111382.5, 3000.0], [111390.0, 720.0], [111392.5, 2400.0], [111402.5, 710.0], [111405.0, 7060.0], [111407.5, 15640.0], [111415.0, 710.0], [111417.5, 2390.0], [111422.5, 900.0], [111425.0, 3000.0], [111427.5, 710.0]]}}}
{"jsonrpc": "2.0", "method": "subscription", "params": {"channel": "book.BTC-24OCT25.none.20.100ms", "data": {"timestamp": 1760542259828, "change_id": 121986529601, "instrument_name": "BTC-24OCT25", "bids": [[111430.0, 1560.0], [111427.5, 10000.0], [111417.5, 1700.0], [111415.0, 35450.0], [111412.5, 160.0], [111407.5, 50000.0], [111405.0, 1700.0], [111402.5, 35450.0], [111372.5, 1660.0], [111347.5, 3000.0], [111332.5, 1710.0], [111330.0, 44000.0], [111325.0, 16520.0], [111317.5, 1650.0], [111312.5, 20.0], [111272.5, 1650.0], [111260.0, 1650.0], [111247.5, 45890.0], [111222.5, 1670.0], [111185.0, 1680.0]], "asks": [[111445.0, 8960.0], [111447.5, 30000.0], [111457.5, 540.0], [111460.0, 1800.0], [111465.0, 1810.0], [111467.5, 6060.0], [111470.0, 510.0], [111475.0, 1710.0], [111502.5, 510.0], [111505.0, 1710.0], [111510.0, 4960.0], [111512.5, 16600.0], [111542.5, 510.0], [111545.0, 1710.0], [111567.5, 13580.0], [111570.0, 45700.0], [111667.5, 570.0], [111670.0, 1900.0], [111712.5, 1700.0], [111737.5, 51650.0]]}}}
{"jsonrpc": "2.0", "method": "subscription", "params": {"channel": "book.BTC-17OCT25.none.20.100ms", "data": {"timestamp": 1760542259796, "change_id": 121986529453, "instrument_name": "BTC-17OCT25", "bids": [[111332.5, 1020.0], [111327.5, 30000.0], [111325.0, 10770.0], [111320.0, 60480.0], [111317.5, 35130.0], [111315.0, 13070.0], [111312.5, 10000.0], [111310.0, 37520.0], [111307.5, 570.0], [111305.0, 10480.0], [111302.5, 35120.0], [111297.5, 160.0], [111285.0, 2400.0], [111275.0, 720.0], [111272.5, 2400.0], [111265.0, 900.0], [111262.5, 3000.0], [111225.0, 2420.0], [111215.0, 13850.0], [111212.5, 46400.0]], "asks": [[111335.0, 10000.0], [111342.5, 1810.0], [111345.0, 6810.0], [111347.5, 2490.0], [111350.0, 840.0], [111352.5, 2800.0], [111355.0, 15670.0], [111357.5, 50000.0], [111377.5, 440.0], [111380.0, 3280.0], [111382.5, 3000.0], [111390.0, 720.0], [111392.5, 2400.0], [111402.5, 710.0], [111405.0, 7060.0], [111407.5, 15640.0], [111415.0, 710.0], [111417.5, 2390.0], [111422.5, 900.0], [111425.0, 3000.0]]}}}
{"jsonrpc": "2.0", "method": "subscription", "params": {"channel": "book.BTC-24OCT25.none.20.100ms", "data": {"timestamp": 1760542260036, "change_id": 121986530084, "instrument_name": "BTC-24OCT25", "bids": [[111440.0, 1560.0], [111430.0, 35450.0], [111427.5, 10000.0], [111422.5, 35450.0], [111417.5, 1700.0], [111415.0, 400.0], [111412.5, 50160.0], [111410.0, 35450.0], [111405.0, 1700.0], [111372.5, 1660.0], [111347.5, 3000.0], [111332.5, 1710.0], [111330.0, 44000.0], [111325.0, 16520.0], [111317.5, 1650.0], [111312.5, 20.0], [111272.5, 1650.0], [111260.0, 1650.0], [111247.5, 45890.0], [111222.5, 1670.0]], "asks": [[111447.5, 30000.0], [111460.0, 160.0], [111465.0, 1810.0], [111467.5, 6060.0], [111470.0, 510.0], [111475.0, 1710.0], [111502.5, 510.0], [111505.0, 1710.0], [111510.0, 4960.0], [111512.5, 16600.0], [111542.5, 510.0], [111545.0, 1710.0], [111567.5, 13580.0], [111570.0, 45700.0], [111667.5, 570.0], [111670.0, 1900.0], [111712.5, 1700.0], [111737.5, 51650.0], [111745.0, 500.0], [111750.0, 1700.0]]}}}
{"jsonrpc": "2.0", "method": "subscription", "params": {"channel": "book.BTC-17OCT25.none.20.100ms", "data": {"timestamp": 1760542260075, "change_id": 121986530060, "instrument_name": "BTC-17OCT25", "bids": [[111332.5, 1020.0], [111330.0, 8960.0], [111327.5, 30000.0], [111325.0, 10770.0], [111320.0, 60480.0], [111317.5, 35130.0], [111315.0, 13070.0], [111312.5, 10000.0], [111310.0, 37520.0], [111307.5, 27150.0], [111305.0, 99520.0], [111302.5, 124160.0], [111297.5, 160.0], [111285.0, 2400.0], [111275.0, 720.0], [111272.5, 2400.0], [111265.0, 900.0], [111262.5, 3000.0], [111225.0, 2420.0], [111215.0, 13850.0]], "asks": [[111335.0, 10000.0], [111342.5, 1810.0], [111345.0, 6070.0], [111347.5, 160.0], [111350.0, 840.0], [111352.5, 2800.0], [111355.0, 15670.0], [111357.5, 50000.0], [111377.5, 440.0], [111380.0, 3280.0], [111382.5, 3000.0], [111390.0, 720.0], [111392.5, 2400.0], [111402.5, 710.0], [111405.0, 7060.0], [111407.5, 15640.0], [111415.0, 710.0], [111417.5, 2390.0], [111422.5, 900.0], [111425.0, 3000.0]]}}}
{"jsonrpc": "2.0", "method": "subscription", "params": {"channel": "book.BTC-17OCT25.none.20.100ms", "data": {"timestamp": 1760542260327, "change_id": 121986530407, "instrument_name": "BTC-17OCT25", "bids": [[111332.5, 1020.0], [111330.0, 8960.0], [111327.5, 30000.0], [111325.0, 10770.0], [111320.0, 60480.0], [111317.5, 41190.0], [111315.0, 13070.0], [111312.5, 10000.0], [111310.0, 37520.0], [111307.5, 27150.0], [111305.0, 99520.0], [111302.5, 124160.0], [111297.5, 160.0], [111285.0, 2400.0], [111275.0, 720.0], [111272.5, 2400.0], [111265.0, 900.0], [111262.5, 3000.0], [111225.0, 2420.0], [111215.0, 13850.0]], "asks": [[111335.0, 10000.0], [111342.5, 4610.0], [111345.0, 6950.0], [111347.5, 2960.0], [111350.0, 840.0], [111352.5, 2800.0], [111355.0, 15670.0], [111357.5, 50000.0], [111377.5, 440.0], [111380.0, 3280.0], [111382.5, 3000.0], [111390.0, 720.0], [111392.5, 2400.0], [111402.5, 710.0], [111405.0, 7060.0], [111407.5, 15640.0], [111415.0, 710.0], [111417.5, 2390.0], [111422.5, 900.0], [111425.0, 3000.0]]}}}
{"jsonrpc": "2.0", "method": "subscription", "params": {"channel": "book.BTC-24OCT25.none.20.100ms", "data": {"timestamp": 1760542260320, "change_id": 121986530401, "instrument_name": "BTC-24OCT25", "bids": [[111442.5, 1560.0], [111435.0, 6060.0], [111430.0, 35450.0], [111427.5, 10000.0], [111422.5, 35450.0], [111420.0, 400.0], [111417.5, 1700.0], [111412.5, 50160.0], [111410.0, 35450.0], [111405.0, 1700.0], [111372.5, 1660.0], [111347.5, 3000.0], [111332.5, 1710.0], [111330.0, 44000.0], [111325.0, 16520.0], [111317.5, 1650.0], [111312.5, 20.0], [111272.5, 1650.0], [111260.0, 1650.0], [111247.5, 45890.0]], "asks": [[111447.5, 30000.0], [111460.0, 160.0], [111465.0, 1810.0], [111467.5, 6060.0], [111470.0, 510.0], [111475.0, 1710.0], [111502.5, 510.0], [111505.0, 1710.0], [111510.0, 4960.0], [111512.5, 16600.0], [111542.5, 510.0], [111545.0, 1710.0], [111567.5, 13580.0], [111570.0, 45700.0], [111667.5, 570.0], [111670.0, 1900.0], [111712.5, 1700.0], [111737.5, 51650.0], [111745.0, 500.0], [111750.0, 1700.0]]}}}
{"jsonrpc": "2.0", "method": "subscription", "params": {"channel": "book.BTC-24OCT25.none.20.100ms", "data": {"timestamp": 1760542260747, "change_id": 121986531132, "instrument_name": "BTC-24OCT25", "bids": [[111442.5, 1560.0], [111435.0, 6060.0], [111430.0, 35450.0], [111427.5, 10000.0], [111422.5, 35450.0], [111420.0, 400.0], [111417.5, 1700.0], [111412.5, 50160.0], [111410.0, 35450.0], [111372.5, 1660.0], [111347.5, 3000.0], [111332.5, 1710.0], [111330.0, 44000.0], [111325.0, 16520.0], [111317.5, 1650.0], [111312.5, 20.0], [111272.5, 1650.0], [111260.0, 1650.0], [111247.5, 45890.0], [111222.5, 1670.0]], "asks": [[111447.5, 30000.0], [111460.0, 160.0], [111465.0, 1810.0], [111467.5, 6060.0], [111470.0, 510.0], [111475.0, 1710.0], [111502.5, 510.0], [111505.0, 1710.0], [111510.0, 4960.0], [111512.5, 16600.0], [111542.5, 510.0], [111545.0, 1710.0], [111567.5, 13580.0], [111570.0, 45700.0], [111667.5, 570.0], [111670.0, 1900.0], [111712.5, 1700.0], [111737.5, 51650.0], [111745.0, 500.0], [111787.5, 1700.0]]}}}
