{"jsonrpc": "2.0", "method": "subscription", "params": {"channel": "book.BTC-17OCT25.none.20.100ms", "data": {"timestamp": 1760146337846, "change_id": 121058983649, "instrument_name": "BTC-17OCT25", "bids": [[111562.5, 2880.0], [111552.5, 14630.0], [111525.0, 2880.0], [111507.5, 2880.0], [111492.5, 10000.0], [111285.0, 8370.0], [111280.0, 2950.0], [111275.0, 16430.0], [111267.5, 2950.0], [111217.5, 2880.0], [111212.5, 50000.0], [111100.0, 24970.0], [111092.5, 2890.0], [111082.5, 110.0], [111042.5, 33490.0], [111030.0, 2950.0], [111005.0, 2880.0], [110995.0, 50000.0], [110992.5, 25020.0], [110967.5, 2950.0]], "asks": [[111615.0, 10000.0], [111672.5, 620.0], [111675.0, 2090.0], [111727.5, 4940.0], [111730.0, 16550.0], [111892.5, 14930.0], [111895.0, 50000.0], [111935.0, 25040.0], [111942.5, 50410.0], [112015.0, 37190.0], [112017.5, 8370.0], [112030.0, 33480.0], [112032.5, 50000.0], [112042.5, 51460.0], [112080.0, 100000.0], [112140.0, 72840.0], [112142.5, 74630.0], [112160.0, 600.0], [112305.0, 50000.0], [112337.5, 600.0]]}}}
{"jsonrpc": "2.0", "method": "subscription", "params": {"channel": "book.BTC-17OCT25.none.20.100ms", "data": {"timestamp": 1760146338184, "change_id": 121058984517, "instrument_name": "BTC-17OCT25", "bids": [[111507.5, 2880.0], [111492.5, 10000.0], [111285.0, 8370.0], [111280.0, 2950.0], [111275.0, 16430.0], [111267.5, 2950.0], [111217.5, 2880.0], [111212.5, 50000.0], [111102.5, 24970.0], [111092.5, 2890.0], [111082.5, 110.0], [111042.5, 33490.0], [111030.0, 2950.0], [111005.0, 2880.0], [110995.0, 50000.0], [110992.5, 25020.0], [110967.5, 2950.0], [110965.0, 50300.0], [110955.0, 2860.0], [110950.0, 49320.0]], "asks": [[111607.5, 10000.0], [111672.5, 620.0], [111675.0, 2090.0], [111727.5, 4940.0], [111730.0, 16550.0], [111892.5, 14930.0], [111895.0, 50000.0], [111935.0, 25040.0], [111942.5, 50410.0], [112015.0, 37190.0], [112017.5, 8370.0], [112030.0, 33480.0], [112032.5, 50000.0], [112042.5, 51460.0], [112080.0, 100000.0], [112140.0, 72840.0], [112142.5, 74630.0], [112160.0, 600.0], [112305.0, 50000.0], [112337.5, 600.0]]}}}
{"jsonrpc": "2.0", "method": "subscription", "params": {"channel": "book.BTC-24OCT25.none.20.100ms", "data": {"timestamp": 1760146338195, "change_id": 121058984538, "instrument_name": "BTC-24OCT25", "bids": [[111600.0, 660.0], [111595.0, 2200.0], [111527.5, 660.0], [111525.0, 2220.0], [111427.5, 680.0], [111425.0, 2280.0], [111415.0, 670.0], [111412.5, 2260.0], [111390.0, 660.0], [111387.5, 2200.0], [111362.5, 4080.0], [111360.0, 6310.0], [111352.5, 670.0], [111350.0, 2260.0], [111337.5, 2200.0], [111332.5, 6090.0], [111325.0, 2200.0], [111312.5, 18760.0], [111130.0, 2270.0], [111110.0, 2270.0]], "asks": [[111620.0, 2200.0], [111630.0, 660.0], [111632.5, 2200.0], [111642.5, 660.0], [111645.0, 2200.0], [111655.0, 660.0], [111657.5, 2200.0], [111667.5, 1480.0], [111670.0, 5630.0], [111672.5, 2200.0], [111692.5, 680.0], [111695.0, 2280.0], [111705.0, 670.0], [111707.5, 2260.0], [111767.5, 5630.0], [111770.0, 18860.0], [111850.0, 2500.0], [111852.5, 8370.0], [111855.0, 1210.0], [111857.5, 4350.0]]}}}
{"jsonrpc": "2.0", "method": "subscription", "params": {"channel": "book.BTC-24OCT25.none.20.100ms", "data": {"timestamp": 1760146338535, "change_id": 121058985308, "instrument_name": "BTC-24OCT25", "bids": [[111537.5, 570.0], [111535.0, 3620.0], [111532.5, 4100.0], [111530.0, 3350.0], [111527.5, 1900.0], [111525.0, 2220.0], [111427.5, 680.0], [111425.0, 2280.0], [111415.0, 670.0], [111412.5, 2260.0], [111390.0, 660.0], [111387.5, 2200.0], [111365.0, 660.0], [111362.5, 2200.0], [111352.5, 670.0], [111350.0, 2260.0], [111347.5, 6310.0], [111337.5, 2200.0], [111325.0, 2200.0], [111320.0, 6090.0]], "asks": [[111617.5, 660.0], [111620.0, 2200.0], [111630.0, 660.0], [111632.5, 2200.0], [111642.5, 660.0], [111645.0, 2200.0], [111655.0, 660.0], [111657.5, 2200.0], [111667.5, 1480.0], [111670.0, 5630.0], [111672.5, 2200.0], [111692.5, 680.0], [111695.0, 2280.0], [111705.0, 670.0], [111707.5, 2260.0], [111767.5, 5630.0], [111770.0, 18860.0], [111850.0, 2500.0], [111852.5, 8370.0], [111855.0, 1210.0]]}}}
{"jsonrpc": "2.0", "method": "subscription", "params": {"channel": "book.BTC-17OCT25.none.20.100ms", "data": {"timestamp": 1760146338514, "change_id": 121058985230, "instrument_name": "BTC-17OCT25", "bids": [[111540.0, 2880.0], [111530.0, 121350.0], [111522.5, 5000.0], [111520.0, 2880.0], [111507.5, 2880.0], [111285.0, 8370.0], [111280.0, 2950.0], [111275.0, 16430.0], [111267.5, 2950.0], [111217.5, 2880.0], [111212.5, 50000.0], [111092.5, 2890.0], [111082.5, 110.0], [111042.5, 33490.0], [111030.0, 2950.0], [111005.0, 2880.0], [110995.0, 50000.0], [110992.5, 25020.0], [110967.5, 2950.0], [110965.0, 50300.0]], "asks": [[111630.0, 2990.0], [111632.5, 10000.0], [111672.5, 620.0], [111675.0, 2090.0], [111727.5, 4940.0], [111730.0, 16550.0], [111892.5, 14930.0], [111895.0, 50000.0], [111935.0, 25040.0], [111942.5, 50410.0], [112015.0, 37190.0], [112017.5, 8370.0], [112030.0, 33480.0], [112032.5, 50000.0], [112042.5, 51460.0], [112080.0, 100000.0], [112140.0, 72840.0], [112142.5, 74630.0], [112160.0, 600.0], [112305.0, 50000.0]]}}}
{"jsonrpc": "2.0", "method": "subscription", "params": {"channel": "book.BTC-17OCT25.none.20.100ms", "data": {"timestamp": 1760146338690, "change_id": 121058986026, "instrument_name": "BTC-17OCT25", "bids": [[111540.0, 2880.0], [111530.0, 121350.0], [111507.5, 2880.0], [111487.5, 10000.0], [111285.0, 8370.0], [111280.0, 2950.0], [111275.0, 16430.0], [111267.5, 2950.0], [111217.5, 2880.0], [111212.5, 50000.0], [111110.0, 24970.0], [111092.5, 2890.0], [111082.5, 110.0], [111042.5, 33490.0], [111030.0, 2950.0], [111005.0, 2880.0], [110995.0, 50000.0], [110992.5, 25020.0], [110967.5, 2950.0], [110965.0, 50300.0]], "asks": [[111630.0, 2990.0], [111632.5, 10000.0], [111640.0, 620.0], [111642.5, 2090.0], [111727.5, 4940.0], [111730.0, 16550.0], [111892.5, 14930.0], [111895.0, 50000.0], [111935.0, 25040.0], [111942.5, 50410.0], [112015.0, 37190.0], [112017.5, 8370.0], [112030.0, 33480.0], [112032.5, 50000.0], [112042.5, 51460.0], [112080.0, 100000.0], [112140.0, 72840.0], [112142.5, 74630.0], [112160.0, 600.0], [112305.0, 50000.0]]}}}
{"jsonrpc": "2.0", "method": "subscription", "params": {"channel": "book.BTC-24OCT25.none.20.100ms", "data": {"timestamp": 1760146338865, "change_id": 121058987041, "instrument_name": "BTC-24OCT25", "bids": [[111547.5, 660.0], [111545.0, 2200.0], [111540.0, 1220.0], [111537.5, 2200.0], [111535.0, 2470.0], [111532.5, 1900.0], [111530.0, 660.0], [111525.0, 2220.0], [111425.0, 2280.0], [111412.5, 2260.0], [111390.0, 660.0], [111387.5, 2200.0], [111365.0, 660.0], [111362.5, 2200.0], [111350.0, 2260.0], [111340.0, 6310.0], [111337.5, 2200.0], [111325.0, 2200.0], [111312.5, 24850.0], [111130.0, 2270.0]], "asks": [[111607.5, 2200.0], [111617.5, 660.0], [111620.0, 2200.0], [111630.0, 660.0], [111632.5, 2200.0], [111642.5, 660.0], [111645.0, 2200.0], [111657.5, 2200.0], [111672.5, 2200.0], [111695.0, 2280.0], [111705.0, 670.0], [111707.5, 2260.0], [111767.5, 5630.0], [111770.0, 18860.0], [111852.5, 8370.0], [111855.0, 670.0], [111857.5, 4350.0], [111865.0, 670.0], [111870.0, 17190.0], [111872.5, 50000.0]]}}}
{"jsonrpc": "2.0", "method": "subscription", "params": {"channel": "book.BTC-17OCT25.none.20.100ms", "data": {"timestamp": 1760146339194, "change_id": 121058987780, "instrument_name": "BTC-17OCT25", "bids": [[111540.0, 2880.0], [111530.0, 121350.0], [111507.5, 2880.0], [111487.5, 10000.0], [111280.0, 2950.0], [111275.0, 16430.0], [111267.5, 2950.0], [111217.5, 2880.0], [111212.5, 50000.0], [111110.0, 24970.0], [111092.5, 2890.0], [111082.5, 110.0], [111030.0, 2950.0], [111005.0, 2880.0], [110995.0, 50000.0], [110992.5, 25020.0], [110967.5, 2950.0], [110965.0, 50300.0], [110955.0, 2860.0], [110950.0, 49320.0]], "asks": [[111635.0, 10000.0], [111640.0, 620.0], [111642.5, 2090.0], [111727.5, 4940.0], [111730.0, 16550.0], [111892.5, 14930.0], [111895.0, 50000.0], [111935.0, 25040.0], [111942.5, 50410.0], [112015.0, 37190.0], [112017.5, 8370.0], [112030.0, 33480.0], [112032.5, 50000.0], [112042.5, 51460.0], [112080.0, 100000.0], [112140.0, 72840.0], [112142.5, 74630.0], [112160.0, 600.0], [112305.0, 50000.0], [112337.5, 600.0]]}}}
{"jsonrpc": "2.0", "method": "subscription", "params": {"channel": "book.BTC-24OCT25.none.20.100ms", "data": {"timestamp": 1760146338990, "change_id": 121058987347, "instrument_name": "BTC-24OCT25", "bids": [[111597.5, 3000.0], [111562.5, 2200.0], [111540.0, 178460.0], [111525.0, 2220.0], [111425.0, 2280.0], [111412.5, 2260.0], [111387.5, 2200.0], [111362.5, 2200.0], [111350.0, 2260.0], [111340.0, 6310.0], [111337.5, 2200.0], [111325.0, 2200.0], [111312.5, 18760.0], [111135.0, 6090.0], [111130.0, 2270.0], [111110.0, 2270.0], [111085.0, 2300.0], [111060.0, 2190.0], [111027.5, 2280.0], [111002.5, 2220.0]], "asks": [[111632.5, 2200.0], [111645.0, 2200.0], [111657.5, 2200.0], [111672.5, 2200.0], [111695.0, 2280.0], [111707.5, 2260.0], [111770.0, 18860.0], [111852.5, 8370.0], [111857.5, 4350.0], [111870.0, 2260.0], [111872.5, 50000.0], [111945.0, 2260.0], [111957.5, 2260.0], [111970.0, 21400.0], [111980.0, 37460.0], [112072.5, 37620.0], [112112.5, 600.0], [112142.5, 10.0], [112180.0, 36820.0], [112182.5, 600.0]]}}}
{"jsonrpc": "2.0", "method": "subscription", "params": {"channel": "book.BTC-24OCT25.none.20.100ms", "data": {"timestamp": 1760146339533, "change_id": 121058988607, "instrument_name": "BTC-24OCT25", "bids": [[111602.5, 570.0], [111600.0, 2560.0], [111597.5, 2200.0], [111565.0, 660.0], [111562.5, 2200.0], [111542.5, 7410.0], [111540.0, 178460.0], [111525.0, 2220.0], [111425.0, 2280.0], [111412.5, 2260.0], [111387.5, 2200.0], [111362.5, 2200.0], [111350.0, 2260.0], [111337.5, 2200.0], [111325.0, 2200.0], [111320.0, 6090.0], [111312.5, 18760.0], [111130.0, 2270.0], [111110.0, 2270.0], [111085.0, 2300.0]], "asks": [[111642.5, 660.0], [111645.0, 2200.0], [111655.0, 660.0], [111657.5, 2200.0], [111670.0, 660.0], [111672.5, 2200.0], [111692.5, 680.0], [111695.0, 2280.0], [111705.0, 670.0], [111707.5, 2260.0], [111767.5, 5630.0], [111770.0, 18860.0], [111850.0, 2500.0], [111852.5, 8370.0], [111855.0, 1300.0], [111857.5, 4350.0], [111867.5, 670.0], [111870.0, 2260.0], [111872.5, 50000.0], [111945.0, 2260.0]]}}}
{"jsonrpc": "2.0", "method": "subscription", "params": {"channel": "book.BTC-17OCT25.none.20.100ms", "data": {"timestamp": 1760146339497, "change_id": 121058988550, "instrument_name": "BTC-17OCT25", "bids": [[111540.0, 2880.0], [111530.0, 121350.0], [111507.5, 2880.0], [111502.5, 10000.0], [111280.0, 2950.0], [111275.0, 16430.0], [111267.5, 2950.0], [111217.5, 2880.0], [111212.5, 50000.0], [111110.0, 24970.0], [111092.5, 2890.0], [111082.5, 110.0], [111030.0, 2950.0], [111005.0, 2880.0], [110995.0, 50000.0], [110992.5, 25020.0], [110967.5, 2950.0], [110965.0, 50300.0], [110955.0, 2860.0], [110950.0, 49320.0]], "asks": [[111627.5, 10000.0], [111640.0, 620.0], [111642.5, 2090.0], [111727.5, 4940.0], [111730.0, 16550.0], [111892.5, 14930.0], [111895.0, 50000.0], [111935.0, 25040.0], [111942.5, 50410.0], [112015.0, 37190.0], [112017.5, 8370.0], [112030.0, 33480.0], [112032.5, 50000.0], [112042.5, 51460.0], [112080.0, 100000.0], [112140.0, 72840.0], [112142.5, 74630.0], [112160.0, 600.0], [112305.0, 50000.0], [112337.5, 600.0]]}}}
{"jsonrpc": "2.0", "method": "subscription", "params": {"channel": "book.BTC-17OCT25.none.20.100ms", "data": {"timestamp": 1760146339855, "change_id": 121058989659, "instrument_name": "BTC-17OCT25", "bids": [[111552.5, 2880.0], [111542.5, 10000.0], [111507.5, 2880.0], [111502.5, 10000.0], [111280.0, 2950.0], [111275.0, 16430.0], [111267.5, 2950.0], [111217.5, 2880.0], [111212.5, 50000.0], [111115.0, 24970.0], [111092.5, 2890.0], [111082.5, 110.0], [111030.0, 2950.0], [111005.0, 2880.0], [110995.0, 50000.0], [110992.5, 25020.0], [110967.5, 2950.0], [110965.0, 50300.0], [110955.0, 2860.0], [110950.0, 49320.0]], "asks": [[111627.5, 10000.0], [111640.0, 620.0], [111642.5, 2090.0], [111727.5, 4940.0], [111730.0, 16550.0], [111892.5, 14930.0], [111895.0, 50000.0], [111935.0, 25040.0], [111942.5, 50410.0], [112015.0, 37190.0], [112017.5, 8370.0], [112030.0, 33480.0], [112032.5, 50000.0], [112042.5, 51460.0], [112080.0, 100000.0], [112140.0, 72840.0], [112142.5, 74630.0], [112160.0, 600.0], [112305.0, 50000.0], [112337.5, 600.0]]}}}
{"jsonrpc": "2.0", "method": "subscription", "params": {"channel": "book.BTC-24OCT25.none.20.100ms", "data": {"timestamp": 1760146339854, "change_id": 121058989658, "instrument_name": "BTC-24OCT25", "bids": [[111602.5, 660.0], [111600.0, 2200.0], [111595.0, 660.0], [111590.0, 2200.0], [111585.0, 1310.0], [111582.5, 2200.0], [111580.0, 2200.0], [111527.5, 660.0], [111525.0, 2220.0], [111427.5, 680.0], [111425.0, 2280.0], [111415.0, 670.0], [111412.5, 2260.0], [111390.0, 660.0], [111387.5, 2200.0], [111365.0, 660.0], [111362.5, 2200.0], [111352.5, 670.0], [111350.0, 2260.0], [111347.5, 6310.0]], "asks": [[111620.0, 2200.0], [111630.0, 660.0], [111632.5, 2200.0], [111642.5, 660.0], [111645.0, 2200.0], [111655.0, 660.0], [111657.5, 2200.0], [111670.0, 660.0], [111672.5, 2200.0], [111692.5, 680.0], [111695.0, 2280.0], [111705.0, 670.0], [111707.5, 2260.0], [111767.5, 5630.0], [111770.0, 18860.0], [111850.0, 2500.0], [111852.5, 8370.0], [111855.0, 1300.0], [111857.5, 4350.0], [111867.5, 670.0]]}}}
{"jsonrpc": "2.0", "method": "subscription", "params": {"channel": "book.BTC-17OCT25.none.20.100ms", "data": {"timestamp": 1760146340062, "change_id": 121058990053, "instrument_name": "BTC-17OCT25", "bids": [[111552.5, 2880.0], [111510.0, 10000.0], [111507.5, 2880.0], [111280.0, 2950.0], [111275.0, 16430.0], [111267.5, 2950.0], [111217.5, 2880.0], [111212.5, 50000.0], [111115.0, 24970.0], [111092.5, 2890.0], [111082.5, 110.0], [111030.0, 2950.0], [111005.0, 2880.0], [110995.0, 50000.0], [110992.5, 25020.0], [110967.5, 2950.0], [110965.0, 50300.0], [110955.0, 2860.0], [110950.0, 49320.0], [110942.5, 2880.0]], "asks": [[111637.5, 10000.0], [111640.0, 620.0], [111642.5, 2090.0], [111727.5, 4940.0], [111730.0, 16550.0], [111892.5, 14930.0], [111895.0, 50000.0], [111935.0, 25040.0], [111942.5, 50410.0], [112015.0, 37190.0], [112017.5, 8370.0], [112030.0, 33480.0], [112032.5, 50000.0], [112042.5, 51460.0], [112080.0, 100000.0], [112140.0, 72840.0], [112142.5, 74630.0], [112160.0, 600.0], [112305.0, 50000.0], [112337.5, 600.0]]}}}
{"jsonrpc": "2.0", "method": "subscription", "params": {"channel": "book.BTC-24OCT25.none.20.100ms", "data": {"timestamp": 1760146340180, "change_id": 121058990341, "instrument_name": "BTC-24OCT25", "bids": [[111620.0, 900.0], [111617.5, 3000.0], [111612.5, 570.0], [111610.0, 1900.0], [111607.5, 660.0], [111605.0, 2860.0], [111600.0, 2200.0], [111595.0, 660.0], [111590.0, 2200.0], [111585.0, 1310.0], [111582.5, 2200.0], [111580.0, 6740.0], [111577.5, 89260.0], [111527.5, 660.0], [111525.0, 2220.0], [111427.5, 680.0], [111425.0, 2280.0], [111415.0, 670.0], [111412.5, 2260.0], [111387.5, 2200.0]], "asks": [[111632.5, 2200.0], [111642.5, 660.0], [111645.0, 2200.0], [111655.0, 660.0], [111657.5, 2200.0], [111670.0, 660.0], [111672.5, 2200.0], [111692.5, 680.0], [111695.0, 2280.0], [111705.0, 670.0], [111707.5, 2260.0], [111767.5, 5630.0], [111770.0, 18860.0], [111850.0, 2500.0], [111852.5, 8370.0], [111855.0, 1300.0], [111857.5, 4350.0], [111867.5, 670.0], [111870.0, 2260.0], [111872.5, 50000.0]]}}}
{"jsonrpc": "2.0", "method": "subscription", "params": {"channel": "book.BTC-24OCT25.none.20.100ms", "data": {"timestamp": 1760146340530, "change_id": 121058991193, "instrument_name": "BTC-24OCT25", "bids": [[111630.0, 3000.0], [111617.5, 1150.0], [111615.0, 4760.0], [111595.0, 660.0], [111590.0, 2200.0], [111580.0, 8070.0], [111577.5, 89260.0], [111527.5, 660.0], [111525.0, 2220.0], [111425.0, 2280.0], [111412.5, 2260.0], [111387.5, 2200.0], [111362.5, 2200.0], [111352.5, 6310.0], [111350.0, 2260.0], [111337.5, 2200.0], [111325.0, 8290.0], [111312.5, 18760.0], [111130.0, 2270.0], [111110.0, 2270.0]], "asks": [[111645.0, 2200.0], [111655.0, 660.0], [111657.5, 2200.0], [111670.0, 660.0], [111672.5, 2200.0], [111692.5, 680.0], [111695.0, 2280.0], [111705.0, 670.0], [111707.5, 2260.0], [111767.5, 5630.0], [111770.0, 18860.0], [111850.0, 2500.0], [111852.5, 8370.0], [111855.0, 1300.0], [111857.5, 4350.0], [111867.5, 670.0], [111870.0, 2260.0], [111872.5, 50000.0], [111945.0, 2260.0], [111957.5, 2260.0]]}}}
{"jsonrpc": "2.0", "method": "subscription", "params": {"channel": "book.BTC-17OCT25.none.20.100ms", "data": {"timestamp": 1760146340496, "change_id": 121058991103, "instrument_name": "BTC-17OCT25", "bids": [[111520.0, 2910.0], [111500.0, 10000.0], [111282.5, 8370.0], [111280.0, 2950.0], [111275.0, 16430.0], [111267.5, 2950.0], [111217.5, 2880.0], [111212.5, 50000.0], [111205.0, 2910.0], [111092.5, 2890.0], [111082.5, 110.0], [111030.0, 2950.0], [111005.0, 2880.0], [110995.0, 50000.0], [110992.5, 25020.0], [110967.5, 2950.0], [110965.0, 50300.0], [110955.0, 2860.0], [110950.0, 49320.0], [110942.5, 2880.0]], "asks": [[111630.0, 10000.0], [111642.5, 2090.0], [111727.5, 4940.0], [111730.0, 16550.0], [111892.5, 14930.0], [111895.0, 50000.0], [111935.0, 25040.0], [111942.5, 50410.0], [112015.0, 37190.0], [112017.5, 8370.0], [112030.0, 33480.0], [112032.5, 50000.0], [112042.5, 51460.0], [112080.0, 100000.0], [112140.0, 72840.0], [112142.5, 74630.0], [112160.0, 600.0], [112305.0, 50000.0], [112337.5, 600.0], [112472.5, 48790.0]]}}}
{"jsonrpc": "2.0", "method": "subscription", "params": {"channel": "book.BTC-24OCT25.none.20.100ms", "data": {"timestamp": 1760146340786, "change_id": 121058992033, "instrument_name": "BTC-24OCT25", "bids": [[111627.5, 570.0], [111625.0, 1900.0], [111620.0, 1440.0], [111617.5, 3000.0], [111615.0, 2200.0], [111600.0, 570.0], [111597.5, 1900.0], [111595.0, 660.0], [111590.0, 2200.0], [111580.0, 6020.0], [111577.5, 89260.0], [111525.0, 2220.0], [111425.0, 2280.0], [111412.5, 2260.0], [111387.5, 2200.0], [111362.5, 2200.0], [111352.5, 6310.0], [111350.0, 2260.0], [111337.5, 2200.0], [111325.0, 8290.0]], "asks": [[111635.0, 2200.0], [111655.0, 660.0], [111657.5, 2200.0], [111670.0, 660.0], [111672.5, 2200.0], [111692.5, 680.0], [111695.0, 2280.0], [111705.0, 670.0], [111707.5, 2260.0], [111767.5, 5630.0], [111770.0, 18860.0], [111850.0, 2500.0], [111852.5, 8370.0], [111855.0, 1300.0], [111857.5, 4350.0], [111867.5, 670.0], [111870.0, 2260.0], [111872.5, 50000.0], [111945.0, 2260.0], [111957.5, 2260.0]]}}}
{"jsonrpc": "2.0", "method": "subscription", "params": {"channel": "book.BTC-17OCT25.none.20.100ms", "data": {"timestamp": 1760146340838, "change_id": 121058992321, "instrument_name": "BTC-17OCT25", "bids": [[111575.0, 2910.0], [111565.0, 54730.0], [111557.5, 2400.0], [111535.0, 2400.0], [111532.5, 2910.0], [111520.0, 2910.0], [111507.5, 10000.0], [111282.5, 8370.0], [111280.0, 2950.0], [111275.0, 16430.0], [111217.5, 2880.0], [111212.5, 50000.0], [111205.0, 2910.0], [111092.5, 2890.0], [111082.5, 110.0], [111030.0, 2950.0], [111005.0, 2880.0], [110995.0, 50000.0], [110992.5, 25020.0], [110967.5, 2950.0]], "asks": [[111632.5, 2090.0], [111727.5, 4940.0], [111730.0, 16550.0], [111892.5, 14930.0], [111895.0, 50000.0], [111935.0, 25040.0], [111942.5, 50410.0], [112015.0, 37190.0], [112017.5, 8370.0], [112030.0, 33480.0], [112032.5, 50000.0], [112042.5, 51460.0], [112080.0, 100000.0], [112140.0, 72840.0], [112142.5, 74630.0], [112160.0, 600.0], [112305.0, 50000.0], [112337.5, 600.0], [112472.5, 48790.0], [112570.0, 100000.0]]}}}
{"jsonrpc": "2.0", "method": "subscription", "params": {"channel": "book.BTC-24OCT25.none.20.100ms", "data": {"timestamp": 1760146341054, "change_id": 121058992686, "instrument_name": "BTC-24OCT25", "bids": [[111627.5, 570.0], [111625.0, 1900.0], [111620.0, 1440.0], [111617.5, 3000.0], [111615.0, 2200.0], [111600.0, 7290.0], [111597.5, 38300.0], [111595.0, 660.0], [111590.0, 2200.0], [111580.0, 650.0], [111577.5, 89260.0], [111425.0, 2280.0], [111412.5, 2260.0], [111387.5, 2200.0], [111362.5, 2200.0], [111360.0, 6310.0], [111350.0, 2260.0], [111337.5, 2200.0], [111332.5, 6090.0], [111325.0, 2200.0]], "asks": [[111637.5, 2190.0], [111655.0, 660.0], [111657.5, 2200.0], [111670.0, 660.0], [111672.5, 2200.0], [111692.5, 680.0], [111695.0, 2280.0], [111705.0, 670.0], [111707.5, 2260.0], [111767.5, 5630.0], [111770.0, 18860.0], [111850.0, 2500.0], [111852.5, 8370.0], [111855.0, 1300.0], [111857.5, 4350.0], [111867.5, 670.0], [111870.0, 2260.0], [111872.5, 50000.0], [111957.5, 2260.0], [111970.0, 21400.0]]}}}
{"jsonrpc": "2.0", "method": "subscription", "params": {"channel": "book.BTC-17OCT25.none.20.100ms", "data": {"timestamp": 1760146341135, "change_id": 121058992790, "instrument_name": "BTC-17OCT25", "bids": [[111575.0, 2910.0], [111565.0, 54730.0], [111557.5, 2400.0], [111535.0, 2400.0], [111532.5, 2910.0], [111520.0, 2910.0], [111517.5, 10000.0], [111282.5, 8370.0], [111280.0, 2950.0], [111275.0, 16430.0], [111217.5, 2880.0], [111212.5, 50000.0], [111205.0, 2910.0], [111095.0, 24970.0], [111092.5, 2890.0], [111082.5, 110.0], [111030.0, 2950.0], [111005.0, 2880.0], [110995.0, 50000.0], [110992.5, 25020.0]], "asks": [[111630.0, 10000.0], [111632.5, 2090.0], [111727.5, 4940.0], [111730.0, 16550.0], [111892.5, 14930.0], [111895.0, 50000.0], [111935.0, 25040.0], [111942.5, 50410.0], [112015.0, 37190.0], [112017.5, 8370.0], [112030.0, 33480.0], [112032.5, 50000.0], [112042.5, 51460.0], [112080.0, 100000.0], [112140.0, 72840.0], [112142.5, 74630.0], [112160.0, 600.0], [112305.0, 50000.0], [112337.5, 600.0], [112472.5, 48790.0]]}}}
{"jsonrpc": "2.0", "method": "subscription", "params": {"channel": "book.BTC-24OCT25.none.20.100ms", "data": {"timestamp": 1760146341441, "change_id": 121058993393, "instrument_name": "BTC-24OCT25", "bids": [[111620.0, 3000.0], [111612.5, 650.0], [111610.0, 2190.0], [111600.0, 7830.0], [111597.5, 38300.0], [111595.0, 660.0], [111590.0, 2200.0], [111580.0, 650.0], [111577.5, 91450.0], [111425.0, 2280.0], [111412.5, 2260.0], [111387.5, 2200.0], [111362.5, 2200.0], [111360.0, 6310.0], [111350.0, 2260.0], [111337.5, 2200.0], [111332.5, 6090.0], [111325.0, 2200.0], [111312.5, 18760.0], [111130.0, 2270.0]], "asks": [[111625.0, 2190.0], [111635.0, 650.0], [111637.5, 2190.0], [111655.0, 660.0], [111657.5, 2200.0], [111670.0, 660.0], [111672.5, 2200.0], [111692.5, 680.0], [111695.0, 2280.0], [111705.0, 670.0], [111707.5, 2260.0], [111767.5, 5630.0], [111770.0, 18860.0], [111850.0, 2500.0], [111852.5, 8370.0], [111855.0, 1300.0], [111857.5, 4350.0], [111867.5, 670.0], [111870.0, 2260.0], [111872.5, 50000.0]]}}}
{"jsonrpc": "2.0", "method": "subscription", "params": {"channel": "book.BTC-17OCT25.none.20.100ms", "data": {"timestamp": 1760146341519, "change_id": 121058993600, "instrument_name": "BTC-17OCT25", "bids": [[111575.0, 2910.0], [111567.5, 89250.0], [111565.0, 54730.0], [111535.0, 2400.0], [111532.5, 2910.0], [111520.0, 2910.0], [111507.5, 10000.0], [111282.5, 8370.0], [111280.0, 2950.0], [111275.0, 16430.0], [111217.5, 2880.0], [111212.5, 50000.0], [111205.0, 2910.0], [111095.0, 24970.0], [111092.5, 2890.0], [111082.5, 110.0], [111030.0, 2950.0], [111005.0, 2880.0], [110995.0, 50000.0], [110992.5, 25020.0]], "asks": [[111622.5, 10000.0], [111632.5, 2090.0], [111727.5, 4940.0], [111730.0, 16550.0], [111892.5, 14930.0], [111895.0, 50000.0], [111935.0, 25040.0], [111942.5, 50410.0], [112015.0, 37190.0], [112017.5, 8370.0], [112030.0, 33480.0], [112032.5, 50000.0], [112042.5, 51460.0], [112080.0, 100000.0], [112140.0, 72840.0], [112142.5, 74630.0], [112160.0, 600.0], [112305.0, 50000.0], [112337.5, 600.0], [112472.5, 48790.0]]}}}
{"jsonrpc": "2.0", "method": "subscription", "params": {"channel": "book.BTC-24OCT25.none.20.100ms", "data": {"timestamp": 1760146341625, "change_id": 121058993690, "instrument_name": "BTC-24OCT25", "bids": [[111620.0, 3000.0], [111600.0, 7830.0], [111597.5, 38300.0], [111595.0, 660.0], [111590.0, 2200.0], [111580.0, 650.0], [111577.5, 91450.0], [111425.0, 2280.0], [111412.5, 2260.0], [111387.5, 2200.0], [111362.5, 2200.0], [111360.0, 6310.0], [111350.0, 2260.0], [111337.5, 2200.0], [111332.5, 6090.0], [111325.0, 2200.0], [111312.5, 18760.0], [111130.0, 2270.0], [111110.0, 2270.0], [111085.0, 2300.0]], "asks": [[111625.0, 2190.0], [111635.0, 650.0], [111637.5, 2190.0], [111655.0, 660.0], [111657.5, 2200.0], [111670.0, 660.0], [111672.5, 2200.0], [111692.5, 680.0], [111695.0, 2280.0], [111705.0, 670.0], [111707.5, 2260.0], [111767.5, 5630.0], [111770.0, 18860.0], [111850.0, 2500.0], [111852.5, 8370.0], [111855.0, 1300.0], [111857.5, 4350.0], [111867.5, 670.0], [111870.0, 2260.0], [111872.5, 50000.0]]}}}
{"jsonrpc": "2.0", "method": "subscription", "params": {"channel": "book.BTC-17OCT25.none.20.100ms", "data": {"timestamp": 1760146341610, "change_id": 121058993675, "instrument_name": "BTC-17OCT25", "bids": [[111575.0, 2910.0], [111567.5, 89250.0], [111565.0, 54730.0], [111535.0, 2400.0], [111532.5, 2910.0], [111520.0, 2910.0], [111507.5, 10000.0], [111282.5, 8370.0], [111280.0, 2950.0], [111275.0, 16430.0], [111217.5, 2880.0], [111212.5, 50000.0], [111205.0, 2910.0], [111095.0, 24970.0], [111092.5, 2890.0], [111082.5, 110.0], [111030.0, 2950.0], [111005.0, 2880.0], [110995.0, 50000.0], [110992.5, 25020.0]], "asks": [[111615.0, 10000.0], [111642.5, 620.0], [111645.0, 2090.0], [111727.5, 4940.0], [111730.0, 16550.0], [111892.5, 14930.0], [111895.0, 50000.0], [111935.0, 25040.0], [111942.5, 50410.0], [112015.0, 37190.0], [112017.5, 8370.0], [112030.0, 33480.0], [112032.5, 50000.0], [112042.5, 51460.0], [112080.0, 100000.0], [112140.0, 72840.0], [112142.5, 74630.0], [112160.0, 600.0], [112305.0, 50000.0], [112337.5, 600.0]]}}}
{"jsonrpc": "2.0", "method": "subscription", "params": {"channel": "book.BTC-17OCT25.none.20.100ms", "data": {"timestamp": 1760146342050, "change_id": 121058994946, "instrument_name": "BTC-17OCT25", "bids": [[111570.0, 2910.0], [111567.5, 89250.0], [111565.0, 54730.0], [111535.0, 2400.0], [111532.5, 2910.0], [111520.0, 2910.0], [111497.5, 10000.0], [111282.5, 8370.0], [111280.0, 2950.0], [111275.0, 16430.0], [111217.5, 2880.0], [111212.5, 50000.0], [111205.0, 2910.0], [111097.5, 24970.0], [111092.5, 2890.0], [111082.5, 110.0], [111030.0, 2950.0], [111005.0, 2880.0], [110995.0, 50000.0], [110992.5, 25020.0]], "asks": [[111600.0, 10000.0], [111642.5, 620.0], [111645.0, 2090.0], [111727.5, 4940.0], [111730.0, 16550.0], [111892.5, 14930.0], [111895.0, 50000.0], [111935.0, 25040.0], [111942.5, 50410.0], [112015.0, 37190.0], [112017.5, 8370.0], [112030.0, 33480.0], [112032.5, 50000.0], [112042.5, 51460.0], [112080.0, 100000.0], [112140.0, 72840.0], [112142.5, 74630.0], [112160.0, 600.0], [112305.0, 50000.0], [112337.5, 600.0]]}}}
{"jsonrpc": "2.0", "method": "subscription", "params": {"channel": "book.BTC-24OCT25.none.20.100ms", "data": {"timestamp": 1760146342172, "change_id": 121058995155, "instrument_name": "BTC-24OCT25", "bids": [[111605.0, 570.0], [111602.5, 1900.0], [111600.0, 7830.0], [111597.5, 38300.0], [111595.0, 660.0], [111590.0, 2200.0], [111585.0, 810.0], [111582.5, 41200.0], [111580.0, 650.0], [111577.5, 91450.0], [111425.0, 2280.0], [111412.5, 2260.0], [111387.5, 2200.0], [111362.5, 2200.0], [111350.0, 2260.0], [111340.0, 6310.0], [111337.5, 2200.0], [111325.0, 2200.0], [111320.0, 6090.0], [111312.5, 18760.0]], "asks": [[111625.0, 2190.0], [111635.0, 650.0], [111637.5, 2190.0], [111655.0, 660.0], [111657.5, 2200.0], [111670.0, 660.0], [111672.5, 2200.0], [111692.5, 680.0], [111695.0, 2280.0], [111705.0, 670.0], [111707.5, 2260.0], [111767.5, 5630.0], [111770.0, 18860.0], [111850.0, 2500.0], [111852.5, 8370.0], [111855.0, 1300.0], [111857.5, 4350.0], [111867.5, 670.0], [111870.0, 2260.0], [111872.5, 50000.0]]}}}
{"jsonrpc": "2.0", "method": "subscription", "params": {"channel": "book.BTC-24OCT25.none.20.100ms", "data": {"timestamp": 1760146342422, "change_id": 121058995585, "instrument_name": "BTC-24OCT25", "bids": [[111595.0, 660.0], [111590.0, 2200.0], [111585.0, 8640.0], [111582.5, 41200.0], [111580.0, 650.0], [111577.5, 91450.0], [111565.0, 3000.0], [111425.0, 2280.0], [111412.5, 2260.0], [111387.5, 2200.0], [111362.5, 2200.0], [111350.0, 2260.0], [111340.0, 6310.0], [111337.5, 2200.0], [111325.0, 2200.0], [111320.0, 6090.0], [111312.5, 18760.0], [111130.0, 2270.0], [111110.0, 2270.0], [111085.0, 2300.0]], "asks": [[111612.5, 2190.0], [111622.5, 650.0], [111625.0, 2190.0], [111635.0, 650.0], [111637.5, 2190.0], [111655.0, 660.0], [111657.5, 2200.0], [111670.0, 660.0], [111672.5, 2200.0], [111692.5, 680.0], [111695.0, 2280.0], [111705.0, 670.0], [111707.5, 2260.0], [111767.5, 5630.0], [111770.0, 18860.0], [111850.0, 2500.0], [111852.5, 8370.0], [111855.0, 1300.0], [111857.5, 4350.0], [111867.5, 670.0]]}}}
{"jsonrpc": "2.0", "method": "subscription", "params": {"channel": "book.BTC-17OCT25.none.20.100ms", "data": {"timestamp": 1760146342461, "change_id": 121058995724, "instrument_name": "BTC-17OCT25", "bids": [[111570.0, 2910.0], [111567.5, 89250.0], [111565.0, 54730.0], [111535.0, 2400.0], [111532.5, 2910.0], [111520.0, 2910.0], [111497.5, 10000.0], [111282.5, 8370.0], [111280.0, 2950.0], [111275.0, 16430.0], [111217.5, 2880.0], [111212.5, 50000.0], [111205.0, 2910.0], [111102.5, 24970.0], [111092.5, 2890.0], [111082.5, 110.0], [111030.0, 2950.0], [111005.0, 2880.0], [110995.0, 50000.0], [110992.5, 25020.0]], "asks": [[111622.5, 2990.0], [111625.0, 10000.0], [111637.5, 620.0], [111640.0, 2090.0], [111727.5, 4940.0], [111730.0, 16550.0], [111892.5, 14930.0], [111895.0, 50000.0], [111935.0, 25040.0], [111942.5, 50410.0], [112015.0, 37190.0], [112017.5, 8370.0], [112030.0, 33480.0], [112032.5, 50000.0], [112042.5, 51460.0], [112080.0, 100000.0], [112140.0, 72840.0], [112142.5, 74630.0], [112160.0, 600.0], [112305.0, 50000.0]]}}}
{"jsonrpc": "2.0", "method": "subscription", "params": {"channel": "book.BTC-24OCT25.none.20.100ms", "data": {"timestamp": 1760146342821, "change_id": 121058996626, "instrument_name": "BTC-24OCT25", "bids": [[111585.0, 8640.0], [111582.5, 41200.0], [111580.0, 650.0], [111577.5, 2190.0], [111425.0, 2280.0], [111412.5, 2260.0], [111387.5, 2200.0], [111362.5, 2200.0], [111350.0, 2260.0], [111340.0, 6310.0], [111337.5, 2200.0], [111325.0, 2200.0], [111320.0, 6090.0], [111312.5, 18760.0], [111130.0, 2270.0], [111110.0, 2270.0], [111085.0, 2300.0], [111060.0, 2190.0], [111027.5, 2280.0], [111002.5, 2220.0]], "asks": [[111612.5, 2190.0], [111622.5, 650.0], [111625.0, 2190.0], [111635.0, 650.0], [111637.5, 2190.0], [111655.0, 660.0], [111657.5, 2200.0], [111670.0, 660.0], [111672.5, 2200.0], [111692.5, 680.0], [111695.0, 2280.0], [111705.0, 670.0], [111707.5, 2260.0], [111767.5, 5630.0], [111770.0, 18860.0], [111850.0, 2500.0], [111852.5, 8370.0], [111855.0, 1300.0], [111857.5, 4350.0], [111867.5, 670.0]]}}}
{"jsonrpc": "2.0", "method": "subscription", "params": {"channel": "book.BTC-17OCT25.none.20.100ms", "data": {"timestamp": 1760146342842, "change_id": 121058996710, "instrument_name": "BTC-17OCT25", "bids": [[111545.0, 2910.0], [111535.0, 2400.0], [111532.5, 2910.0], [111520.0, 2910.0], [111282.5, 8370.0], [111280.0, 2950.0], [111275.0, 16430.0], [111217.5, 2880.0], [111212.5, 50000.0], [111205.0, 2910.0], [111105.0, 24970.0], [111092.5, 2890.0], [111082.5, 110.0], [111030.0, 2950.0], [111005.0, 2880.0], [110995.0, 50000.0], [110992.5, 25020.0], [110967.5, 2950.0], [110965.0, 50300.0], [110955.0, 2860.0]], "asks": [[111615.0, 2990.0], [111617.5, 10000.0], [111637.5, 620.0], [111640.0, 2090.0], [111727.5, 4940.0], [111730.0, 16550.0], [111892.5, 14930.0], [111895.0, 50000.0], [111935.0, 25040.0], [111942.5, 50410.0], [112015.0, 37190.0], [112017.5, 8370.0], [112030.0, 33480.0], [112032.5, 50000.0], [112042.5, 51460.0], [112080.0, 100000.0], [112140.0, 72840.0], [112142.5, 74630.0], [112160.0, 600.0], [112305.0, 50000.0]]}}}
{"jsonrpc": "2.0", "method": "subscription", "params": {"channel": "book.BTC-24OCT25.none.20.100ms", "data": {"timestamp": 1760146343162, "change_id": 121058998375, "instrument_name": "BTC-24OCT25", "bids": [[111587.5, 3000.0], [111415.0, 670.0], [111412.5, 2260.0], [111390.0, 660.0], [111387.5, 2200.0], [111365.0, 660.0], [111362.5, 2200.0], [111352.5, 670.0], [111350.0, 2260.0], [111340.0, 660.0], [111337.5, 2200.0], [111327.5, 660.0], [111325.0, 2200.0], [111317.5, 6310.0], [111312.5, 18760.0], [111297.5, 6090.0], [111130.0, 2270.0], [111110.0, 2270.0], [111085.0, 2300.0], [111060.0, 2190.0]], "asks": [[111590.0, 2190.0], [111610.0, 650.0], [111612.5, 2190.0], [111622.5, 650.0], [111625.0, 2190.0], [111635.0, 650.0], [111637.5, 2190.0], [111655.0, 660.0], [111657.5, 2200.0], [111670.0, 660.0], [111672.5, 2200.0], [111692.5, 680.0], [111695.0, 2280.0], [111705.0, 670.0], [111707.5, 2260.0], [111767.5, 5630.0], [111770.0, 18860.0], [111857.5, 2260.0], [111867.5, 670.0], [111870.0, 2260.0]]}}}
{"jsonrpc": "2.0", "method": "subscription", "params": {"channel": "book.BTC-17OCT25.none.20.100ms", "data": {"timestamp": 1760146343163, "change_id": 121058998383, "instrument_name": "BTC-17OCT25", "bids": [[111545.0, 2910.0], [111535.0, 2400.0], [111520.0, 2910.0], [111280.0, 2950.0], [111275.0, 16430.0], [111217.5, 2880.0], [111205.0, 2910.0], [111132.5, 50000.0], [111107.5, 24970.0], [111092.5, 2890.0], [111082.5, 110.0], [111030.0, 2950.0], [111005.0, 2880.0], [110995.0, 50000.0], [110992.5, 25020.0], [110967.5, 2950.0], [110965.0, 50300.0], [110955.0, 2860.0], [110950.0, 49320.0], [110942.5, 2880.0]], "asks": [[111605.0, 2990.0], [111607.5, 10000.0], [111727.5, 4940.0], [111730.0, 16550.0], [111892.5, 14930.0], [111895.0, 50000.0], [111935.0, 25040.0], [111942.5, 50410.0], [112015.0, 37190.0], [112032.5, 50000.0], [112042.5, 51460.0], [112080.0, 100000.0], [112140.0, 72840.0], [112142.5, 74630.0], [112160.0, 600.0], [112305.0, 50000.0], [112337.5, 600.0], [112472.5, 48790.0], [112570.0, 100000.0], [112677.5, 600.0]]}}}
{"jsonrpc": "2.0", "method": "subscription", "params": {"channel": "book.BTC-24OCT25.none.20.100ms", "data": {"timestamp": 1760146343297, "change_id": 121058998918, "instrument_name": "BTC-24OCT25", "bids": [[111587.5, 3000.0], [111415.0, 670.0], [111412.5, 2260.0], [111390.0, 660.0], [111387.5, 2200.0], [111365.0, 660.0], [111362.5, 2200.0], [111352.5, 670.0], [111350.0, 2260.0], [111340.0, 660.0], [111337.5, 2200.0], [111327.5, 660.0], [111325.0, 2200.0], [111312.5, 18760.0], [111132.5, 12400.0], [111130.0, 2270.0], [111110.0, 2270.0], [111085.0, 2300.0], [111060.0, 2190.0], [111027.5, 2280.0]], "asks": [[111590.0, 2190.0], [111610.0, 650.0], [111612.5, 2190.0], [111622.5, 650.0], [111625.0, 2190.0], [111635.0, 650.0], [111637.5, 2190.0], [111655.0, 660.0], [111657.5, 2200.0], [111670.0, 660.0], [111672.5, 2200.0], [111692.5, 680.0], [111695.0, 2280.0], [111705.0, 670.0], [111707.5, 2260.0], [111767.5, 5630.0], [111770.0, 18860.0], [111857.5, 2260.0], [111867.5, 670.0], [111870.0, 2260.0]]}}}
{"jsonrpc": "2.0", "method": "subscription", "params": {"channel": "book.BTC-17OCT25.none.20.100ms", "data": {"timestamp": 1760146343498, "change_id": 121058999617, "instrument_name": "BTC-17OCT25", "bids": [[111520.0, 2910.0], [111467.5, 10000.0], [111280.0, 2950.0], [111275.0, 16430.0], [111217.5, 2880.0], [111205.0, 2910.0], [111135.0, 24970.0], [111132.5, 50000.0], [111092.5, 2890.0], [111082.5, 110.0], [111030.0, 2950.0], [111005.0, 2880.0], [110995.0, 50000.0], [110992.5, 25020.0], [110967.5, 2950.0], [110965.0, 50300.0], [110955.0, 2860.0], [110950.0, 49320.0], [110942.5, 2880.0], [110930.0, 2910.0]], "asks": [[111595.0, 10000.0], [111727.5, 4940.0], [111730.0, 16550.0], [111892.5, 14930.0], [111895.0, 50000.0], [111935.0, 25040.0], [111942.5, 50410.0], [112015.0, 37190.0], [112032.5, 50000.0], [112042.5, 51460.0], [112080.0, 100000.0], [112140.0, 72840.0], [112142.5, 74630.0], [112160.0, 600.0], [112305.0, 50000.0], [112337.5, 600.0], [112472.5, 48790.0], [112570.0, 100000.0], [112677.5, 600.0], [112792.5, 600.0]]}}}
{"jsonrpc": "2.0", "method": "subscription", "params": {"channel": "book.BTC-17OCT25.none.20.100ms", "data": {"timestamp": 1760146343831, "change_id": 121059000972, "instrument_name": "BTC-17OCT25", "bids": [[111532.5, 2910.0], [111520.0, 57950.0], [111280.0, 2950.0], [111275.0, 16430.0], [111217.5, 2880.0], [111205.0, 2910.0], [111132.5, 50000.0], [111092.5, 2890.0], [111082.5, 110.0], [111030.0, 2950.0], [111005.0, 2880.0], [110995.0, 50000.0], [110967.5, 2950.0], [110955.0, 2860.0], [110942.5, 2880.0], [110930.0, 2910.0], [110917.5, 2870.0], [110905.0, 2940.0], [110892.5, 2920.0], [110880.0, 52170.0]], "asks": [[111585.0, 2990.0], [111587.5, 10000.0], [111727.5, 4940.0], [111730.0, 16550.0], [111892.5, 14930.0], [111895.0, 50000.0], [112015.0, 62230.0], [112022.5, 50410.0], [112032.5, 50000.0], [112042.5, 51460.0], [112080.0, 100000.0], [112140.0, 72840.0], [112160.0, 600.0], [112305.0, 50000.0], [112337.5, 600.0], [112395.0, 74630.0], [112472.5, 48790.0], [112570.0, 100000.0], [112677.5, 600.0], [112792.5, 600.0]]}}}
{"jsonrpc": "2.0", "method": "subscription", "params": {"channel": "book.BTC-24OCT25.none.20.100ms", "data": {"timestamp": 1760146343829, "change_id": 121059000968, "instrument_name": "BTC-24OCT25", "bids": [[111587.5, 3000.0], [111415.0, 670.0], [111412.5, 2260.0], [111390.0, 660.0], [111387.5, 2200.0], [111365.0, 660.0], [111362.5, 2200.0], [111352.5, 670.0], [111350.0, 2260.0], [111340.0, 660.0], [111337.5, 2200.0], [111327.5, 660.0], [111325.0, 2200.0], [111312.5, 18760.0], [111132.5, 12400.0], [111130.0, 2270.0], [111110.0, 2270.0], [111085.0, 2300.0], [111060.0, 2190.0], [111027.5, 2280.0]], "asks": [[111590.0, 2190.0], [111610.0, 650.0], [111612.5, 2190.0], [111622.5, 650.0], [111625.0, 2190.0], [111635.0, 650.0], [111637.5, 2190.0], [111655.0, 660.0], [111657.5, 2200.0], [111670.0, 660.0], [111672.5, 2200.0], [111692.5, 680.0], [111695.0, 2280.0], [111705.0, 670.0], [111707.5, 2260.0], [111767.5, 5630.0], [111770.0, 18860.0], [111857.5, 2260.0], [111867.5, 670.0], [111870.0, 2260.0]]}}}
{"jsonrpc": "2.0", "method": "subscription", "params": {"channel": "book.BTC-17OCT25.none.20.100ms", "data": {"timestamp": 1760146344148, "change_id": 121059002974, "instrument_name": "BTC-17OCT25", "bids": [[111457.5, 2910.0], [111447.5, 10000.0], [111282.5, 17820.0], [111280.0, 2950.0], [111275.0, 16430.0], [111217.5, 2880.0], [111205.0, 2910.0], [111132.5, 50000.0], [111092.5, 2890.0], [111082.5, 110.0], [111030.0, 2950.0], [111005.0, 2880.0], [110995.0, 50000.0], [110967.5, 2950.0], [110962.5, 24970.0], [110955.0, 2860.0], [110942.5, 2880.0], [110930.0, 2910.0], [110917.5, 2870.0], [110905.0, 2940.0]], "asks": [[111572.5, 2990.0], [111575.0, 10000.0], [111727.5, 4940.0], [111730.0, 16550.0], [111805.0, 14930.0], [111807.5, 50000.0], [112015.0, 37190.0], [112032.5, 50000.0], [112080.0, 100000.0], [112140.0, 72840.0], [112150.0, 25040.0], [112160.0, 600.0], [112177.5, 50410.0], [112197.5, 51460.0], [112305.0, 50000.0], [112337.5, 600.0], [112395.0, 74630.0], [112472.5, 48790.0], [112570.0, 100000.0], [112677.5, 600.0]]}}}
{"jsonrpc": "2.0", "method": "subscription", "params": {"channel": "book.BTC-24OCT25.none.20.100ms", "data": {"timestamp": 1760146344165, "change_id": 121059003004, "instrument_name": "BTC-24OCT25", "bids": [[111455.0, 1310.0], [111452.5, 2840.0], [111390.0, 660.0], [111387.5, 2200.0], [111365.0, 660.0], [111362.5, 2200.0], [111352.5, 670.0], [111350.0, 2260.0], [111340.0, 660.0], [111337.5, 2200.0], [111325.0, 2200.0], [111312.5, 18760.0], [111130.0, 2270.0], [111110.0, 2270.0], [111090.0, 6090.0], [111085.0, 2300.0], [111060.0, 2190.0], [111027.5, 2280.0], [111002.5, 2220.0], [110990.0, 2270.0]], "asks": [[111565.0, 2190.0], [111575.0, 650.0], [111577.5, 2190.0], [111587.5, 650.0], [111590.0, 2190.0], [111610.0, 650.0], [111612.5, 2190.0], [111622.5, 650.0], [111625.0, 2190.0], [111635.0, 650.0], [111637.5, 2190.0], [111655.0, 660.0], [111657.5, 2200.0], [111670.0, 660.0], [111672.5, 2200.0], [111692.5, 680.0], [111695.0, 2280.0], [111705.0, 670.0], [111707.5, 2260.0], [111767.5, 5630.0]]}}}
{"jsonrpc": "2.0", "method": "subscription", "params": {"channel": "book.BTC-24OCT25.none.20.100ms", "data": {"timestamp": 1760146344480, "change_id": 121059004336, "instrument_name": "BTC-24OCT25", "bids": [[111325.0, 2200.0], [111312.5, 18760.0], [111130.0, 2270.0], [111110.0, 2270.0], [111085.0, 2300.0], [111060.0, 2190.0], [111030.0, 6090.0], [111027.5, 2280.0], [111002.5, 2220.0], [110990.0, 2270.0], [110977.5, 2220.0], [110965.0, 2290.0], [110952.5, 2220.0], [110940.0, 2280.0], [110927.5, 2280.0], [110915.0, 2280.0], [110902.5, 2250.0], [110890.0, 2280.0], [110877.5, 2290.0], [110865.0, 2230.0]], "asks": [[111672.5, 2200.0], [111695.0, 2280.0], [111707.5, 2260.0], [111770.0, 18860.0], [111857.5, 2260.0], [111870.0, 2260.0], [111957.5, 2260.0], [111970.0, 2190.0], [112075.0, 50000.0], [112077.5, 19200.0], [112082.5, 2190.0], [112112.5, 600.0], [112120.0, 39650.0], [112142.5, 10.0], [112182.5, 600.0], [112195.0, 2190.0], [112220.0, 6300.0], [112255.0, 600.0], [112270.0, 37620.0], [112382.5, 37420.0]]}}}
{"jsonrpc": "2.0", "method": "subscription", "params": {"channel": "book.BTC-17OCT25.none.20.100ms", "data": {"timestamp": 1760146344476, "change_id": 121059004291, "instrument_name": "BTC-17OCT25", "bids": [[111470.0, 2910.0], [111460.0, 10000.0], [111457.5, 2910.0], [111280.0, 2950.0], [111275.0, 16430.0], [111217.5, 2880.0], [111205.0, 2910.0], [111132.5, 50000.0], [111092.5, 2890.0], [111082.5, 110.0], [111030.0, 2950.0], [111005.0, 2880.0], [110995.0, 50000.0], [110967.5, 2950.0], [110955.0, 2860.0], [110942.5, 2880.0], [110930.0, 2910.0], [110917.5, 2870.0], [110905.0, 2940.0], [110892.5, 2920.0]], "asks": [[111560.0, 10000.0], [111727.5, 4940.0], [111730.0, 16550.0], [111805.0, 14930.0], [111807.5, 50000.0], [112015.0, 37190.0], [112032.5, 50000.0], [112080.0, 100000.0], [112140.0, 72840.0], [112150.0, 25040.0], [112160.0, 600.0], [112177.5, 50410.0], [112197.5, 51460.0], [112305.0, 50000.0], [112337.5, 600.0], [112395.0, 74630.0], [112472.5, 48790.0], [112570.0, 100000.0], [112677.5, 600.0], [112792.5, 600.0]]}}}
{"jsonrpc": "2.0", "method": "subscription", "params": {"channel": "book.BTC-24OCT25.none.20.100ms", "data": {"timestamp": 1760146344832, "change_id": 121059006226, "instrument_name": "BTC-24OCT25", "bids": [[111557.5, 2650.0], [111495.0, 280.0], [111492.5, 950.0], [111327.5, 660.0], [111325.0, 2200.0], [111312.5, 2260.0], [111220.0, 15950.0], [111130.0, 2270.0], [111117.5, 6310.0], [111110.0, 2270.0], [111085.0, 2300.0], [111060.0, 2190.0], [111027.5, 2280.0], [111002.5, 2220.0], [110990.0, 2270.0], [110977.5, 2220.0], [110965.0, 2290.0], [110952.5, 2220.0], [110940.0, 2280.0], [110927.5, 2280.0]], "asks": [[111567.5, 2190.0], [111582.5, 460.0], [111585.0, 2190.0], [111607.5, 650.0], [111610.0, 2190.0], [111620.0, 650.0], [111622.5, 2190.0], [111632.5, 650.0], [111635.0, 2190.0], [111645.0, 650.0], [111647.5, 2190.0], [111657.5, 27230.0], [111660.0, 118170.0], [111662.5, 89320.0], [111670.0, 660.0], [111672.5, 2200.0], [111692.5, 680.0], [111695.0, 2280.0], [111705.0, 670.0], [111707.5, 2260.0]]}}}
{"jsonrpc": "2.0", "method": "subscription", "params": {"channel": "book.BTC-17OCT25.none.20.100ms", "data": {"timestamp": 1760146344821, "change_id": 121059006139, "instrument_name": "BTC-17OCT25", "bids": [[111495.0, 2910.0], [111485.0, 10000.0], [111482.5, 2910.0], [111472.5, 54930.0], [111470.0, 2910.0], [111457.5, 2910.0], [111450.0, 10000.0], [111280.0, 2950.0], [111217.5, 2880.0], [111205.0, 2910.0], [111182.5, 16090.0], [111132.5, 50000.0], [111092.5, 2890.0], [111082.5, 110.0], [111030.0, 2950.0], [111005.0, 2880.0], [110995.0, 50000.0], [110967.5, 2950.0], [110957.5, 24970.0], [110955.0, 2860.0]], "asks": [[111575.0, 10000.0], [111585.0, 620.0], [111587.5, 2090.0], [111722.5, 5030.0], [111725.0, 18010.0], [111727.5, 4940.0], [111730.0, 16550.0], [111805.0, 14930.0], [111807.5, 50000.0], [112015.0, 37190.0], [112032.5, 50000.0], [112080.0, 100000.0], [112150.0, 25040.0], [112160.0, 600.0], [112177.5, 50410.0], [112197.5, 51460.0], [112305.0, 50000.0], [112337.5, 600.0], [112395.0, 74630.0], [112432.5, 72840.0]]}}}
{"jsonrpc": "2.0", "method": "subscription", "params": {"channel": "book.BTC-24OCT25.none.20.100ms", "data": {"timestamp": 1760146345036, "change_id": 121059007001, "instrument_name": "BTC-24OCT25", "bids": [[111570.0, 3000.0], [111547.5, 650.0], [111545.0, 2190.0], [111510.0, 1310.0], [111507.5, 2190.0], [111505.0, 2190.0], [111495.0, 280.0], [111492.5, 950.0], [111327.5, 660.0], [111325.0, 2200.0], [111315.0, 670.0], [111312.5, 2260.0], [111220.0, 15950.0], [111130.0, 2270.0], [111115.0, 6310.0], [111110.0, 2270.0], [111090.0, 6090.0], [111085.0, 2300.0], [111060.0, 2190.0], [111027.5, 2280.0]], "asks": [[111585.0, 2190.0], [111607.5, 650.0], [111610.0, 2190.0], [111620.0, 650.0], [111622.5, 2190.0], [111632.5, 650.0], [111635.0, 2190.0], [111645.0, 650.0], [111647.5, 2190.0], [111657.5, 27230.0], [111660.0, 118170.0], [111662.5, 89320.0], [111670.0, 660.0], [111672.5, 2200.0], [111692.5, 680.0], [111695.0, 2280.0], [111707.5, 2260.0], [111717.5, 650.0], [111720.0, 2190.0], [111732.5, 2190.0]]}}}
{"jsonrpc": "2.0", "method": "subscription", "params": {"channel": "book.BTC-17OCT25.none.20.100ms", "data": {"timestamp": 1760146345161, "change_id": 121059007279, "instrument_name": "BTC-17OCT25", "bids": [[111495.0, 2910.0], [111485.0, 5000.0], [111482.5, 2910.0], [111472.5, 54930.0], [111470.0, 2910.0], [111457.5, 12910.0], [111280.0, 2950.0], [111217.5, 2880.0], [111205.0, 2910.0], [111182.5, 16090.0], [111132.5, 50000.0], [111092.5, 2890.0], [111082.5, 110.0], [111030.0, 2950.0], [111005.0, 2880.0], [110995.0, 50000.0], [110967.5, 2950.0], [110957.5, 24970.0], [110955.0, 2860.0], [110942.5, 2880.0]], "asks": [[111575.0, 10000.0], [111587.5, 2090.0], [111722.5, 2500.0], [111725.0, 8370.0], [111727.5, 4940.0], [111730.0, 16550.0], [111805.0, 14930.0], [111807.5, 50000.0], [112015.0, 37190.0], [112032.5, 50000.0], [112080.0, 100000.0], [112150.0, 25040.0], [112160.0, 600.0], [112177.5, 50410.0], [112197.5, 51460.0], [112305.0, 50000.0], [112337.5, 600.0], [112395.0, 74630.0], [112432.5, 72840.0], [112472.5, 48790.0]]}}}
{"jsonrpc": "2.0", "method": "subscription", "params": {"channel": "book.BTC-17OCT25.none.20.100ms", "data": {"timestamp": 1760146345489, "change_id": 121059008247, "instrument_name": "BTC-17OCT25", "bids": [[111482.5, 2910.0], [111472.5, 54930.0], [111470.0, 2910.0], [111457.5, 2910.0], [111445.0, 10000.0], [111220.0, 8370.0], [111217.5, 2880.0], [111205.0, 2910.0], [111182.5, 16090.0], [111132.5, 50000.0], [111092.5, 2890.0], [111082.5, 110.0], [111030.0, 2950.0], [111015.0, 33490.0], [111005.0, 2880.0], [110995.0, 50000.0], [110967.5, 2950.0], [110957.5, 24970.0], [110955.0, 2860.0], [110942.5, 2880.0]], "asks": [[111562.5, 10000.0], [111585.0, 620.0], [111587.5, 2090.0], [111722.5, 2500.0], [111725.0, 8370.0], [111727.5, 4940.0], [111730.0, 16550.0], [111805.0, 14930.0], [111807.5, 50000.0], [112015.0, 37190.0], [112032.5, 50000.0], [112080.0, 100000.0], [112150.0, 25040.0], [112160.0, 600.0], [112177.5, 50410.0], [112197.5, 51460.0], [112305.0, 50000.0], [112337.5, 600.0], [112395.0, 74630.0], [112432.5, 72840.0]]}}}
{"jsonrpc": "2.0", "method": "subscription", "params": {"channel": "book.BTC-24OCT25.none.20.100ms", "data": {"timestamp": 1760146345403, "change_id": 121059007835, "instrument_name": "BTC-24OCT25", "bids": [[111547.5, 650.0], [111545.0, 2190.0], [111510.0, 1310.0], [111507.5, 2190.0], [111505.0, 2190.0], [111502.5, 900.0], [111500.0, 3000.0], [111495.0, 280.0], [111492.5, 950.0], [111327.5, 660.0], [111325.0, 2200.0], [111315.0, 670.0], [111312.5, 2260.0], [111220.0, 15950.0], [111130.0, 2270.0], [111115.0, 6310.0], [111110.0, 2270.0], [111087.5, 6090.0], [111085.0, 2300.0], [111060.0, 2190.0]], "asks": [[111560.0, 2190.0], [111570.0, 650.0], [111572.5, 2190.0], [111582.5, 650.0], [111585.0, 2190.0], [111607.5, 650.0], [111610.0, 2190.0], [111620.0, 650.0], [111622.5, 2190.0], [111632.5, 650.0], [111635.0, 2190.0], [111645.0, 650.0], [111647.5, 2190.0], [111657.5, 27230.0], [111660.0, 118170.0], [111662.5, 89320.0], [111670.0, 660.0], [111672.5, 2200.0], [111692.5, 680.0], [111695.0, 2280.0]]}}}
{"jsonrpc": "2.0", "method": "subscription", "params": {"channel": "book.BTC-17OCT25.none.20.100ms", "data": {"timestamp": 1760146345809, "change_id": 121059009264, "instrument_name": "BTC-17OCT25", "bids": [[111457.5, 2910.0], [111445.0, 10000.0], [111217.5, 2880.0], [111205.0, 2910.0], [111182.5, 16090.0], [111180.0, 2910.0], [111132.5, 50000.0], [111092.5, 2890.0], [111082.5, 110.0], [111030.0, 2950.0], [111005.0, 2880.0], [110995.0, 50000.0], [110967.5, 2950.0], [110957.5, 24970.0], [110955.0, 2860.0], [110942.5, 2880.0], [110930.0, 2910.0], [110917.5, 2870.0], [110905.0, 2940.0], [110892.5, 2920.0]], "asks": [[111727.5, 4940.0], [111730.0, 16550.0], [111805.0, 14930.0], [111807.5, 50000.0], [112012.5, 11100.0], [112015.0, 37190.0], [112032.5, 50000.0], [112080.0, 100000.0], [112150.0, 25040.0], [112160.0, 600.0], [112177.5, 50410.0], [112197.5, 51460.0], [112305.0, 50000.0], [112337.5, 600.0], [112395.0, 74630.0], [112432.5, 72840.0], [112472.5, 48790.0], [112570.0, 100000.0], [112677.5, 600.0], [112792.5, 600.0]]}}}
{"jsonrpc": "2.0", "method": "subscription", "params": {"channel": "book.BTC-24OCT25.none.20.100ms", "data": {"timestamp": 1760146345763, "change_id": 121059008935, "instrument_name": "BTC-24OCT25", "bids": [[111557.5, 3000.0], [111525.0, 1190.0], [111522.5, 1800.0], [111520.0, 2760.0], [111517.5, 1900.0], [111515.0, 1220.0], [111512.5, 1900.0], [111510.0, 2840.0], [111507.5, 2190.0], [111327.5, 660.0], [111325.0, 2200.0], [111315.0, 670.0], [111312.5, 2260.0], [111220.0, 15950.0], [111130.0, 2270.0], [111110.0, 8580.0], [111085.0, 2300.0], [111082.5, 6090.0], [111060.0, 2190.0], [111027.5, 2280.0]], "asks": [[111560.0, 2190.0], [111572.5, 2190.0], [111582.5, 650.0], [111585.0, 2190.0], [111607.5, 650.0], [111610.0, 2190.0], [111620.0, 650.0], [111622.5, 2190.0], [111632.5, 650.0], [111635.0, 2190.0], [111645.0, 650.0], [111647.5, 2190.0], [111657.5, 27230.0], [111660.0, 118170.0], [111662.5, 89320.0], [111670.0, 660.0], [111672.5, 2200.0], [111692.5, 680.0], [111695.0, 2280.0], [111707.5, 2260.0]]}}}
{"jsonrpc": "2.0", "method": "subscription", "params": {"channel": "book.BTC-17OCT25.none.20.100ms", "data": {"timestamp": 1760146346097, "change_id": 121059010276, "instrument_name": "BTC-17OCT25", "bids": [[111495.0, 2910.0], [111457.5, 12910.0], [111217.5, 2880.0], [111205.0, 2910.0], [111182.5, 16090.0], [111180.0, 2910.0], [111132.5, 50000.0], [111092.5, 2890.0], [111082.5, 110.0], [111030.0, 2950.0], [111005.0, 2880.0], [110995.0, 50000.0], [110967.5, 2950.0], [110960.0, 24970.0], [110955.0, 2860.0], [110942.5, 2880.0], [110930.0, 2910.0], [110917.5, 2870.0], [110905.0, 2940.0], [110892.5, 2920.0]], "asks": [[111560.0, 10000.0], [111727.5, 4940.0], [111730.0, 16550.0], [111805.0, 14930.0], [111807.5, 50000.0], [112015.0, 37190.0], [112032.5, 50000.0], [112080.0, 100000.0], [112150.0, 25040.0], [112160.0, 600.0], [112177.5, 50410.0], [112197.5, 51460.0], [112305.0, 50000.0], [112337.5, 600.0], [112395.0, 74630.0], [112432.5, 72840.0], [112472.5, 48790.0], [112570.0, 100000.0], [112677.5, 600.0], [112792.5, 600.0]]}}}
{"jsonrpc": "2.0", "method": "subscription", "params": {"channel": "book.BTC-24OCT25.none.20.100ms", "data": {"timestamp": 1760146346157, "change_id": 121059010325, "instrument_name": "BTC-24OCT25", "bids": [[111557.5, 3000.0], [111537.5, 5590.0], [111535.0, 20930.0], [111525.0, 1190.0], [111522.5, 1800.0], [111520.0, 2760.0], [111517.5, 1900.0], [111515.0, 570.0], [111512.5, 1900.0], [111510.0, 650.0], [111507.5, 2190.0], [111327.5, 660.0], [111325.0, 2200.0], [111315.0, 670.0], [111312.5, 2260.0], [111220.0, 15950.0], [111130.0, 2270.0], [111120.0, 6310.0], [111110.0, 2270.0], [111092.5, 6090.0]], "asks": [[111560.0, 2190.0], [111570.0, 650.0], [111572.5, 2190.0], [111582.5, 650.0], [111585.0, 2190.0], [111607.5, 650.0], [111610.0, 2190.0], [111620.0, 650.0], [111622.5, 2190.0], [111632.5, 650.0], [111635.0, 2190.0], [111645.0, 650.0], [111647.5, 2190.0], [111657.5, 27230.0], [111660.0, 118170.0], [111662.5, 89320.0], [111670.0, 660.0], [111672.5, 2200.0], [111692.5, 680.0], [111695.0, 2280.0]]}}}
{"jsonrpc": "2.0", "method": "subscription", "params": {"channel": "book.BTC-24OCT25.none.20.100ms", "data": {"timestamp": 1760146346445, "change_id": 121059011013, "instrument_name": "BTC-24OCT25", "bids": [[111555.0, 3000.0], [111537.5, 5590.0], [111535.0, 18740.0], [111532.5, 3940.0], [111530.0, 24790.0], [111525.0, 1190.0], [111522.5, 1800.0], [111520.0, 2760.0], [111517.5, 1900.0], [111507.5, 2190.0], [111325.0, 2200.0], [111312.5, 2260.0], [111220.0, 15950.0], [111130.0, 2270.0], [111120.0, 6310.0], [111110.0, 2270.0], [111092.5, 6090.0], [111085.0, 2300.0], [111060.0, 2190.0], [111027.5, 2280.0]], "asks": [[111560.0, 2190.0], [111570.0, 650.0], [111572.5, 2190.0], [111582.5, 650.0], [111585.0, 2190.0], [111607.5, 650.0], [111610.0, 2190.0], [111620.0, 650.0], [111622.5, 2190.0], [111632.5, 650.0], [111635.0, 2190.0], [111645.0, 650.0], [111647.5, 2190.0], [111657.5, 27230.0], [111660.0, 118170.0], [111662.5, 89320.0], [111670.0, 660.0], [111672.5, 2200.0], [111692.5, 680.0], [111695.0, 2280.0]]}}}
{"jsonrpc": "2.0", "method": "subscription", "params": {"channel": "book.BTC-17OCT25.none.20.100ms", "data": {"timestamp": 1760146346479, "change_id": 121059011173, "instrument_name": "BTC-17OCT25", "bids": [[111512.5, 18780.0], [111495.0, 2910.0], [111457.5, 2910.0], [111445.0, 10000.0], [111217.5, 2880.0], [111205.0, 2910.0], [111182.5, 16090.0], [111180.0, 2910.0], [111132.5, 50000.0], [111092.5, 2890.0], [111082.5, 110.0], [111030.0, 2950.0], [111005.0, 2880.0], [110995.0, 50000.0], [110967.5, 2950.0], [110960.0, 24970.0], [110955.0, 2860.0], [110942.5, 2880.0], [110930.0, 2910.0], [110917.5, 2870.0]], "asks": [[111545.0, 10000.0], [111727.5, 4940.0], [111730.0, 16550.0], [111805.0, 14930.0], [111807.5, 50000.0], [112015.0, 37190.0], [112032.5, 50000.0], [112080.0, 100000.0], [112150.0, 25040.0], [112160.0, 600.0], [112177.5, 50410.0], [112197.5, 51460.0], [112305.0, 50000.0], [112337.5, 600.0], [112395.0, 74630.0], [112432.5, 72840.0], [112472.5, 48790.0], [112570.0, 100000.0], [112677.5, 600.0], [112792.5, 600.0]]}}}
{"jsonrpc": "2.0", "method": "subscription", "params": {"channel": "book.BTC-24OCT25.none.20.100ms", "data": {"timestamp": 1760146346709, "change_id": 121059011999, "instrument_name": "BTC-24OCT25", "bids": [[111557.5, 900.0], [111555.0, 3000.0], [111545.0, 650.0], [111542.5, 2190.0], [111525.0, 1190.0], [111522.5, 1800.0], [111520.0, 2190.0], [111325.0, 2200.0], [111312.5, 2260.0], [111220.0, 15950.0], [111130.0, 2270.0], [111120.0, 6310.0], [111110.0, 2270.0], [111092.5, 6090.0], [111085.0, 2300.0], [111060.0, 2190.0], [111027.5, 2280.0], [111002.5, 2220.0], [110990.0, 2270.0], [110977.5, 2220.0]], "asks": [[111572.5, 2190.0], [111582.5, 650.0], [111585.0, 2190.0], [111607.5, 650.0], [111610.0, 2190.0], [111620.0, 650.0], [111622.5, 2190.0], [111632.5, 650.0], [111635.0, 2190.0], [111645.0, 650.0], [111647.5, 2190.0], [111657.5, 27230.0], [111660.0, 118170.0], [111662.5, 89320.0], [111670.0, 660.0], [111672.5, 2200.0], [111707.5, 2260.0], [111717.5, 650.0], [111720.0, 2190.0], [111732.5, 2190.0]]}}}
{"jsonrpc": "2.0", "method": "subscription", "params": {"channel": "book.BTC-17OCT25.none.20.100ms", "data": {"timestamp": 1760146346781, "change_id": 121059012386, "instrument_name": "BTC-17OCT25", "bids": [[111457.5, 2910.0], [111445.0, 10000.0], [111217.5, 2880.0], [111205.0, 2910.0], [111182.5, 16090.0], [111180.0, 2910.0], [111132.5, 50000.0], [111092.5, 2890.0], [111082.5, 110.0], [111030.0, 2950.0], [111005.0, 2880.0], [110995.0, 50000.0], [110967.5, 2950.0], [110955.0, 2860.0], [110950.0, 24970.0], [110942.5, 2880.0], [110930.0, 2910.0], [110917.5, 2870.0], [110905.0, 2940.0], [110892.5, 2920.0]], "asks": [[111575.0, 2990.0], [111577.5, 10000.0], [111727.5, 4940.0], [111730.0, 16550.0], [111805.0, 14930.0], [111807.5, 50000.0], [112015.0, 37190.0], [112032.5, 50000.0], [112080.0, 100000.0], [112150.0, 25040.0], [112160.0, 600.0], [112177.5, 50410.0], [112197.5, 51460.0], [112305.0, 50000.0], [112337.5, 600.0], [112395.0, 74630.0], [112432.5, 72840.0], [112472.5, 48790.0], [112570.0, 100000.0], [112677.5, 600.0]]}}}
{"jsonrpc": "2.0", "method": "subscription", "params": {"channel": "book.BTC-24OCT25.none.20.100ms", "data": {"timestamp": 1760146347143, "change_id": 121059013776, "instrument_name": "BTC-24OCT25", "bids": [[111557.5, 900.0], [111555.0, 3000.0], [111545.0, 650.0], [111542.5, 2190.0], [111525.0, 1190.0], [111522.5, 1800.0], [111520.0, 2190.0], [111327.5, 660.0], [111325.0, 2200.0], [111312.5, 2260.0], [111220.0, 15950.0], [111130.0, 2270.0], [111120.0, 6310.0], [111110.0, 2270.0], [111092.5, 6090.0], [111085.0, 2300.0], [111060.0, 2190.0], [111027.5, 2280.0], [111002.5, 2220.0], [110990.0, 2270.0]], "asks": [[111572.5, 2190.0], [111582.5, 650.0], [111585.0, 2190.0], [111607.5, 650.0], [111610.0, 2190.0], [111620.0, 650.0], [111622.5, 2190.0], [111632.5, 650.0], [111635.0, 2190.0], [111645.0, 650.0], [111647.5, 2190.0], [111657.5, 27230.0], [111660.0, 118170.0], [111662.5, 89320.0], [111670.0, 660.0], [111672.5, 2200.0], [111707.5, 2260.0], [111717.5, 650.0], [111720.0, 2190.0], [111732.5, 2190.0]]}}}
{"jsonrpc": "2.0", "method": "subscription", "params": {"channel": "book.BTC-17OCT25.none.20.100ms", "data": {"timestamp": 1760146347148, "change_id": 121059013790, "instrument_name": "BTC-17OCT25", "bids": [[111495.0, 2910.0], [111485.0, 166910.0], [111470.0, 2910.0], [111457.5, 2910.0], [111452.5, 10000.0], [111217.5, 2880.0], [111205.0, 2910.0], [111182.5, 16090.0], [111180.0, 2910.0], [111132.5, 50000.0], [111092.5, 2890.0], [111082.5, 110.0], [111030.0, 2950.0], [111005.0, 2880.0], [110995.0, 50000.0], [110967.5, 2950.0], [110955.0, 2860.0], [110950.0, 24970.0], [110942.5, 2880.0], [110930.0, 2910.0]], "asks": [[111602.5, 620.0], [111605.0, 2090.0], [111727.5, 4940.0], [111730.0, 16550.0], [111805.0, 14930.0], [111807.5, 50000.0], [111890.0, 8370.0], [112015.0, 37190.0], [112032.5, 50000.0], [112080.0, 100000.0], [112150.0, 25040.0], [112160.0, 600.0], [112177.5, 50410.0], [112197.5, 51460.0], [112305.0, 50000.0], [112337.5, 600.0], [112395.0, 74630.0], [112432.5, 72840.0], [112472.5, 48790.0], [112570.0, 100000.0]]}}}
{"jsonrpc": "2.0", "method": "subscription", "params": {"channel": "book.BTC-17OCT25.none.20.100ms", "data": {"timestamp": 1760146347426, "change_id": 121059014477, "instrument_name": "BTC-17OCT25", "bids": [[111507.5, 2910.0], [111497.5, 10000.0], [111495.0, 2910.0], [111485.0, 166910.0], [111457.5, 2910.0], [111452.5, 10000.0], [111217.5, 2880.0], [111205.0, 2910.0], [111182.5, 16090.0], [111180.0, 2910.0], [111132.5, 50000.0], [111092.5, 2890.0], [111082.5, 110.0], [111030.0, 2950.0], [111005.0, 2880.0], [110995.0, 50000.0], [110967.5, 2950.0], [110965.0, 24970.0], [110955.0, 2860.0], [110942.5, 2880.0]], "asks": [[111602.5, 620.0], [111605.0, 2090.0], [111617.5, 26650.0], [111620.0, 115940.0], [111622.5, 89290.0], [111727.5, 4940.0], [111730.0, 16550.0], [111805.0, 14930.0], [111807.5, 50000.0], [111890.0, 8370.0], [112015.0, 37190.0], [112032.5, 50000.0], [112080.0, 100000.0], [112150.0, 25040.0], [112160.0, 600.0], [112177.5, 50410.0], [112197.5, 51460.0], [112305.0, 50000.0], [112337.5, 600.0], [112395.0, 74630.0]]}}}
{"jsonrpc": "2.0", "method": "subscription", "params": {"channel": "book.BTC-24OCT25.none.20.100ms", "data": {"timestamp": 1760146347480, "change_id": 121059014875, "instrument_name": "BTC-24OCT25", "bids": [[111565.0, 2840.0], [111562.5, 2190.0], [111560.0, 900.0], [111555.0, 3000.0], [111545.0, 650.0], [111542.5, 2190.0], [111525.0, 1190.0], [111522.5, 1800.0], [111520.0, 2190.0], [111327.5, 660.0], [111325.0, 2200.0], [111312.5, 2260.0], [111220.0, 15950.0], [111130.0, 2270.0], [111110.0, 2270.0], [111092.5, 6090.0], [111085.0, 2300.0], [111060.0, 2190.0], [111027.5, 2280.0], [111002.5, 2220.0]], "asks": [[111585.0, 2190.0], [111595.0, 650.0], [111597.5, 2190.0], [111607.5, 650.0], [111610.0, 2190.0], [111620.0, 650.0], [111622.5, 2190.0], [111632.5, 650.0], [111635.0, 2190.0], [111645.0, 650.0], [111647.5, 2190.0], [111657.5, 27230.0], [111660.0, 118170.0], [111662.5, 89320.0], [111670.0, 660.0], [111672.5, 2200.0], [111707.5, 2260.0], [111717.5, 650.0], [111720.0, 2190.0], [111732.5, 2190.0]]}}}
{"jsonrpc": "2.0", "method": "subscription", "params": {"channel": "book.BTC-24OCT25.none.20.100ms", "data": {"timestamp": 1760146347681, "change_id": 121059015234, "instrument_name": "BTC-24OCT25", "bids": [[111575.0, 650.0], [111570.0, 2190.0], [111560.0, 650.0], [111557.5, 2190.0], [111545.0, 650.0], [111542.5, 2190.0], [111522.5, 650.0], [111520.0, 2190.0], [111325.0, 2200.0], [111312.5, 2260.0], [111220.0, 15950.0], [111130.0, 2270.0], [111110.0, 2270.0], [111102.5, 6090.0], [111085.0, 2300.0], [111060.0, 2190.0], [111027.5, 2280.0], [111002.5, 2220.0], [110990.0, 2270.0], [110977.5, 2220.0]], "asks": [[111585.0, 2190.0], [111595.0, 650.0], [111597.5, 2190.0], [111607.5, 650.0], [111610.0, 2190.0], [111620.0, 650.0], [111622.5, 2190.0], [111632.5, 650.0], [111635.0, 2190.0], [111645.0, 650.0], [111647.5, 2190.0], [111657.5, 27230.0], [111660.0, 118170.0], [111662.5, 89320.0], [111670.0, 660.0], [111672.5, 2200.0], [111707.5, 2260.0], [111717.5, 650.0], [111720.0, 2190.0], [111732.5, 2190.0]]}}}
{"jsonrpc": "2.0", "method": "subscription", "params": {"channel": "book.BTC-17OCT25.none.20.100ms", "data": {"timestamp": 1760146347733, "change_id": 121059015363, "instrument_name": "BTC-17OCT25", "bids": [[111507.5, 2910.0], [111497.5, 10000.0], [111495.0, 2910.0], [111470.0, 10000.0], [111457.5, 2910.0], [111217.5, 2880.0], [111205.0, 2910.0], [111182.5, 16090.0], [111180.0, 2910.0], [111132.5, 50000.0], [111092.5, 2890.0], [111082.5, 110.0], [111030.0, 2950.0], [111005.0, 2880.0], [110995.0, 50000.0], [110970.0, 24970.0], [110967.5, 2950.0], [110955.0, 2860.0], [110942.5, 2880.0], [110930.0, 2910.0]], "asks": [[111602.5, 620.0], [111605.0, 5080.0], [111607.5, 10000.0], [111617.5, 26650.0], [111620.0, 115940.0], [111622.5, 89290.0], [111727.5, 4940.0], [111730.0, 16550.0], [111805.0, 14930.0], [111807.5, 50000.0], [111890.0, 8370.0], [112015.0, 37190.0], [112032.5, 50000.0], [112080.0, 100000.0], [112150.0, 25040.0], [112160.0, 600.0], [112177.5, 50410.0], [112197.5, 51460.0], [112305.0, 50000.0], [112337.5, 600.0]]}}}
{"jsonrpc": "2.0", "method": "subscription", "params": {"channel": "book.BTC-17OCT25.none.20.100ms", "data": {"timestamp": 1760146348127, "change_id": 121059016535, "instrument_name": "BTC-17OCT25", "bids": [[111507.5, 2910.0], [111497.5, 10000.0], [111495.0, 2910.0], [111477.5, 10000.0], [111457.5, 2910.0], [111217.5, 2880.0], [111205.0, 2910.0], [111182.5, 16090.0], [111180.0, 2910.0], [111132.5, 50000.0], [111092.5, 2890.0], [111082.5, 110.0], [111030.0, 2950.0], [111005.0, 2880.0], [110995.0, 50000.0], [110970.0, 24970.0], [110967.5, 2950.0], [110955.0, 2860.0], [110942.5, 2880.0], [110930.0, 2910.0]], "asks": [[111590.0, 2990.0], [111592.5, 10000.0], [111602.5, 620.0], [111605.0, 2090.0], [111727.5, 4940.0], [111730.0, 16550.0], [111805.0, 14930.0], [111807.5, 50000.0], [111890.0, 8370.0], [112015.0, 37190.0], [112032.5, 50000.0], [112080.0, 100000.0], [112150.0, 25040.0], [112160.0, 600.0], [112177.5, 50410.0], [112197.5, 51460.0], [112305.0, 50000.0], [112337.5, 600.0], [112395.0, 74630.0], [112432.5, 72840.0]]}}}
{"jsonrpc": "2.0", "method": "subscription", "params": {"channel": "book.BTC-24OCT25.none.20.100ms", "data": {"timestamp": 1760146348133, "change_id": 121059016547, "instrument_name": "BTC-24OCT25", "bids": [[111582.5, 3000.0], [111565.0, 920.0], [111562.5, 2190.0], [111560.0, 2840.0], [111557.5, 2190.0], [111550.0, 650.0], [111547.5, 2190.0], [111522.5, 650.0], [111520.0, 2190.0], [111325.0, 2200.0], [111312.5, 2260.0], [111220.0, 15950.0], [111130.0, 2270.0], [111115.0, 6310.0], [111110.0, 2270.0], [111102.5, 6090.0], [111085.0, 2300.0], [111060.0, 2190.0], [111027.5, 2280.0], [111002.5, 2220.0]], "asks": [[111585.0, 2190.0], [111595.0, 650.0], [111597.5, 2190.0], [111607.5, 650.0], [111610.0, 2190.0], [111620.0, 650.0], [111622.5, 2190.0], [111632.5, 650.0], [111635.0, 2190.0], [111645.0, 650.0], [111647.5, 2190.0], [111657.5, 650.0], [111660.0, 2190.0], [111670.0, 660.0], [111672.5, 2200.0], [111707.5, 2260.0], [111717.5, 650.0], [111720.0, 2190.0], [111732.5, 2190.0], [111770.0, 18860.0]]}}}
{"jsonrpc": "2.0", "method": "subscription", "params": {"channel": "book.BTC-24OCT25.none.20.100ms", "data": {"timestamp": 1760146348423, "change_id": 121059017570, "instrument_name": "BTC-24OCT25", "bids": [[111585.0, 900.0], [111582.5, 3000.0], [111565.0, 650.0], [111562.5, 2190.0], [111550.0, 650.0], [111547.5, 2190.0], [111542.5, 8230.0], [111540.0, 41200.0], [111520.0, 2190.0], [111325.0, 2200.0], [111312.5, 2260.0], [111220.0, 15950.0], [111212.5, 2190.0], [111132.5, 6310.0], [111130.0, 2270.0], [111112.5, 6090.0], [111110.0, 2270.0], [111085.0, 2300.0], [111060.0, 2190.0], [111027.5, 2280.0]], "asks": [[111600.0, 2190.0], [111620.0, 650.0], [111622.5, 2190.0], [111632.5, 650.0], [111635.0, 2190.0], [111645.0, 650.0], [111647.5, 2190.0], [111657.5, 650.0], [111660.0, 2190.0], [111670.0, 660.0], [111672.5, 2200.0], [111705.0, 670.0], [111707.5, 2260.0], [111717.5, 650.0], [111720.0, 2190.0], [111732.5, 2190.0], [111770.0, 18860.0], [112075.0, 50000.0], [112077.5, 19200.0], [112082.5, 2190.0]]}}}
{"jsonrpc": "2.0", "method": "subscription", "params": {"channel": "book.BTC-17OCT25.none.20.100ms", "data": {"timestamp": 1760146348384, "change_id": 121059017402, "instrument_name": "BTC-17OCT25", "bids": [[111507.5, 2910.0], [111497.5, 10000.0], [111495.0, 2910.0], [111477.5, 10000.0], [111457.5, 2910.0], [111230.0, 8370.0], [111217.5, 2880.0], [111205.0, 2910.0], [111182.5, 16090.0], [111180.0, 2910.0], [111132.5, 50000.0], [111092.5, 2890.0], [111082.5, 110.0], [111030.0, 2950.0], [111005.0, 2880.0], [110995.0, 50000.0], [110970.0, 24970.0], [110967.5, 2950.0], [110955.0, 2860.0], [110942.5, 2880.0]], "asks": [[111605.0, 2090.0], [111610.0, 2990.0], [111612.5, 10000.0], [111727.5, 4940.0], [111730.0, 16550.0], [111805.0, 14930.0], [111807.5, 50000.0], [111890.0, 8370.0], [112015.0, 37190.0], [112032.5, 50000.0], [112080.0, 100000.0], [112150.0, 25040.0], [112160.0, 600.0], [112177.5, 50410.0], [112197.5, 51460.0], [112305.0, 50000.0], [112337.5, 600.0], [112395.0, 74630.0], [112432.5, 72840.0], [112472.5, 48790.0]]}}}
{"jsonrpc": "2.0", "method": "subscription", "params": {"channel": "book.BTC-24OCT25.none.20.100ms", "data": {"timestamp": 1760146348733, "change_id": 121059018380, "instrument_name": "BTC-24OCT25", "bids": [[111585.0, 900.0], [111582.5, 3000.0], [111565.0, 5740.0], [111562.5, 19500.0], [111550.0, 650.0], [111547.5, 2190.0], [111542.5, 2240.0], [111540.0, 41200.0], [111520.0, 2190.0], [111325.0, 2200.0], [111312.5, 2260.0], [111220.0, 15950.0], [111212.5, 2190.0], [111135.0, 6310.0], [111130.0, 2270.0], [111115.0, 6090.0], [111110.0, 2270.0], [111085.0, 2300.0], [111060.0, 2190.0], [111027.5, 2280.0]], "asks": [[111600.0, 2190.0], [111620.0, 650.0], [111622.5, 2190.0], [111632.5, 650.0], [111635.0, 2190.0], [111645.0, 650.0], [111647.5, 2190.0], [111657.5, 650.0], [111660.0, 2190.0], [111670.0, 660.0], [111672.5, 2200.0], [111705.0, 670.0], [111707.5, 2260.0], [111717.5, 650.0], [111720.0, 2190.0], [111732.5, 2190.0], [111770.0, 18860.0], [112075.0, 50000.0], [112077.5, 19200.0], [112082.5, 2190.0]]}}}
{"jsonrpc": "2.0", "method": "subscription", "params": {"channel": "book.BTC-17OCT25.none.20.100ms", "data": {"timestamp": 1760146348795, "change_id": 121059018733, "instrument_name": "BTC-17OCT25", "bids": [[111537.5, 2910.0], [111527.5, 43620.0], [111520.0, 2910.0], [111507.5, 2910.0], [111495.0, 2910.0], [111485.0, 10000.0], [111457.5, 2910.0], [111230.0, 8370.0], [111217.5, 2880.0], [111205.0, 2910.0], [111182.5, 16090.0], [111180.0, 2910.0], [111132.5, 50000.0], [111092.5, 2890.0], [111082.5, 110.0], [111030.0, 2950.0], [111005.0, 2880.0], [110995.0, 50000.0], [110985.0, 24970.0], [110967.5, 2950.0]], "asks": [[111597.5, 10000.0], [111602.5, 620.0], [111605.0, 2090.0], [111727.5, 4940.0], [111730.0, 16550.0], [111805.0, 14930.0], [111807.5, 50000.0], [111890.0, 8370.0], [112010.0, 33490.0], [112015.0, 37190.0], [112032.5, 50000.0], [112080.0, 100000.0], [112150.0, 25040.0], [112160.0, 600.0], [112177.5, 50410.0], [112197.5, 51460.0], [112305.0, 50000.0], [112337.5, 600.0], [112395.0, 74630.0], [112432.5, 72840.0]]}}}
{"jsonrpc": "2.0", "method": "subscription", "params": {"channel": "book.BTC-17OCT25.none.20.100ms", "data": {"timestamp": 1760146349050, "change_id": 121059019400, "instrument_name": "BTC-17OCT25", "bids": [[111547.5, 2910.0], [111537.5, 56500.0], [111527.5, 43620.0], [111520.0, 2910.0], [111507.5, 2910.0], [111495.0, 2910.0], [111485.0, 10000.0], [111457.5, 2910.0], [111230.0, 8370.0], [111217.5, 2880.0], [111205.0, 2910.0], [111182.5, 16090.0], [111180.0, 2910.0], [111132.5, 50000.0], [111092.5, 2890.0], [111082.5, 110.0], [111030.0, 2950.0], [111005.0, 2880.0], [110995.0, 50000.0], [110985.0, 24970.0]], "asks": [[111597.5, 8800.0], [111605.0, 2090.0], [111727.5, 4940.0], [111730.0, 16550.0], [111872.5, 14930.0], [111875.0, 50000.0], [111890.0, 8370.0], [112010.0, 33490.0], [112015.0, 37190.0], [112032.5, 50000.0], [112080.0, 100000.0], [112150.0, 25040.0], [112160.0, 600.0], [112177.5, 50410.0], [112197.5, 51460.0], [112305.0, 50000.0], [112337.5, 600.0], [112395.0, 74630.0], [112432.5, 72840.0], [112472.5, 48790.0]]}}}
{"jsonrpc": "2.0", "method": "subscription", "params": {"channel": "book.BTC-24OCT25.none.20.100ms", "data": {"timestamp": 1760146349078, "change_id": 121059019474, "instrument_name": "BTC-24OCT25", "bids": [[111585.0, 900.0], [111582.5, 3000.0], [111565.0, 5740.0], [111562.5, 19500.0], [111560.0, 2890.0], [111557.5, 56510.0], [111550.0, 650.0], [111547.5, 2190.0], [111540.0, 41200.0], [111325.0, 2200.0], [111312.5, 2260.0], [111220.0, 15950.0], [111212.5, 2190.0], [111135.0, 6310.0], [111130.0, 2270.0], [111115.0, 6090.0], [111110.0, 2270.0], [111085.0, 2300.0], [111060.0, 2190.0], [111027.5, 2280.0]], "asks": [[111597.5, 2190.0], [111607.5, 650.0], [111610.0, 2190.0], [111620.0, 650.0], [111622.5, 2190.0], [111632.5, 650.0], [111635.0, 2190.0], [111645.0, 650.0], [111647.5, 2190.0], [111657.5, 650.0], [111660.0, 2190.0], [111670.0, 660.0], [111672.5, 2200.0], [111705.0, 670.0], [111707.5, 2260.0], [111732.5, 2190.0], [111770.0, 18860.0], [112075.0, 50000.0], [112077.5, 19200.0], [112082.5, 2190.0]]}}}
{"jsonrpc": "2.0", "method": "subscription", "params": {"channel": "book.BTC-24OCT25.none.20.100ms", "data": {"timestamp": 1760146349434, "change_id": 121059019894, "instrument_name": "BTC-24OCT25", "bids": [[111585.0, 900.0], [111582.5, 3000.0], [111565.0, 650.0], [111562.5, 2190.0], [111560.0, 7980.0], [111557.5, 56510.0], [111550.0, 650.0], [111547.5, 2190.0], [111540.0, 41200.0], [111325.0, 2200.0], [111312.5, 2260.0], [111220.0, 15950.0], [111212.5, 2190.0], [111135.0, 6310.0], [111130.0, 2270.0], [111115.0, 6090.0], [111110.0, 2270.0], [111085.0, 2300.0], [111060.0, 2190.0], [111027.5, 2280.0]], "asks": [[111597.5, 2190.0], [111607.5, 650.0], [111610.0, 2190.0], [111620.0, 650.0], [111622.5, 2190.0], [111632.5, 650.0], [111635.0, 2190.0], [111645.0, 650.0], [111647.5, 2190.0], [111657.5, 650.0], [111660.0, 2190.0], [111670.0, 660.0], [111672.5, 2200.0], [111705.0, 670.0], [111707.5, 2260.0], [111732.5, 2190.0], [111770.0, 18860.0], [112075.0, 50000.0], [112077.5, 19200.0], [112082.5, 2190.0]]}}}
{"jsonrpc": "2.0", "method": "subscription", "params": {"channel": "book.BTC-17OCT25.none.20.100ms", "data": {"timestamp": 1760146349464, "change_id": 121059020036, "instrument_name": "BTC-17OCT25", "bids": [[111547.5, 2910.0], [111537.5, 56500.0], [111527.5, 43620.0], [111520.0, 2910.0], [111507.5, 2910.0], [111495.0, 2910.0], [111475.0, 10000.0], [111457.5, 2910.0], [111230.0, 8370.0], [111217.5, 2880.0], [111205.0, 2910.0], [111182.5, 16090.0], [111180.0, 2910.0], [111132.5, 50000.0], [111092.5, 2890.0], [111082.5, 110.0], [111030.0, 2950.0], [111007.5, 33490.0], [111005.0, 2880.0], [110995.0, 50000.0]], "asks": [[111597.5, 8800.0], [111602.5, 620.0], [111605.0, 2090.0], [111727.5, 4940.0], [111730.0, 16550.0], [111872.5, 14930.0], [111875.0, 50000.0], [111890.0, 8370.0], [112010.0, 33490.0], [112015.0, 37190.0], [112032.5, 50000.0], [112080.0, 100000.0], [112150.0, 25040.0], [112160.0, 600.0], [112177.5, 50410.0], [112197.5, 51460.0], [112305.0, 50000.0], [112337.5, 600.0], [112395.0, 74630.0], [112432.5, 72840.0]]}}}
{"jsonrpc": "2.0", "method": "subscription", "params": {"channel": "book.BTC-24OCT25.none.20.100ms", "data": {"timestamp": 1760146349792, "change_id": 121059021046, "instrument_name": "BTC-24OCT25", "bids": [[111560.0, 9530.0], [111557.5, 56510.0], [111550.0, 650.0], [111547.5, 2190.0], [111540.0, 41200.0], [111535.0, 2190.0], [111327.5, 12400.0], [111325.0, 2200.0], [111312.5, 2260.0], [111220.0, 15950.0], [111212.5, 2190.0], [111130.0, 2270.0], [111122.5, 18340.0], [111110.0, 2270.0], [111100.0, 36540.0], [111085.0, 2300.0], [111060.0, 2190.0], [111027.5, 2280.0], [111005.0, 38210.0], [111002.5, 2220.0]], "asks": [[111577.5, 2190.0], [111580.0, 4480.0], [111582.5, 2190.0], [111607.5, 650.0], [111610.0, 2190.0], [111620.0, 650.0], [111622.5, 2190.0], [111632.5, 650.0], [111635.0, 2190.0], [111645.0, 650.0], [111647.5, 2190.0], [111657.5, 650.0], [111660.0, 2190.0], [111670.0, 660.0], [111672.5, 2200.0], [111705.0, 670.0], [111707.5, 2260.0], [111732.5, 2190.0], [111770.0, 18860.0], [111820.0, 2190.0]]}}}
{"jsonrpc": "2.0", "method": "subscription", "params": {"channel": "book.BTC-17OCT25.none.20.100ms", "data": {"timestamp": 1760146349794, "change_id": 121059021048, "instrument_name": "BTC-17OCT25", "bids": [[111545.0, 2910.0], [111537.5, 56500.0], [111527.5, 43620.0], [111507.5, 2910.0], [111495.0, 2910.0], [111475.0, 10000.0], [111457.5, 2910.0], [111232.5, 24970.0], [111230.0, 8370.0], [111217.5, 2880.0], [111205.0, 2910.0], [111182.5, 16090.0], [111180.0, 2910.0], [111132.5, 50000.0], [111115.0, 25020.0], [111107.5, 50300.0], [111092.5, 2890.0], [111082.5, 110.0], [111030.0, 2950.0], [111010.0, 49320.0]], "asks": [[111587.5, 2990.0], [111590.0, 10000.0], [111602.5, 620.0], [111605.0, 2090.0], [111727.5, 4940.0], [111730.0, 16550.0], [111827.5, 7470.0], [111830.0, 25040.0], [111857.5, 15050.0], [111860.0, 50410.0], [111867.5, 10160.0], [111870.0, 37190.0], [111872.5, 14930.0], [111875.0, 50000.0], [111890.0, 8370.0], [111957.5, 51460.0], [112007.5, 72840.0], [112010.0, 33490.0], [112032.5, 50000.0], [112080.0, 100000.0]]}}}
{"jsonrpc": "2.0", "method": "subscription", "params": {"channel": "book.BTC-17OCT25.none.20.100ms", "data": {"timestamp": 1760146350113, "change_id": 121059022288, "instrument_name": "BTC-17OCT25", "bids": [[111545.0, 2910.0], [111537.5, 56500.0], [111527.5, 43620.0], [111507.5, 2910.0], [111495.0, 2910.0], [111475.0, 10000.0], [111457.5, 2910.0], [111230.0, 8370.0], [111217.5, 2880.0], [111205.0, 2910.0], [111182.5, 16090.0], [111180.0, 2910.0], [111132.5, 50000.0], [111092.5, 2890.0], [111082.5, 110.0], [111030.0, 2950.0], [111007.5, 33490.0], [111005.0, 2880.0], [110995.0, 50000.0], [110967.5, 2950.0]], "asks": [[111605.0, 2090.0], [111727.5, 4940.0], [111730.0, 16550.0], [111867.5, 7350.0], [111870.0, 24630.0], [111872.5, 14930.0], [111875.0, 50000.0], [111887.5, 2500.0], [111890.0, 8370.0], [111925.0, 25040.0], [112010.0, 33490.0], [112032.5, 50000.0], [112080.0, 100000.0], [112145.0, 72840.0], [112157.5, 74630.0], [112160.0, 600.0], [112305.0, 50000.0], [112337.5, 600.0], [112472.5, 48790.0], [112570.0, 100000.0]]}}}
{"jsonrpc": "2.0", "method": "subscription", "params": {"channel": "book.BTC-24OCT25.none.20.100ms", "data": {"timestamp": 1760146350113, "change_id": 121059022286, "instrument_name": "BTC-24OCT25", "bids": [[111575.0, 5190.0], [111565.0, 650.0], [111562.5, 2190.0], [111560.0, 9530.0], [111557.5, 56510.0], [111550.0, 650.0], [111547.5, 9030.0], [111540.0, 41200.0], [111535.0, 2190.0], [111325.0, 2200.0], [111312.5, 2260.0], [111220.0, 15950.0], [111212.5, 2190.0], [111130.0, 2270.0], [111110.0, 2270.0], [111085.0, 2300.0], [111060.0, 2190.0], [111027.5, 2280.0], [111002.5, 2220.0], [110990.0, 2270.0]], "asks": [[111577.5, 600.0], [111580.0, 4480.0], [111610.0, 2190.0], [111620.0, 650.0], [111622.5, 2190.0], [111632.5, 650.0], [111635.0, 2190.0], [111645.0, 650.0], [111647.5, 2190.0], [111657.5, 650.0], [111660.0, 2190.0], [111670.0, 660.0], [111672.5, 2200.0], [111705.0, 670.0], [111707.5, 2260.0], [111730.0, 650.0], [111732.5, 2190.0], [111770.0, 18860.0], [111820.0, 2190.0], [111845.0, 2190.0]]}}}
{"jsonrpc": "2.0", "method": "subscription", "params": {"channel": "book.BTC-24OCT25.none.20.100ms", "data": {"timestamp": 1760146350135, "change_id": 121059022342, "instrument_name": "BTC-24OCT25", "bids": [[111575.0, 2190.0], [111567.5, 900.0], [111565.0, 3650.0], [111562.5, 2190.0], [111560.0, 9530.0], [111557.5, 56510.0], [111550.0, 650.0], [111547.5, 9030.0], [111540.0, 41200.0], [111535.0, 2190.0], [111325.0, 2200.0], [111312.5, 2260.0], [111220.0, 15950.0], [111212.5, 2190.0], [111130.0, 2270.0], [111110.0, 2270.0], [111085.0, 2300.0], [111060.0, 2190.0], [111027.5, 2280.0], [111002.5, 2220.0]], "asks": [[111577.5, 600.0], [111580.0, 4480.0], [111610.0, 2190.0], [111620.0, 650.0], [111622.5, 2190.0], [111632.5, 650.0], [111635.0, 2190.0], [111645.0, 650.0], [111647.5, 2190.0], [111657.5, 650.0], [111660.0, 2190.0], [111670.0, 660.0], [111672.5, 2200.0], [111705.0, 670.0], [111707.5, 2260.0], [111730.0, 650.0], [111732.5, 2190.0], [111770.0, 18860.0], [111820.0, 2190.0], [111845.0, 2190.0]]}}}
{"jsonrpc": "2.0", "method": "subscription", "params": {"channel": "book.BTC-17OCT25.none.20.100ms", "data": {"timestamp": 1760146350343, "change_id": 121059022574, "instrument_name": "BTC-17OCT25", "bids": [[111545.0, 2910.0], [111537.5, 56500.0], [111527.5, 43620.0], [111507.5, 2910.0], [111495.0, 2910.0], [111482.5, 10000.0], [111457.5, 2910.0], [111230.0, 8370.0], [111217.5, 2880.0], [111205.0, 2910.0], [111182.5, 16090.0], [111180.0, 2910.0], [111132.5, 50000.0], [111092.5, 2890.0], [111082.5, 110.0], [111030.0, 2950.0], [111007.5, 33490.0], [111005.0, 2880.0], [110995.0, 50000.0], [110967.5, 2950.0]], "asks": [[111592.5, 10000.0], [111605.0, 2090.0], [111727.5, 4940.0], [111730.0, 16550.0], [111872.5, 14930.0], [111875.0, 50000.0], [111887.5, 2500.0], [111890.0, 8370.0], [111925.0, 25040.0], [112007.5, 24630.0], [112010.0, 33490.0], [112032.5, 50000.0], [112080.0, 100000.0], [112145.0, 72840.0], [112157.5, 74630.0], [112160.0, 600.0], [112305.0, 50000.0], [112337.5, 600.0], [112472.5, 48790.0], [112570.0, 100000.0]]}}}
{"jsonrpc": "2.0", "method": "subscription", "params": {"channel": "book.BTC-24OCT25.none.20.100ms", "data": {"timestamp": 1760146350782, "change_id": 121059024775, "instrument_name": "BTC-24OCT25", "bids": [[111577.5, 9530.0], [111575.0, 43390.0], [111567.5, 900.0], [111565.0, 3650.0], [111562.5, 2190.0], [111560.0, 650.0], [111557.5, 56510.0], [111547.5, 2190.0], [111535.0, 2190.0], [111325.0, 2200.0], [111312.5, 2260.0], [111302.5, 16770.0], [111212.5, 2190.0], [111130.0, 2270.0], [111110.0, 2270.0], [111085.0, 2300.0], [111060.0, 2190.0], [111027.5, 2280.0], [111002.5, 2220.0], [110990.0, 2270.0]], "asks": [[111647.5, 2190.0], [111657.5, 650.0], [111660.0, 2190.0], [111670.0, 660.0], [111672.5, 2200.0], [111705.0, 670.0], [111707.5, 2260.0], [111730.0, 650.0], [111732.5, 2190.0], [111767.5, 5630.0], [111770.0, 18860.0], [111820.0, 2190.0], [111845.0, 2190.0], [111870.0, 2190.0], [111882.5, 2190.0], [112020.0, 2190.0], [112075.0, 50000.0], [112082.5, 2190.0], [112112.5, 600.0], [112142.5, 10.0]]}}}
{"jsonrpc": "2.0", "method": "subscription", "params": {"channel": "book.BTC-17OCT25.none.20.100ms", "data": {"timestamp": 1760146350787, "change_id": 121059024815, "instrument_name": "BTC-17OCT25", "bids": [[111577.5, 2860.0], [111567.5, 2400.0], [111560.0, 2400.0], [111557.5, 2400.0], [111550.0, 2400.0], [111547.5, 10000.0], [111545.0, 2910.0], [111537.5, 56500.0], [111507.5, 2910.0], [111495.0, 2910.0], [111482.5, 10000.0], [111457.5, 2910.0], [111262.5, 15960.0], [111217.5, 2880.0], [111205.0, 2910.0], [111180.0, 2910.0], [111132.5, 50000.0], [111092.5, 2890.0], [111082.5, 110.0], [111030.0, 2950.0]], "asks": [[111727.5, 4940.0], [111730.0, 16550.0], [111872.5, 14930.0], [111875.0, 50000.0], [111887.5, 2500.0], [112030.0, 25040.0], [112032.5, 50000.0], [112080.0, 100000.0], [112145.0, 72840.0], [112160.0, 600.0], [112195.0, 24630.0], [112305.0, 50000.0], [112337.5, 600.0], [112472.5, 48790.0], [112490.0, 74630.0], [112570.0, 100000.0], [112677.5, 600.0], [112792.5, 600.0], [112872.5, 50460.0], [112900.0, 5000.0]]}}}
{"jsonrpc": "2.0", "method": "subscription", "params": {"channel": "book.BTC-17OCT25.none.20.100ms", "data": {"timestamp": 1760146351116, "change_id": 121059026833, "instrument_name": "BTC-17OCT25", "bids": [[111587.5, 2860.0], [111570.0, 2400.0], [111560.0, 2400.0], [111550.0, 2400.0], [111545.0, 2910.0], [111537.5, 56500.0], [111512.5, 10000.0], [111507.5, 2910.0], [111495.0, 2910.0], [111457.5, 2910.0], [111262.5, 15960.0], [111217.5, 2880.0], [111205.0, 2910.0], [111180.0, 2910.0], [111132.5, 50000.0], [111092.5, 2890.0], [111082.5, 110.0], [111030.0, 2950.0], [111005.0, 2880.0], [110995.0, 50000.0]], "asks": [[111622.5, 10000.0], [111727.5, 4940.0], [111730.0, 16550.0], [111872.5, 14930.0], [111875.0, 50000.0], [112030.0, 25040.0], [112032.5, 50000.0], [112080.0, 100000.0], [112160.0, 600.0], [112195.0, 24630.0], [112305.0, 50000.0], [112337.5, 600.0], [112470.0, 72840.0], [112472.5, 48790.0], [112490.0, 74630.0], [112570.0, 100000.0], [112677.5, 600.0], [112792.5, 600.0], [112872.5, 50460.0], [112900.0, 5000.0]]}}}
{"jsonrpc": "2.0", "method": "subscription", "params": {"channel": "book.BTC-24OCT25.none.20.100ms", "data": {"timestamp": 1760146351117, "change_id": 121059026838, "instrument_name": "BTC-24OCT25", "bids": [[111577.5, 9530.0], [111575.0, 43390.0], [111567.5, 900.0], [111565.0, 3650.0], [111562.5, 2190.0], [111560.0, 650.0], [111557.5, 56510.0], [111547.5, 2190.0], [111535.0, 2190.0], [111325.0, 2200.0], [111312.5, 2260.0], [111302.5, 16770.0], [111212.5, 2190.0], [111130.0, 2270.0], [111110.0, 2270.0], [111085.0, 2300.0], [111060.0, 2190.0], [111027.5, 2280.0], [111002.5, 2220.0], [110990.0, 2270.0]], "asks": [[111642.5, 3210.0], [111657.5, 650.0], [111660.0, 2190.0], [111670.0, 660.0], [111672.5, 2200.0], [111705.0, 670.0], [111707.5, 2260.0], [111730.0, 650.0], [111732.5, 2190.0], [111767.5, 5630.0], [111770.0, 18860.0], [111820.0, 2190.0], [111845.0, 2190.0], [111870.0, 2190.0], [111882.5, 2190.0], [112020.0, 2190.0], [112075.0, 50000.0], [112082.5, 2190.0], [112112.5, 600.0], [112142.5, 10.0]]}}}
{"jsonrpc": "2.0", "method": "subscription", "params": {"channel": "book.BTC-24OCT25.none.20.100ms", "data": {"timestamp": 1760146351333, "change_id": 121059027292, "instrument_name": "BTC-24OCT25", "bids": [[111635.0, 2990.0], [111625.0, 680.0], [111622.5, 2280.0], [111577.5, 9530.0], [111575.0, 43390.0], [111565.0, 650.0], [111562.5, 2190.0], [111535.0, 2190.0], [111325.0, 2200.0], [111312.5, 2260.0], [111302.5, 16770.0], [111212.5, 2190.0], [111130.0, 2270.0], [111110.0, 2270.0], [111085.0, 2300.0], [111060.0, 2190.0], [111027.5, 2280.0], [111002.5, 2220.0], [110990.0, 2270.0], [110977.5, 2220.0]], "asks": [[111640.0, 2280.0], [111642.5, 3210.0], [111657.5, 650.0], [111660.0, 2190.0], [111670.0, 660.0], [111672.5, 2200.0], [111705.0, 670.0], [111707.5, 2260.0], [111730.0, 650.0], [111732.5, 2190.0], [111767.5, 5630.0], [111770.0, 18860.0], [111845.0, 2190.0], [111870.0, 2190.0], [111882.5, 2190.0], [112020.0, 2190.0], [112075.0, 50000.0], [112082.5, 2190.0], [112112.5, 600.0], [112142.5, 10.0]]}}}
{"jsonrpc": "2.0", "method": "subscription", "params": {"channel": "book.BTC-17OCT25.none.20.100ms", "data": {"timestamp": 1760146351411, "change_id": 121059027497, "instrument_name": "BTC-17OCT25", "bids": [[111545.0, 2910.0], [111520.0, 10000.0], [111507.5, 2910.0], [111495.0, 2910.0], [111457.5, 2910.0], [111262.5, 15960.0], [111217.5, 2880.0], [111205.0, 2910.0], [111197.5, 50000.0], [111180.0, 2910.0], [111092.5, 2890.0], [111082.5, 110.0], [111030.0, 2950.0], [111020.0, 24970.0], [111005.0, 2880.0], [110995.0, 50000.0], [110967.5, 2950.0], [110955.0, 2860.0], [110942.5, 2880.0], [110930.0, 2910.0]], "asks": [[111622.5, 10000.0], [111727.5, 4940.0], [111730.0, 16550.0], [111872.5, 14930.0], [111875.0, 50000.0], [112032.5, 50000.0], [112080.0, 100000.0], [112157.5, 25040.0], [112160.0, 600.0], [112185.0, 50410.0], [112195.0, 24630.0], [112242.5, 51460.0], [112305.0, 50000.0], [112337.5, 600.0], [112470.0, 72840.0], [112472.5, 48790.0], [112490.0, 74630.0], [112570.0, 100000.0], [112677.5, 600.0], [112792.5, 600.0]]}}}
{"jsonrpc": "2.0", "method": "subscription", "params": {"channel": "book.BTC-24OCT25.none.20.100ms", "data": {"timestamp": 1760146351778, "change_id": 121059028431, "instrument_name": "BTC-24OCT25", "bids": [[111625.0, 1360.0], [111622.5, 2280.0], [111577.5, 9530.0], [111575.0, 43390.0], [111565.0, 650.0], [111562.5, 2190.0], [111535.0, 2190.0], [111325.0, 2200.0], [111312.5, 2260.0], [111302.5, 16770.0], [111212.5, 2190.0], [111132.5, 6310.0], [111130.0, 2270.0], [111110.0, 2270.0], [111085.0, 2300.0], [111060.0, 2190.0], [111027.5, 2280.0], [111002.5, 2220.0], [110990.0, 2270.0], [110977.5, 2220.0]], "asks": [[111640.0, 2280.0], [111642.5, 3210.0], [111657.5, 650.0], [111660.0, 2190.0], [111670.0, 660.0], [111672.5, 2200.0], [111705.0, 670.0], [111707.5, 2260.0], [111730.0, 650.0], [111732.5, 2190.0], [111767.5, 5630.0], [111770.0, 18860.0], [111845.0, 2190.0], [111870.0, 2190.0], [111882.5, 2190.0], [112020.0, 2190.0], [112075.0, 50000.0], [112082.5, 2190.0], [112112.5, 600.0], [112142.5, 10.0]]}}}
{"jsonrpc": "2.0", "method": "subscription", "params": {"channel": "book.BTC-17OCT25.none.20.100ms", "data": {"timestamp": 1760146351767, "change_id": 121059028348, "instrument_name": "BTC-17OCT25", "bids": [[111580.0, 2860.0], [111560.0, 350.0], [111557.5, 2860.0], [111545.0, 2910.0], [111520.0, 10000.0], [111507.5, 2910.0], [111495.0, 2910.0], [111457.5, 2910.0], [111262.5, 15960.0], [111217.5, 2880.0], [111205.0, 2910.0], [111197.5, 50000.0], [111180.0, 2910.0], [111092.5, 2890.0], [111082.5, 110.0], [111030.0, 2950.0], [111020.0, 24970.0], [111005.0, 2880.0], [110995.0, 50000.0], [110967.5, 2950.0]], "asks": [[111615.0, 10000.0], [111727.5, 4940.0], [111730.0, 16550.0], [111872.5, 14930.0], [111875.0, 50000.0], [112032.5, 50000.0], [112080.0, 100000.0], [112157.5, 25040.0], [112160.0, 600.0], [112185.0, 50410.0], [112195.0, 24630.0], [112242.5, 51460.0], [112305.0, 50000.0], [112337.5, 600.0], [112470.0, 72840.0], [112472.5, 48790.0], [112490.0, 74630.0], [112570.0, 100000.0], [112677.5, 600.0], [112792.5, 600.0]]}}}
{"jsonrpc": "2.0", "method": "subscription", "params": {"channel": "book.BTC-24OCT25.none.20.100ms", "data": {"timestamp": 1760146352074, "change_id": 121059029248, "instrument_name": "BTC-24OCT25", "bids": [[111627.5, 3000.0], [111615.0, 680.0], [111612.5, 2280.0], [111595.0, 8850.0], [111592.5, 72110.0], [111587.5, 2280.0], [111575.0, 43390.0], [111565.0, 650.0], [111562.5, 2190.0], [111535.0, 2190.0], [111325.0, 2200.0], [111312.5, 2260.0], [111302.5, 16770.0], [111212.5, 2190.0], [111132.5, 6310.0], [111130.0, 2270.0], [111110.0, 2270.0], [111085.0, 2300.0], [111060.0, 2190.0], [111027.5, 2280.0]], "asks": [[111640.0, 2280.0], [111642.5, 3210.0], [111657.5, 650.0], [111660.0, 2190.0], [111670.0, 660.0], [111672.5, 2200.0], [111705.0, 670.0], [111707.5, 2260.0], [111730.0, 650.0], [111732.5, 2190.0], [111767.5, 5630.0], [111770.0, 18860.0], [111845.0, 2190.0], [111870.0, 2190.0], [111882.5, 2190.0], [112020.0, 2190.0], [112075.0, 50000.0], [112082.5, 2190.0], [112112.5, 600.0], [112142.5, 10.0]]}}}
{"jsonrpc": "2.0", "method": "subscription", "params": {"channel": "book.BTC-17OCT25.none.20.100ms", "data": {"timestamp": 1760146352031, "change_id": 121059029096, "instrument_name": "BTC-17OCT25", "bids": [[111612.5, 2860.0], [111582.5, 2400.0], [111580.0, 2860.0], [111567.5, 90890.0], [111545.0, 2910.0], [111527.5, 10000.0], [111507.5, 2910.0], [111495.0, 2910.0], [111457.5, 2910.0], [111262.5, 15960.0], [111217.5, 2880.0], [111205.0, 2910.0], [111197.5, 50000.0], [111180.0, 2910.0], [111092.5, 2890.0], [111082.5, 110.0], [111030.0, 2950.0], [111020.0, 24970.0], [111005.0, 2880.0], [110995.0, 50000.0]], "asks": [[111647.5, 10000.0], [111727.5, 4940.0], [111730.0, 16550.0], [111872.5, 14930.0], [111875.0, 50000.0], [112080.0, 100000.0], [112145.0, 50000.0], [112157.5, 25040.0], [112160.0, 600.0], [112185.0, 50410.0], [112195.0, 24630.0], [112242.5, 51460.0], [112305.0, 50000.0], [112337.5, 600.0], [112470.0, 72840.0], [112472.5, 48790.0], [112490.0, 74630.0], [112570.0, 100000.0], [112677.5, 600.0], [112792.5, 600.0]]}}}
{"jsonrpc": "2.0", "method": "subscription", "params": {"channel": "book.BTC-24OCT25.none.20.100ms", "data": {"timestamp": 1760146352304, "change_id": 121059029618, "instrument_name": "BTC-24OCT25", "bids": [[111595.0, 9530.0], [111592.5, 72110.0], [111587.5, 2280.0], [111575.0, 43390.0], [111565.0, 650.0], [111562.5, 2190.0], [111535.0, 2190.0], [111325.0, 2200.0], [111312.5, 2260.0], [111302.5, 16770.0], [111212.5, 2190.0], [111132.5, 6310.0], [111130.0, 2270.0], [111110.0, 2270.0], [111085.0, 2300.0], [111060.0, 2190.0], [111027.5, 2280.0], [111002.5, 2220.0], [110990.0, 2270.0], [110977.5, 2220.0]], "asks": [[111622.5, 2280.0], [111627.5, 680.0], [111630.0, 2280.0], [111640.0, 960.0], [111642.5, 3210.0], [111657.5, 650.0], [111660.0, 2190.0], [111670.0, 660.0], [111672.5, 2200.0], [111705.0, 670.0], [111707.5, 2260.0], [111730.0, 650.0], [111732.5, 2190.0], [111767.5, 5630.0], [111770.0, 18860.0], [111845.0, 2190.0], [111870.0, 2190.0], [111882.5, 2190.0], [112020.0, 2190.0], [112075.0, 50000.0]]}}}
{"jsonrpc": "2.0", "method": "subscription", "params": {"channel": "book.BTC-17OCT25.none.20.100ms", "data": {"timestamp": 1760146352290, "change_id": 121059029572, "instrument_name": "BTC-17OCT25", "bids": [[111592.5, 2860.0], [111582.5, 2400.0], [111580.0, 2860.0], [111567.5, 90890.0], [111545.0, 2910.0], [111507.5, 2910.0], [111495.0, 2910.0], [111457.5, 2910.0], [111262.5, 15960.0], [111217.5, 2880.0], [111205.0, 2910.0], [111197.5, 50000.0], [111180.0, 2910.0], [111092.5, 2890.0], [111082.5, 110.0], [111030.0, 2950.0], [111020.0, 24970.0], [111005.0, 2880.0], [110995.0, 50000.0], [110967.5, 2950.0]], "asks": [[111637.5, 2990.0], [111640.0, 13970.0], [111727.5, 4940.0], [111730.0, 16550.0], [111872.5, 14930.0], [111875.0, 50000.0], [112080.0, 100000.0], [112145.0, 50000.0], [112157.5, 25040.0], [112160.0, 600.0], [112185.0, 50410.0], [112195.0, 24630.0], [112242.5, 51460.0], [112305.0, 50000.0], [112337.5, 600.0], [112470.0, 72840.0], [112472.5, 48790.0], [112490.0, 74630.0], [112570.0, 100000.0], [112677.5, 600.0]]}}}
{"jsonrpc": "2.0", "method": "subscription", "params": {"channel": "book.BTC-17OCT25.none.20.100ms", "data": {"timestamp": 1760146352769, "change_id": 121059031105, "instrument_name": "BTC-17OCT25", "bids": [[111585.0, 2860.0], [111582.5, 2400.0], [111567.5, 90890.0], [111545.0, 2910.0], [111507.5, 2910.0], [111505.0, 10000.0], [111495.0, 2910.0], [111457.5, 2910.0], [111262.5, 15960.0], [111217.5, 2880.0], [111205.0, 2910.0], [111197.5, 50000.0], [111180.0, 2910.0], [111092.5, 2890.0], [111082.5, 110.0], [111030.0, 2950.0], [111005.0, 2880.0], [110995.0, 50000.0], [110967.5, 2950.0], [110955.0, 2860.0]], "asks": [[111622.5, 2990.0], [111625.0, 10000.0], [111637.5, 1190.0], [111640.0, 3970.0], [111727.5, 4940.0], [111730.0, 16550.0], [111867.5, 4590.0], [111870.0, 8370.0], [111872.5, 14930.0], [111875.0, 50000.0], [112080.0, 100000.0], [112145.0, 50000.0], [112157.5, 25040.0], [112160.0, 600.0], [112185.0, 50410.0], [112195.0, 24630.0], [112205.0, 12560.0], [112242.5, 51460.0], [112305.0, 50000.0], [112337.5, 600.0]]}}}
{"jsonrpc": "2.0", "method": "subscription", "params": {"channel": "book.BTC-24OCT25.none.20.100ms", "data": {"timestamp": 1760146352770, "change_id": 121059031108, "instrument_name": "BTC-24OCT25", "bids": [[111620.0, 3000.0], [111607.5, 2280.0], [111595.0, 9530.0], [111592.5, 72110.0], [111587.5, 2280.0], [111575.0, 43390.0], [111565.0, 650.0], [111562.5, 2190.0], [111535.0, 2190.0], [111325.0, 2200.0], [111312.5, 2260.0], [111302.5, 16770.0], [111212.5, 2190.0], [111132.5, 6310.0], [111130.0, 2270.0], [111110.0, 2270.0], [111085.0, 2300.0], [111060.0, 2190.0], [111027.5, 2280.0], [111002.5, 2220.0]], "asks": [[111622.5, 2280.0], [111657.5, 650.0], [111660.0, 2790.0], [111662.5, 2000.0], [111670.0, 660.0], [111672.5, 2200.0], [111705.0, 670.0], [111707.5, 2260.0], [111730.0, 650.0], [111732.5, 2190.0], [111767.5, 5630.0], [111770.0, 18860.0], [111845.0, 2190.0], [111870.0, 2190.0], [111882.5, 2190.0], [112020.0, 2190.0], [112075.0, 50000.0], [112082.5, 2190.0], [112112.5, 600.0], [112142.5, 10.0]]}}}
{"jsonrpc": "2.0", "method": "subscription", "params": {"channel": "book.BTC-24OCT25.none.20.100ms", "data": {"timestamp": 1760146353036, "change_id": 121059032087, "instrument_name": "BTC-24OCT25", "bids": [[111610.0, 3000.0], [111597.5, 680.0], [111595.0, 2280.0], [111577.5, 8850.0], [111575.0, 43390.0], [111565.0, 650.0], [111562.5, 2190.0], [111535.0, 2190.0], [111325.0, 2200.0], [111312.5, 2260.0], [111302.5, 16770.0], [111212.5, 2190.0], [111135.0, 12400.0], [111130.0, 2270.0], [111110.0, 2270.0], [111085.0, 2300.0], [111060.0, 2190.0], [111027.5, 2280.0], [111002.5, 2220.0], [110990.0, 2270.0]], "asks": [[111612.5, 2280.0], [111657.5, 650.0], [111660.0, 2790.0], [111662.5, 2000.0], [111670.0, 660.0], [111672.5, 2200.0], [111705.0, 670.0], [111707.5, 2260.0], [111730.0, 650.0], [111732.5, 2190.0], [111767.5, 5630.0], [111770.0, 18860.0], [111845.0, 2190.0], [111870.0, 2190.0], [111882.5, 2190.0], [112020.0, 2190.0], [112075.0, 50000.0], [112082.5, 2190.0], [112112.5, 600.0], [112142.5, 10.0]]}}}
{"jsonrpc": "2.0", "method": "subscription", "params": {"channel": "book.BTC-17OCT25.none.20.100ms", "data": {"timestamp": 1760146353074, "change_id": 121059032271, "instrument_name": "BTC-17OCT25", "bids": [[111582.5, 2400.0], [111545.0, 2910.0], [111507.5, 2910.0], [111500.0, 10000.0], [111495.0, 2910.0], [111457.5, 2910.0], [111262.5, 15960.0], [111217.5, 2880.0], [111205.0, 2910.0], [111197.5, 50000.0], [111180.0, 2910.0], [111092.5, 2890.0], [111082.5, 110.0], [111030.0, 2950.0], [111007.5, 24970.0], [111005.0, 2880.0], [110995.0, 50000.0], [110967.5, 2950.0], [110955.0, 2860.0], [110942.5, 2880.0]], "asks": [[111617.5, 10000.0], [111637.5, 1190.0], [111640.0, 3970.0], [111727.5, 4940.0], [111730.0, 16550.0], [111867.5, 4590.0], [111870.0, 8370.0], [111872.5, 14930.0], [111875.0, 50000.0], [112080.0, 100000.0], [112145.0, 50000.0], [112157.5, 25040.0], [112160.0, 600.0], [112185.0, 50410.0], [112195.0, 24630.0], [112205.0, 12560.0], [112242.5, 51460.0], [112305.0, 50000.0], [112337.5, 600.0], [112470.0, 72840.0]]}}}
{"jsonrpc": "2.0", "method": "subscription", "params": {"channel": "book.BTC-17OCT25.none.20.100ms", "data": {"timestamp": 1760146353425, "change_id": 121059033250, "instrument_name": "BTC-17OCT25", "bids": [[111592.5, 2860.0], [111545.0, 2910.0], [111507.5, 2910.0], [111495.0, 2910.0], [111457.5, 2910.0], [111262.5, 15960.0], [111217.5, 2880.0], [111205.0, 2910.0], [111197.5, 50000.0], [111180.0, 2910.0], [111092.5, 2890.0], [111082.5, 110.0], [111030.0, 2950.0], [111005.0, 2880.0], [110997.5, 24970.0], [110995.0, 50000.0], [110967.5, 2950.0], [110955.0, 2860.0], [110942.5, 2880.0], [110930.0, 2910.0]], "asks": [[111617.5, 10000.0], [111637.5, 1190.0], [111640.0, 3970.0], [111727.5, 4940.0], [111730.0, 16550.0], [111867.5, 4590.0], [111870.0, 8370.0], [111872.5, 14930.0], [111875.0, 50000.0], [112080.0, 100000.0], [112145.0, 50000.0], [112157.5, 25040.0], [112160.0, 600.0], [112185.0, 50410.0], [112195.0, 24630.0], [112205.0, 12560.0], [112242.5, 51460.0], [112305.0, 50000.0], [112337.5, 600.0], [112470.0, 72840.0]]}}}
{"jsonrpc": "2.0", "method": "subscription", "params": {"channel": "book.BTC-24OCT25.none.20.100ms", "data": {"timestamp": 1760146353393, "change_id": 121059033174, "instrument_name": "BTC-24OCT25", "bids": [[111615.0, 1360.0], [111612.5, 2280.0], [111610.0, 2280.0], [111577.5, 8850.0], [111575.0, 43390.0], [111565.0, 650.0], [111562.5, 2190.0], [111535.0, 2190.0], [111325.0, 2200.0], [111312.5, 2260.0], [111302.5, 16770.0], [111212.5, 2190.0], [111130.0, 2270.0], [111117.5, 6090.0], [111110.0, 2270.0], [111085.0, 2300.0], [111060.0, 2190.0], [111027.5, 2280.0], [111002.5, 2220.0], [110990.0, 2270.0]], "asks": [[111627.5, 2280.0], [111645.0, 680.0], [111647.5, 2280.0], [111657.5, 650.0], [111660.0, 2790.0], [111662.5, 2000.0], [111670.0, 660.0], [111672.5, 2200.0], [111705.0, 670.0], [111707.5, 2260.0], [111730.0, 650.0], [111732.5, 2190.0], [111767.5, 5630.0], [111770.0, 18860.0], [111845.0, 2190.0], [111870.0, 2190.0], [111882.5, 2190.0], [112020.0, 2190.0], [112075.0, 50000.0], [112082.5, 2190.0]]}}}
{"jsonrpc": "2.0", "method": "subscription", "params": {"channel": "book.BTC-24OCT25.none.20.100ms", "data": {"timestamp": 1760146353759, "change_id": 121059034230, "instrument_name": "BTC-24OCT25", "bids": [[111577.5, 8850.0], [111575.0, 43390.0], [111565.0, 650.0], [111562.5, 2190.0], [111535.0, 2190.0], [111325.0, 2200.0], [111312.5, 2260.0], [111302.5, 16770.0], [111212.5, 2190.0], [111135.0, 12400.0], [111130.0, 2270.0], [111110.0, 2270.0], [111085.0, 2300.0], [111060.0, 2190.0], [111027.5, 2280.0], [111002.5, 2220.0], [110990.0, 2270.0], [110977.5, 2220.0], [110965.0, 2290.0], [110952.5, 2220.0]], "asks": [[111635.0, 2280.0], [111645.0, 680.0], [111647.5, 2280.0], [111657.5, 650.0], [111660.0, 2790.0], [111662.5, 2000.0], [111670.0, 660.0], [111672.5, 2200.0], [111705.0, 670.0], [111707.5, 2260.0], [111730.0, 650.0], [111732.5, 2190.0], [111767.5, 5630.0], [111770.0, 18860.0], [111845.0, 2190.0], [111870.0, 2190.0], [111882.5, 2190.0], [112020.0, 2190.0], [112075.0, 50000.0], [112082.5, 2190.0]]}}}
{"jsonrpc": "2.0", "method": "subscription", "params": {"channel": "book.BTC-17OCT25.none.20.100ms", "data": {"timestamp": 1760146353740, "change_id": 121059034025, "instrument_name": "BTC-17OCT25", "bids": [[111557.5, 2860.0], [111510.0, 350.0], [111507.5, 2910.0], [111505.0, 10000.0], [111495.0, 2910.0], [111457.5, 2910.0], [111262.5, 15960.0], [111227.5, 8370.0], [111217.5, 2880.0], [111205.0, 2910.0], [111197.5, 50000.0], [111180.0, 2910.0], [111092.5, 2890.0], [111082.5, 110.0], [111030.0, 2950.0], [111005.0, 2880.0], [110995.0, 50000.0], [110967.5, 2950.0], [110955.0, 2860.0], [110942.5, 2880.0]], "asks": [[111640.0, 3970.0], [111655.0, 620.0], [111657.5, 2090.0], [111727.5, 4940.0], [111730.0, 16550.0], [111867.5, 2500.0], [111870.0, 8370.0], [111872.5, 14930.0], [111875.0, 50000.0], [112080.0, 100000.0], [112145.0, 50000.0], [112157.5, 25040.0], [112160.0, 600.0], [112185.0, 50410.0], [112195.0, 24630.0], [112205.0, 12560.0], [112242.5, 51460.0], [112305.0, 50000.0], [112337.5, 600.0], [112470.0, 72840.0]]}}}
