{"jsonrpc": "2.0", "id": 1, "result": ["book.BTC-5DEC25.none.20.100ms"], "usIn": 1764208547121874, "usOut": 1764208547122010, "usDiff": 136, "testnet": false}
{"jsonrpc": "2.0", "method": "subscription", "params": {"channel": "book.BTC-5DEC25.none.20.100ms", "data": {"timestamp": 1764208547087, "change_id": 129287059743, "instrument_name": "BTC-5DEC25", "bids": [[90817.5, 5000.0], [90815.0, 7330.0], [90805.0, 660.0], [90802.5, 2170.0], [90800.0, 10.0], [90795.0, 10840.0], [90792.5, 72620.0], [90782.5, 2190.0], [90780.0, 7330.0], [90742.5, 300.0], [90740.0, 1000.0], [90732.5, 13880.0], [90730.0, 46510.0], [90722.5, 4970.0], [90720.0, 16660.0], [90702.5, 300.0], [90700.0, 1000.0], [90692.5, 1870.0], [90690.0, 6260.0], [90682.5, 1020.0]], "asks": [[90820.0, 1000.0], [90822.5, 2190.0], [90825.0, 7330.0], [90830.0, 630.0], [90832.5, 2100.0], [90835.0, 930.0], [90837.5, 2100.0], [90840.0, 1000.0], [90842.5, 10.0], [90847.5, 1490.0], [90850.0, 5000.0], [90852.5, 10.0], [90857.5, 300.0], [90860.0, 1010.0], [90862.5, 2190.0], [90865.0, 7330.0], [90870.0, 29880.0], [90872.5, 50100.0], [90875.0, 51690.0], [90877.5, 4630.0]]}}}
{"jsonrpc": "2.0", "method": "subscription", "params": {"channel": "book.BTC-5DEC25.none.20.100ms", "data": {"timestamp": 1764208547312, "change_id": 129287060070, "instrument_name": "BTC-5DEC25", "bids": [[90817.5, 5000.0], [90815.0, 7330.0], [90805.0, 660.0], [90802.5, 2170.0], [90800.0, 10.0], [90795.0, 10840.0], [90792.5, 36310.0], [90782.5, 2190.0], [90780.0, 7330.0], [90742.5, 300.0], [90740.0, 1000.0], [90732.5, 13880.0], [90730.0, 46510.0], [90722.5, 4970.0], [90720.0, 16660.0], [90702.5, 300.0], [90700.0, 1000.0], [90692.5, 1870.0], [90690.0, 6260.0], [90682.5, 1020.0]], "asks": [[90820.0, 1000.0], [90822.5, 2190.0], [90825.0, 7330.0], [90830.0, 630.0], [90832.5, 2100.0], [90835.0, 930.0], [90837.5, 2100.0], [90840.0, 1000.0], [90842.5, 10.0], [90847.5, 1490.0], [90850.0, 5000.0], [90852.5, 10.0], [90857.5, 300.0], [90860.0, 1010.0], [90862.5, 2190.0], [90865.0, 7330.0], [90870.0, 29880.0], [90872.5, 50100.0], [90875.0, 51690.0], [90877.5, 4630.0]]}}}
{"jsonrpc": "2.0", "method": "subscription", "params": {"channel": "book.BTC-5DEC25.none.20.100ms", "data": {"timestamp": 1764208547672, "change_id": 129287060629, "instrument_name": "BTC-5DEC25", "bids": [[90817.5, 5000.0], [90815.0, 7330.0], [90805.0, 660.0], [90802.5, 2170.0], [90800.0, 10.0], [90792.5, 36310.0], [90782.5, 2190.0], [90780.0, 7330.0], [90742.5, 300.0], [90740.0, 1000.0], [90732.5, 13880.0], [90730.0, 46510.0], [90722.5, 4970.0], [90720.0, 16660.0], [90702.5, 300.0], [90700.0, 1000.0], [90692.5, 1870.0], [90690.0, 6260.0], [90682.5, 1020.0], [90680.0, 3430.0]], "asks": [[90820.0, 1000.0], [90822.5, 2190.0], [90825.0, 7330.0], [90830.0, 630.0], [90832.5, 2100.0], [90835.0, 930.0], [90837.5, 2100.0], [90840.0, 1000.0], [90842.5, 10.0], [90847.5, 1490.0], [90850.0, 5000.0], [90852.5, 10.0], [90857.5, 300.0], [90860.0, 1010.0], [90862.5, 2190.0], [90865.0, 7330.0], [90870.0, 29880.0], [90872.5, 50100.0], [90875.0, 51690.0], [90877.5, 4630.0]]}}}
{"jsonrpc": "2.0", "method": "subscription", "params": {"channel": "book.BTC-5DEC25.none.20.100ms", "data": {"timestamp": 1764208548074, "change_id": 129287061063, "instrument_name": "BTC-5DEC25", "bids": [[90817.5, 5000.0], [90815.0, 7330.0], [90805.0, 660.0], [90802.5, 2180.0], [90792.5, 72620.0], [90782.5, 2190.0], [90780.0, 7330.0], [90742.5, 300.0], [90740.0, 1000.0], [90732.5, 13880.0], [90730.0, 46510.0], [90722.5, 4970.0], [90720.0, 16660.0], [90702.5, 300.0], [90700.0, 1000.0], [90692.5, 1870.0], [90690.0, 6260.0], [90682.5, 1020.0], [90680.0, 3430.0], [90662.5, 300.0]], "asks": [[90820.0, 1000.0], [90822.5, 2190.0], [90825.0, 7330.0], [90830.0, 630.0], [90832.5, 2100.0], [90835.0, 930.0], [90837.5, 2100.0], [90840.0, 1000.0], [90842.5, 10.0], [90847.5, 1490.0], [90850.0, 5000.0], [90852.5, 10.0], [90857.5, 300.0], [90860.0, 1010.0], [90862.5, 2190.0], [90865.0, 7330.0], [90870.0, 29880.0], [90872.5, 50100.0], [90875.0, 51690.0], [90877.5, 4630.0]]}}}
{"jsonrpc": "2.0", "method": "subscription", "params": {"channel": "book.BTC-5DEC25.none.20.100ms", "data": {"timestamp": 1764208548135, "change_id": 129287061212, "instrument_name": "BTC-5DEC25", "bids": [[90817.5, 5000.0], [90815.0, 7330.0], [90805.0, 10.0], [90802.5, 80.0], [90800.0, 630.0], [90797.5, 2100.0], [90795.0, 21680.0], [90792.5, 72620.0], [90782.5, 2190.0], [90780.0, 7330.0], [90742.5, 300.0], [90740.0, 1000.0], [90732.5, 13880.0], [90730.0, 46510.0], [90722.5, 4970.0], [90720.0, 16660.0], [90702.5, 300.0], [90700.0, 1000.0], [90692.5, 1870.0], [90690.0, 6260.0]], "asks": [[90820.0, 1000.0], [90822.5, 2190.0], [90825.0, 7330.0], [90830.0, 630.0], [90832.5, 2100.0], [90835.0, 930.0], [90837.5, 2100.0], [90840.0, 1000.0], [90842.5, 10.0], [90847.5, 1490.0], [90850.0, 5000.0], [90852.5, 10.0], [90857.5, 300.0], [90860.0, 1010.0], [90862.5, 2190.0], [90865.0, 7330.0], [90870.0, 29880.0], [90872.5, 50100.0], [90875.0, 51690.0], [90877.5, 4630.0]]}}}
{"jsonrpc": "2.0", "method": "subscription", "params": {"channel": "book.BTC-5DEC25.none.20.100ms", "data": {"timestamp": 1764208548759, "change_id": 129287061993, "instrument_name": "BTC-5DEC25", "bids": [[90817.5, 5000.0], [90815.0, 7330.0], [90805.0, 10.0], [90802.5, 2180.0], [90800.0, 630.0], [90797.5, 2100.0], [90795.0, 21680.0], [90792.5, 72620.0], [90782.5, 2190.0], [90780.0, 7330.0], [90742.5, 300.0], [90740.0, 1000.0], [90732.5, 13880.0], [90730.0, 46510.0], [90722.5, 4970.0], [90720.0, 16660.0], [90702.5, 300.0], [90700.0, 1000.0], [90692.5, 1870.0], [90690.0, 6260.0]], "asks": [[90820.0, 1000.0], [90822.5, 2190.0], [90825.0, 7330.0], [90830.0, 630.0], [90832.5, 2100.0], [90835.0, 930.0], [90837.5, 2100.0], [90840.0, 1000.0], [90842.5, 10.0], [90847.5, 1490.0], [90850.0, 5000.0], [90852.5, 10.0], [90857.5, 300.0], [90860.0, 1010.0], [90862.5, 2190.0], [90865.0, 7330.0], [90870.0, 29880.0], [90872.5, 50100.0], [90875.0, 51690.0], [90877.5, 4630.0]]}}}
{"jsonrpc": "2.0", "method": "subscription", "params": {"channel": "book.BTC-5DEC25.none.20.100ms", "data": {"timestamp": 1764208549002, "change_id": 129287062257, "instrument_name": "BTC-5DEC25", "bids": [[90817.5, 5000.0], [90815.0, 7330.0], [90805.0, 660.0], [90802.5, 2170.0], [90800.0, 630.0], [90797.5, 2100.0], [90795.0, 21680.0], [90792.5, 72620.0], [90782.5, 2190.0], [90780.0, 7330.0], [90742.5, 300.0], [90740.0, 1000.0], [90732.5, 13880.0], [90730.0, 46510.0], [90722.5, 4970.0], [90720.0, 16660.0], [90702.5, 300.0], [90700.0, 1000.0], [90692.5, 1870.0], [90690.0, 6260.0]], "asks": [[90820.0, 1000.0], [90822.5, 2190.0], [90825.0, 7330.0], [90830.0, 630.0], [90832.5, 2100.0], [90835.0, 930.0], [90837.5, 2100.0], [90840.0, 1000.0], [90842.5, 10.0], [90847.5, 1490.0], [90850.0, 5000.0], [90852.5, 10.0], [90857.5, 300.0], [90860.0, 1010.0], [90862.5, 2190.0], [90865.0, 7330.0], [90870.0, 29880.0], [90872.5, 50100.0], [90875.0, 51690.0], [90877.5, 4630.0]]}}}
{"jsonrpc": "2.0", "method": "subscription", "params": {"channel": "book.BTC-5DEC25.none.20.100ms", "data": {"timestamp": 1764208549213, "change_id": 129287062427, "instrument_name": "BTC-5DEC25", "bids": [[90817.5, 5000.0], [90815.0, 7330.0], [90805.0, 660.0], [90802.5, 2170.0], [90800.0, 630.0], [90797.5, 2100.0], [90795.0, 21680.0], [90792.5, 72620.0], [90782.5, 2190.0], [90780.0, 7330.0], [90742.5, 300.0], [90740.0, 1000.0], [90732.5, 13880.0], [90730.0, 46510.0], [90722.5, 4970.0], [90720.0, 16660.0], [90702.5, 300.0], [90700.0, 1000.0], [90692.5, 1870.0], [90690.0, 6260.0]], "asks": [[90820.0, 1000.0], [90822.5, 2190.0], [90825.0, 7330.0], [90830.0, 630.0], [90832.5, 2100.0], [90835.0, 930.0], [90837.5, 2100.0], [90840.0, 1000.0], [90842.5, 10.0], [90847.5, 1490.0], [90850.0, 5000.0], [90852.5, 10.0], [90857.5, 300.0], [90860.0, 1010.0], [90862.5, 2190.0], [90865.0, 7330.0], [90870.0, 29880.0], [90872.5, 50100.0], [90875.0, 51690.0], [90877.5, 4630.0]]}}}
{"jsonrpc": "2.0", "method": "subscription", "params": {"channel": "book.BTC-5DEC25.none.20.100ms", "data": {"timestamp": 1764208550113, "change_id": 129287063385, "instrument_name": "BTC-5DEC25", "bids": [[90817.5, 5000.0], [90815.0, 7330.0], [90807.5, 630.0], [90805.0, 2760.0], [90802.5, 2170.0], [90800.0, 630.0], [90797.5, 2100.0], [90795.0, 21680.0], [90792.5, 72620.0], [90782.5, 2190.0], [90780.0, 7330.0], [90742.5, 300.0], [90740.0, 1000.0], [90732.5, 13880.0], [90730.0, 46510.0], [90722.5, 4970.0], [90720.0, 16660.0], [90702.5, 300.0], [90700.0, 1000.0], [90692.5, 1870.0]], "asks": [[90820.0, 1000.0], [90822.5, 2190.0], [90825.0, 7330.0], [90830.0, 630.0], [90832.5, 2100.0], [90835.0, 930.0], [90837.5, 2100.0], [90840.0, 1000.0], [90842.5, 10.0], [90847.5, 1490.0], [90850.0, 5000.0], [90852.5, 10.0], [90857.5, 300.0], [90860.0, 1010.0], [90862.5, 2190.0], [90865.0, 7330.0], [90870.0, 29880.0], [90872.5, 50100.0], [90875.0, 51690.0], [90877.5, 4630.0]]}}}
{"jsonrpc": "2.0", "method": "subscription", "params": {"channel": "book.BTC-5DEC25.none.20.100ms", "data": {"timestamp": 1764208550952, "change_id": 129287064392, "instrument_name": "BTC-5DEC25", "bids": [[90817.5, 5000.0], [90815.0, 7330.0], [90807.5, 630.0], [90805.0, 2760.0], [90802.5, 2170.0], [90800.0, 630.0], [90797.5, 2100.0], [90795.0, 21680.0], [90792.5, 72620.0], [90782.5, 2190.0], [90780.0, 7330.0], [90742.5, 300.0], [90740.0, 1000.0], [90732.5, 13880.0], [90730.0, 46510.0], [90722.5, 4970.0], [90720.0, 16660.0], [90702.5, 300.0], [90700.0, 1000.0], [90692.5, 1870.0]], "asks": [[90820.0, 1000.0], [90822.5, 2190.0], [90825.0, 7330.0], [90830.0, 630.0], [90832.5, 2100.0], [90835.0, 930.0], [90837.5, 2100.0], [90840.0, 1000.0], [90842.5, 10.0], [90847.5, 1490.0], [90850.0, 5000.0], [90852.5, 10.0], [90857.5, 300.0], [90860.0, 1010.0], [90862.5, 2190.0], [90865.0, 7330.0], [90870.0, 29880.0], [90872.5, 50100.0], [90875.0, 51690.0], [90877.5, 4630.0]]}}}
{"jsonrpc": "2.0", "method": "subscription", "params": {"channel": "book.BTC-5DEC25.none.20.100ms", "data": {"timestamp": 1764208551716, "change_id": 129287065320, "instrument_name": "BTC-5DEC25", "bids": [[90817.5, 12330.0], [90807.5, 630.0], [90805.0, 2760.0], [90802.5, 2170.0], [90800.0, 630.0], [90797.5, 2100.0], [90795.0, 21680.0], [90792.5, 72620.0], [90782.5, 2190.0], [90780.0, 7330.0], [90742.5, 300.0], [90740.0, 1000.0], [90732.5, 13880.0], [90730.0, 46510.0], [90722.5, 4970.0], [90720.0, 16660.0], [90702.5, 300.0], [90700.0, 1000.0], [90692.5, 1870.0], [90690.0, 6260.0]], "asks": [[90820.0, 1000.0], [90822.5, 2190.0], [90825.0, 7330.0], [90830.0, 630.0], [90832.5, 2100.0], [90835.0, 930.0], [90837.5, 2100.0], [90840.0, 1000.0], [90842.5, 10.0], [90847.5, 1490.0], [90850.0, 5000.0], [90852.5, 10.0], [90857.5, 300.0], [90860.0, 1010.0], [90862.5, 2190.0], [90865.0, 7330.0], [90870.0, 29880.0], [90872.5, 50100.0], [90875.0, 51690.0], [90877.5, 4630.0]]}}}
{"jsonrpc": "2.0", "method": "subscription", "params": {"channel": "book.BTC-5DEC25.none.20.100ms", "data": {"timestamp": 1764208552026, "change_id": 129287065650, "instrument_name": "BTC-5DEC25", "bids": [[90817.5, 12330.0], [90807.5, 630.0], [90805.0, 2760.0], [90802.5, 2180.0], [90800.0, 630.0], [90797.5, 2100.0], [90795.0, 21680.0], [90792.5, 72620.0], [90782.5, 2190.0], [90780.0, 7330.0], [90742.5, 300.0], [90740.0, 1000.0], [90732.5, 13880.0], [90730.0, 46510.0], [90722.5, 4970.0], [90720.0, 16660.0], [90702.5, 300.0], [90700.0, 1000.0], [90692.5, 1870.0], [90690.0, 6260.0]], "asks": [[90820.0, 1000.0], [90822.5, 2190.0], [90825.0, 7330.0], [90830.0, 630.0], [90832.5, 2100.0], [90835.0, 930.0], [90837.5, 2100.0], [90840.0, 1000.0], [90845.0, 10.0], [90847.5, 1490.0], [90850.0, 5000.0], [90852.5, 10.0], [90857.5, 300.0], [90860.0, 1010.0], [90862.5, 2190.0], [90865.0, 7330.0], [90870.0, 29880.0], [90872.5, 50100.0], [90875.0, 51690.0], [90877.5, 4630.0]]}}}
{"jsonrpc": "2.0", "method": "subscription", "params": {"channel": "book.BTC-5DEC25.none.20.100ms", "data": {"timestamp": 1764208552091, "change_id": 129287065664, "instrument_name": "BTC-5DEC25", "bids": [[90817.5, 12330.0], [90810.0, 1260.0], [90807.5, 2100.0], [90805.0, 2760.0], [90802.5, 2180.0], [90800.0, 630.0], [90797.5, 2100.0], [90795.0, 21680.0], [90792.5, 72620.0], [90782.5, 2190.0], [90780.0, 7330.0], [90742.5, 300.0], [90740.0, 1000.0], [90732.5, 13880.0], [90730.0, 46510.0], [90722.5, 4970.0], [90720.0, 16660.0], [90702.5, 300.0], [90700.0, 1000.0], [90692.5, 1870.0]], "asks": [[90820.0, 1000.0], [90822.5, 2190.0], [90825.0, 7330.0], [90830.0, 630.0], [90832.5, 2100.0], [90835.0, 930.0], [90837.5, 2100.0], [90840.0, 1000.0], [90845.0, 10.0], [90847.5, 1490.0], [90850.0, 5000.0], [90852.5, 10.0], [90857.5, 300.0], [90860.0, 1010.0], [90862.5, 2190.0], [90865.0, 7330.0], [90870.0, 29880.0], [90872.5, 50100.0], [90875.0, 51690.0], [90877.5, 4630.0]]}}}
{"jsonrpc": "2.0", "method": "subscription", "params": {"channel": "book.BTC-5DEC25.none.20.100ms", "data": {"timestamp": 1764208552723, "change_id": 129287066589, "instrument_name": "BTC-5DEC25", "bids": [[90817.5, 12330.0], [90815.0, 510.0], [90812.5, 1700.0], [90810.0, 1260.0], [90807.5, 2100.0], [90805.0, 2760.0], [90802.5, 2180.0], [90800.0, 630.0], [90797.5, 2100.0], [90795.0, 21680.0], [90792.5, 72620.0], [90782.5, 2190.0], [90780.0, 7330.0], [90742.5, 300.0], [90740.0, 1000.0], [90732.5, 13880.0], [90730.0, 46510.0], [90722.5, 4970.0], [90720.0, 16660.0], [90702.5, 300.0]], "asks": [[90820.0, 1000.0], [90822.5, 2190.0], [90825.0, 7330.0], [90830.0, 630.0], [90832.5, 2100.0], [90835.0, 930.0], [90837.5, 2100.0], [90840.0, 1630.0], [90842.5, 2100.0], [90845.0, 10.0], [90847.5, 1490.0], [90850.0, 5000.0], [90852.5, 10.0], [90857.5, 300.0], [90860.0, 1010.0], [90862.5, 2190.0], [90865.0, 7330.0], [90870.0, 29880.0], [90872.5, 50100.0], [90875.0, 51690.0]]}}}
{"jsonrpc": "2.0", "method": "subscription", "params": {"channel": "book.BTC-5DEC25.none.20.100ms", "data": {"timestamp": 1764208553025, "change_id": 129287066951, "instrument_name": "BTC-5DEC25", "bids": [[90817.5, 12330.0], [90815.0, 510.0], [90812.5, 1700.0], [90810.0, 1260.0], [90807.5, 2100.0], [90805.0, 2760.0], [90802.5, 2180.0], [90800.0, 630.0], [90797.5, 2100.0], [90795.0, 21680.0], [90792.5, 72620.0], [90782.5, 2190.0], [90780.0, 7330.0], [90742.5, 300.0], [90740.0, 1000.0], [90732.5, 13880.0], [90730.0, 46510.0], [90722.5, 4970.0], [90720.0, 16660.0], [90702.5, 300.0]], "asks": [[90820.0, 1000.0], [90822.5, 2190.0], [90825.0, 7330.0], [90830.0, 630.0], [90832.5, 2100.0], [90835.0, 930.0], [90837.5, 2100.0], [90840.0, 1630.0], [90842.5, 2110.0], [90847.5, 1490.0], [90850.0, 5000.0], [90852.5, 10.0], [90857.5, 300.0], [90860.0, 1010.0], [90862.5, 2190.0], [90865.0, 7330.0], [90870.0, 29880.0], [90872.5, 50100.0], [90875.0, 51690.0], [90877.5, 4630.0]]}}}
{"jsonrpc": "2.0", "method": "subscription", "params": {"channel": "book.BTC-5DEC25.none.20.100ms", "data": {"timestamp": 1764208553079, "change_id": 129287066966, "instrument_name": "BTC-5DEC25", "bids": [[90817.5, 12330.0], [90815.0, 510.0], [90812.5, 1700.0], [90810.0, 1260.0], [90807.5, 2100.0], [90805.0, 2760.0], [90802.5, 2180.0], [90800.0, 630.0], [90797.5, 2100.0], [90795.0, 10840.0], [90792.5, 36310.0], [90782.5, 2190.0], [90780.0, 7330.0], [90742.5, 300.0], [90740.0, 1000.0], [90732.5, 13880.0], [90730.0, 46510.0], [90722.5, 4970.0], [90720.0, 16660.0], [90702.5, 300.0]], "asks": [[90820.0, 3100.0], [90822.5, 4290.0], [90825.0, 7330.0], [90830.0, 630.0], [90832.5, 2100.0], [90835.0, 930.0], [90837.5, 2100.0], [90840.0, 1000.0], [90842.5, 10.0], [90847.5, 1490.0], [90850.0, 5000.0], [90852.5, 10.0], [90857.5, 300.0], [90860.0, 1010.0], [90862.5, 2190.0], [90865.0, 7330.0], [90870.0, 29880.0], [90872.5, 50100.0], [90875.0, 51690.0], [90877.5, 4630.0]]}}}
{"jsonrpc": "2.0", "method": "subscription", "params": {"channel": "book.BTC-5DEC25.none.20.100ms", "data": {"timestamp": 1764208553481, "change_id": 129287067573, "instrument_name": "BTC-5DEC25", "bids": [[90817.5, 12330.0], [90815.0, 510.0], [90812.5, 1700.0], [90810.0, 1260.0], [90807.5, 2100.0], [90805.0, 2760.0], [90802.5, 2180.0], [90800.0, 630.0], [90797.5, 2100.0], [90795.0, 10840.0], [90792.5, 72620.0], [90782.5, 2190.0], [90780.0, 7330.0], [90742.5, 300.0], [90740.0, 1000.0], [90732.5, 13880.0], [90730.0, 46510.0], [90722.5, 4970.0], [90720.0, 16660.0], [90702.5, 300.0]], "asks": [[90820.0, 3100.0], [90822.5, 4290.0], [90825.0, 7330.0], [90830.0, 630.0], [90832.5, 2100.0], [90835.0, 930.0], [90837.5, 2100.0], [90840.0, 1000.0], [90842.5, 10.0], [90847.5, 1490.0], [90850.0, 5000.0], [90852.5, 10.0], [90857.5, 300.0], [90860.0, 1010.0], [90862.5, 2190.0], [90865.0, 7330.0], [90870.0, 29880.0], [90872.5, 50100.0], [90875.0, 51690.0], [90877.5, 4630.0]]}}}
{"jsonrpc": "2.0", "method": "subscription", "params": {"channel": "book.BTC-5DEC25.none.20.100ms", "data": {"timestamp": 1764208554075, "change_id": 129287068076, "instrument_name": "BTC-5DEC25", "bids": [[90817.5, 12330.0], [90815.0, 510.0], [90812.5, 1700.0], [90810.0, 1260.0], [90807.5, 2100.0], [90805.0, 2760.0], [90802.5, 2180.0], [90800.0, 630.0], [90797.5, 2100.0], [90795.0, 10840.0], [90792.5, 72620.0], [90782.5, 2190.0], [90780.0, 7330.0], [90742.5, 300.0], [90740.0, 1000.0], [90732.5, 13880.0], [90730.0, 46510.0], [90722.5, 4970.0], [90720.0, 16660.0], [90702.5, 300.0]], "asks": [[90820.0, 3100.0], [90822.5, 4290.0], [90825.0, 7330.0], [90830.0, 630.0], [90832.5, 2100.0], [90835.0, 1430.0], [90837.5, 2100.0], [90840.0, 3100.0], [90842.5, 10.0], [90847.5, 1490.0], [90850.0, 5000.0], [90852.5, 10.0], [90857.5, 300.0], [90860.0, 1010.0], [90862.5, 2190.0], [90865.0, 7330.0], [90870.0, 29880.0], [90872.5, 50100.0], [90875.0, 51690.0], [90877.5, 4630.0]]}}}
{"jsonrpc": "2.0", "method": "subscription", "params": {"channel": "book.BTC-5DEC25.none.20.100ms", "data": {"timestamp": 1764208555023, "change_id": 129287069143, "instrument_name": "BTC-5DEC25", "bids": [[90817.5, 12330.0], [90815.0, 510.0], [90812.5, 1700.0], [90810.0, 1260.0], [90807.5, 2100.0], [90805.0, 2760.0], [90802.5, 2180.0], [90800.0, 630.0], [90797.5, 2100.0], [90795.0, 10840.0], [90792.5, 72620.0], [90782.5, 2190.0], [90780.0, 7330.0], [90742.5, 300.0], [90740.0, 1000.0], [90732.5, 13880.0], [90730.0, 46510.0], [90722.5, 4970.0], [90720.0, 16660.0], [90702.5, 300.0]], "asks": [[90820.0, 3100.0], [90822.5, 4290.0], [90825.0, 7330.0], [90830.0, 630.0], [90832.5, 2100.0], [90835.0, 1430.0], [90837.5, 2100.0], [90840.0, 3100.0], [90842.5, 10.0], [90847.5, 1490.0], [90850.0, 5000.0], [90852.5, 10.0], [90857.5, 300.0], [90860.0, 1010.0], [90862.5, 2190.0], [90865.0, 7330.0], [90870.0, 29880.0], [90872.5, 50100.0], [90875.0, 51690.0], [90877.5, 4630.0]]}}}
{"jsonrpc": "2.0", "method": "subscription", "params": {"channel": "book.BTC-5DEC25.none.20.100ms", "data": {"timestamp": 1764208555108, "change_id": 129287069164, "instrument_name": "BTC-5DEC25", "bids": [[90817.5, 12330.0], [90815.0, 510.0], [90812.5, 1700.0], [90810.0, 1260.0], [90807.5, 2100.0], [90805.0, 2760.0], [90802.5, 2170.0], [90800.0, 630.0], [90797.5, 2100.0], [90795.0, 20290.0], [90792.5, 72620.0], [90782.5, 2190.0], [90780.0, 7330.0], [90742.5, 300.0], [90740.0, 1000.0], [90732.5, 13880.0], [90730.0, 46510.0], [90722.5, 4970.0], [90720.0, 16660.0], [90702.5, 300.0]], "asks": [[90820.0, 3100.0], [90822.5, 4290.0], [90825.0, 7330.0], [90827.5, 2100.0], [90830.0, 630.0], [90832.5, 2100.0], [90835.0, 1430.0], [90837.5, 2100.0], [90840.0, 3100.0], [90842.5, 10.0], [90847.5, 1490.0], [90850.0, 5000.0], [90852.5, 10.0], [90857.5, 300.0], [90860.0, 1010.0], [90862.5, 2190.0], [90865.0, 7330.0], [90870.0, 29880.0], [90872.5, 50100.0], [90875.0, 51690.0]]}}}
{"jsonrpc": "2.0", "method": "subscription", "params": {"channel": "book.BTC-5DEC25.none.20.100ms", "data": {"timestamp": 1764208556269, "change_id": 129287070382, "instrument_name": "BTC-5DEC25", "bids": [[90817.5, 12330.0], [90815.0, 510.0], [90812.5, 1700.0], [90810.0, 1260.0], [90807.5, 2100.0], [90805.0, 2760.0], [90802.5, 2170.0], [90800.0, 630.0], [90797.5, 2100.0], [90795.0, 20290.0], [90792.5, 72620.0], [90782.5, 2190.0], [90780.0, 7330.0], [90742.5, 300.0], [90740.0, 1000.0], [90732.5, 13880.0], [90730.0, 46510.0], [90722.5, 4970.0], [90720.0, 16660.0], [90702.5, 300.0]], "asks": [[90820.0, 3100.0], [90822.5, 4830.0], [90825.0, 7330.0], [90827.5, 2100.0], [90830.0, 630.0], [90832.5, 2100.0], [90835.0, 1430.0], [90837.5, 2100.0], [90840.0, 3100.0], [90842.5, 10.0], [90847.5, 1490.0], [90850.0, 5000.0], [90852.5, 10.0], [90857.5, 300.0], [90860.0, 1010.0], [90862.5, 2190.0], [90865.0, 7330.0], [90870.0, 29880.0], [90872.5, 50100.0], [90875.0, 51690.0]]}}}
{"jsonrpc": "2.0", "method": "subscription", "params": {"channel": "book.BTC-5DEC25.none.20.100ms", "data": {"timestamp": 1764208556527, "change_id": 129287070774, "instrument_name": "BTC-5DEC25", "bids": [[90817.5, 12330.0], [90815.0, 510.0], [90812.5, 1700.0], [90810.0, 1260.0], [90807.5, 2100.0], [90805.0, 2760.0], [90802.5, 2170.0], [90800.0, 630.0], [90797.5, 2100.0], [90795.0, 20290.0], [90792.5, 72620.0], [90782.5, 2190.0], [90780.0, 7330.0], [90742.5, 300.0], [90740.0, 1000.0], [90732.5, 13880.0], [90730.0, 46510.0], [90722.5, 4970.0], [90720.0, 16660.0], [90702.5, 300.0]], "asks": [[90820.0, 3100.0], [90822.5, 4830.0], [90825.0, 7330.0], [90827.5, 2100.0], [90830.0, 630.0], [90832.5, 2100.0], [90835.0, 1430.0], [90837.5, 2100.0], [90840.0, 3100.0], [90842.5, 10.0], [90847.5, 1490.0], [90850.0, 5000.0], [90852.5, 10.0], [90857.5, 300.0], [90860.0, 1010.0], [90862.5, 2190.0], [90865.0, 7330.0], [90870.0, 29880.0], [90872.5, 50100.0], [90875.0, 51690.0]]}}}
{"jsonrpc": "2.0", "method": "subscription", "params": {"channel": "book.BTC-5DEC25.none.20.100ms", "data": {"timestamp": 1764208556797, "change_id": 129287071033, "instrument_name": "BTC-5DEC25", "bids": [[90817.5, 12330.0], [90815.0, 510.0], [90812.5, 1700.0], [90810.0, 1260.0], [90807.5, 2100.0], [90805.0, 2760.0], [90802.5, 2170.0], [90800.0, 630.0], [90797.5, 2100.0], [90795.0, 10840.0], [90792.5, 36310.0], [90782.5, 2190.0], [90780.0, 7330.0], [90742.5, 300.0], [90740.0, 1000.0], [90732.5, 13880.0], [90730.0, 46510.0], [90722.5, 4970.0], [90720.0, 16660.0], [90702.5, 300.0]], "asks": [[90820.0, 3100.0], [90822.5, 4830.0], [90825.0, 7330.0], [90827.5, 2100.0], [90830.0, 630.0], [90832.5, 2100.0], [90835.0, 1430.0], [90837.5, 2100.0], [90840.0, 3100.0], [90842.5, 10.0], [90847.5, 1490.0], [90850.0, 5000.0], [90852.5, 10.0], [90857.5, 300.0], [90860.0, 1010.0], [90862.5, 2190.0], [90865.0, 7330.0], [90870.0, 29880.0], [90872.5, 50100.0], [90875.0, 51690.0]]}}}
{"jsonrpc": "2.0", "method": "subscription", "params": {"channel": "book.BTC-5DEC25.none.20.100ms", "data": {"timestamp": 1764208557163, "change_id": 129287071430, "instrument_name": "BTC-5DEC25", "bids": [[90817.5, 12330.0], [90815.0, 510.0], [90812.5, 1700.0], [90810.0, 1260.0], [90807.5, 2100.0], [90805.0, 2760.0], [90802.5, 2170.0], [90800.0, 11380.0], [90797.5, 38410.0], [90795.0, 10840.0], [90792.5, 36310.0], [90782.5, 2190.0], [90780.0, 7330.0], [90742.5, 300.0], [90740.0, 1000.0], [90732.5, 13880.0], [90730.0, 46510.0], [90722.5, 4970.0], [90720.0, 16660.0], [90702.5, 300.0]], "asks": [[90820.0, 3100.0], [90822.5, 4830.0], [90825.0, 7330.0], [90827.5, 2100.0], [90830.0, 630.0], [90832.5, 2100.0], [90835.0, 1430.0], [90837.5, 2100.0], [90840.0, 3100.0], [90842.5, 10.0], [90847.5, 1490.0], [90850.0, 5000.0], [90852.5, 10.0], [90857.5, 300.0], [90860.0, 1010.0], [90862.5, 2190.0], [90865.0, 7330.0], [90870.0, 29880.0], [90872.5, 50100.0], [90875.0, 51690.0]]}}}
{"jsonrpc": "2.0", "method": "subscription", "params": {"channel": "book.BTC-5DEC25.none.20.100ms", "data": {"timestamp": 1764208558074, "change_id": 129287072336, "instrument_name": "BTC-5DEC25", "bids": [[90817.5, 12330.0], [90815.0, 510.0], [90812.5, 1700.0], [90810.0, 1260.0], [90807.5, 2100.0], [90805.0, 2760.0], [90802.5, 2170.0], [90800.0, 11380.0], [90797.5, 38410.0], [90795.0, 10840.0], [90792.5, 36310.0], [90782.5, 2190.0], [90780.0, 7330.0], [90762.5, 300.0], [90760.0, 1000.0], [90742.5, 300.0], [90740.0, 1000.0], [90732.5, 13880.0], [90730.0, 46510.0], [90722.5, 4970.0]], "asks": [[90820.0, 3100.0], [90822.5, 4830.0], [90825.0, 7330.0], [90827.5, 2100.0], [90830.0, 630.0], [90832.5, 2100.0], [90835.0, 1430.0], [90837.5, 2100.0], [90840.0, 3100.0], [90842.5, 10.0], [90847.5, 1490.0], [90850.0, 5000.0], [90852.5, 10.0], [90857.5, 300.0], [90860.0, 1010.0], [90862.5, 2190.0], [90865.0, 7330.0], [90870.0, 29880.0], [90872.5, 50100.0], [90875.0, 51690.0]]}}}
{"jsonrpc": "2.0", "method": "subscription", "params": {"channel": "book.BTC-5DEC25.none.20.100ms", "data": {"timestamp": 1764208558995, "change_id": 129287073380, "instrument_name": "BTC-5DEC25", "bids": [[90817.5, 12330.0], [90815.0, 510.0], [90812.5, 1700.0], [90810.0, 1260.0], [90807.5, 2100.0], [90805.0, 2760.0], [90802.5, 2180.0], [90800.0, 11380.0], [90797.5, 38410.0], [90795.0, 10840.0], [90792.5, 36310.0], [90782.5, 2190.0], [90780.0, 7330.0], [90762.5, 300.0], [90760.0, 1000.0], [90742.5, 300.0], [90740.0, 1000.0], [90732.5, 13880.0], [90730.0, 46510.0], [90722.5, 4970.0]], "asks": [[90820.0, 3100.0], [90822.5, 4830.0], [90825.0, 7330.0], [90827.5, 2100.0], [90830.0, 630.0], [90832.5, 2100.0], [90835.0, 930.0], [90837.5, 2100.0], [90840.0, 1010.0], [90847.5, 1490.0], [90850.0, 5000.0], [90852.5, 10.0], [90857.5, 300.0], [90860.0, 1010.0], [90862.5, 2190.0], [90865.0, 7330.0], [90870.0, 29880.0], [90872.5, 50100.0], [90875.0, 51690.0], [90877.5, 4630.0]]}}}
{"jsonrpc": "2.0", "method": "subscription", "params": {"channel": "book.BTC-5DEC25.none.20.100ms", "data": {"timestamp": 1764208559099, "change_id": 129287073443, "instrument_name": "BTC-5DEC25", "bids": [[90817.5, 12330.0], [90815.0, 510.0], [90812.5, 1700.0], [90810.0, 1260.0], [90807.5, 2100.0], [90805.0, 2760.0], [90802.5, 2180.0], [90800.0, 11380.0], [90797.5, 38410.0], [90795.0, 10840.0], [90792.5, 36310.0], [90782.5, 2190.0], [90780.0, 7330.0], [90762.5, 300.0], [90760.0, 1000.0], [90742.5, 300.0], [90740.0, 1000.0], [90732.5, 13880.0], [90730.0, 46510.0], [90722.5, 4970.0]], "asks": [[90820.0, 3100.0], [90822.5, 4830.0], [90825.0, 7330.0], [90827.5, 2100.0], [90830.0, 630.0], [90832.5, 2100.0], [90835.0, 930.0], [90837.5, 2100.0], [90840.0, 1000.0], [90842.5, 10.0], [90847.5, 1490.0], [90850.0, 5000.0], [90852.5, 10.0], [90857.5, 300.0], [90860.0, 1010.0], [90862.5, 2190.0], [90865.0, 7330.0], [90870.0, 29880.0], [90872.5, 50100.0], [90875.0, 51690.0]]}}}
{"jsonrpc": "2.0", "method": "subscription", "params": {"channel": "book.BTC-5DEC25.none.20.100ms", "data": {"timestamp": 1764208559649, "change_id": 129287074221, "instrument_name": "BTC-5DEC25", "bids": [[90817.5, 12330.0], [90815.0, 510.0], [90812.5, 1700.0], [90810.0, 1260.0], [90807.5, 2100.0], [90805.0, 2760.0], [90802.5, 2180.0], [90800.0, 11380.0], [90797.5, 38410.0], [90795.0, 10840.0], [90792.5, 36310.0], [90782.5, 2190.0], [90780.0, 7330.0], [90762.5, 300.0], [90760.0, 1000.0], [90742.5, 300.0], [90740.0, 1000.0], [90732.5, 13880.0], [90730.0, 46510.0], [90722.5, 4970.0]], "asks": [[90820.0, 3100.0], [90822.5, 4830.0], [90825.0, 7330.0], [90827.5, 2100.0], [90830.0, 630.0], [90832.5, 2100.0], [90835.0, 930.0], [90837.5, 2100.0], [90840.0, 1000.0], [90842.5, 10.0], [90847.5, 1490.0], [90850.0, 5000.0], [90852.5, 10.0], [90857.5, 300.0], [90860.0, 1010.0], [90862.5, 2190.0], [90865.0, 7330.0], [90870.0, 29880.0], [90872.5, 50100.0], [90875.0, 51690.0]]}}}
{"jsonrpc": "2.0", "method": "subscription", "params": {"channel": "book.BTC-5DEC25.none.20.100ms", "data": {"timestamp": 1764208559999, "change_id": 129287074443, "instrument_name": "BTC-5DEC25", "bids": [[90817.5, 12330.0], [90815.0, 510.0], [90812.5, 1700.0], [90810.0, 1260.0], [90807.5, 2100.0], [90805.0, 2760.0], [90802.5, 2180.0], [90800.0, 11380.0], [90797.5, 38410.0], [90795.0, 10840.0], [90792.5, 36310.0], [90782.5, 2190.0], [90780.0, 7330.0], [90762.5, 300.0], [90760.0, 1000.0], [90742.5, 300.0], [90740.0, 1000.0], [90732.5, 13880.0], [90730.0, 46510.0], [90722.5, 4970.0]], "asks": [[90820.0, 3100.0], [90822.5, 4830.0], [90825.0, 7330.0], [90827.5, 2100.0], [90830.0, 630.0], [90832.5, 2100.0], [90835.0, 930.0], [90837.5, 2100.0], [90840.0, 3100.0], [90842.5, 10.0], [90847.5, 1490.0], [90850.0, 5000.0], [90852.5, 10.0], [90857.5, 300.0], [90860.0, 1010.0], [90862.5, 2190.0], [90865.0, 7330.0], [90870.0, 29880.0], [90872.5, 50100.0], [90875.0, 51690.0]]}}}
{"jsonrpc": "2.0", "method": "subscription", "params": {"channel": "book.BTC-5DEC25.none.20.100ms", "data": {"timestamp": 1764208560337, "change_id": 129287074852, "instrument_name": "BTC-5DEC25", "bids": [[90817.5, 12330.0], [90815.0, 510.0], [90812.5, 1700.0], [90810.0, 1260.0], [90807.5, 2100.0], [90805.0, 2760.0], [90802.5, 2180.0], [90800.0, 11380.0], [90797.5, 38410.0], [90795.0, 10840.0], [90792.5, 36310.0], [90782.5, 2190.0], [90780.0, 7330.0], [90762.5, 300.0], [90760.0, 1000.0], [90742.5, 300.0], [90740.0, 1000.0], [90732.5, 13880.0], [90730.0, 46510.0], [90722.5, 4970.0]], "asks": [[90820.0, 3100.0], [90822.5, 2730.0], [90827.5, 2100.0], [90830.0, 630.0], [90832.5, 2100.0], [90835.0, 1430.0], [90837.5, 2100.0], [90840.0, 3100.0], [90842.5, 10.0], [90847.5, 1490.0], [90850.0, 5000.0], [90852.5, 10.0], [90857.5, 300.0], [90860.0, 1010.0], [90862.5, 2190.0], [90865.0, 7330.0], [90870.0, 29880.0], [90872.5, 50100.0], [90875.0, 51690.0], [90877.5, 4630.0]]}}}
{"jsonrpc": "2.0", "method": "subscription", "params": {"channel": "book.BTC-5DEC25.none.20.100ms", "data": {"timestamp": 1764208560559, "change_id": 129287075118, "instrument_name": "BTC-5DEC25", "bids": [[90817.5, 12330.0], [90815.0, 510.0], [90812.5, 1700.0], [90810.0, 1260.0], [90807.5, 2100.0], [90805.0, 2760.0], [90802.5, 2180.0], [90800.0, 11380.0], [90797.5, 38410.0], [90795.0, 10840.0], [90792.5, 36310.0], [90782.5, 2190.0], [90780.0, 7330.0], [90762.5, 300.0], [90760.0, 1000.0], [90742.5, 300.0], [90740.0, 1000.0], [90732.5, 13880.0], [90730.0, 46510.0], [90722.5, 4970.0]], "asks": [[90820.0, 3100.0], [90822.5, 4830.0], [90825.0, 7330.0], [90827.5, 2100.0], [90830.0, 630.0], [90832.5, 2100.0], [90835.0, 1430.0], [90837.5, 2100.0], [90840.0, 3100.0], [90842.5, 10.0], [90847.5, 1490.0], [90850.0, 5000.0], [90852.5, 10.0], [90857.5, 300.0], [90860.0, 1010.0], [90862.5, 2190.0], [90865.0, 7330.0], [90870.0, 29880.0], [90872.5, 50100.0], [90875.0, 51690.0]]}}}
{"jsonrpc": "2.0", "method": "subscription", "params": {"channel": "book.BTC-5DEC25.none.20.100ms", "data": {"timestamp": 1764208560997, "change_id": 129287075572, "instrument_name": "BTC-5DEC25", "bids": [[90817.5, 12330.0], [90815.0, 510.0], [90812.5, 1700.0], [90810.0, 1260.0], [90807.5, 2100.0], [90805.0, 2760.0], [90802.5, 2170.0], [90800.0, 11380.0], [90797.5, 38410.0], [90795.0, 10840.0], [90792.5, 36310.0], [90782.5, 2190.0], [90780.0, 7330.0], [90762.5, 300.0], [90760.0, 1000.0], [90742.5, 300.0], [90740.0, 1000.0], [90732.5, 13880.0], [90730.0, 46510.0], [90722.5, 4970.0]], "asks": [[90820.0, 3100.0], [90822.5, 4830.0], [90825.0, 7330.0], [90827.5, 2100.0], [90830.0, 630.0], [90832.5, 2100.0], [90835.0, 1430.0], [90837.5, 2100.0], [90840.0, 3100.0], [90842.5, 10.0], [90847.5, 1490.0], [90850.0, 5000.0], [90852.5, 10.0], [90857.5, 300.0], [90860.0, 1010.0], [90862.5, 2190.0], [90865.0, 7330.0], [90870.0, 29880.0], [90872.5, 50100.0], [90875.0, 51690.0]]}}}
{"jsonrpc": "2.0", "method": "subscription", "params": {"channel": "book.BTC-5DEC25.none.20.100ms", "data": {"timestamp": 1764208561285, "change_id": 129287075846, "instrument_name": "BTC-5DEC25", "bids": [[90817.5, 12330.0], [90815.0, 510.0], [90812.5, 1700.0], [90810.0, 1260.0], [90807.5, 2100.0], [90805.0, 2760.0], [90802.5, 2170.0], [90800.0, 11380.0], [90797.5, 38410.0], [90795.0, 10840.0], [90792.5, 36310.0], [90782.5, 2190.0], [90780.0, 7330.0], [90762.5, 300.0], [90760.0, 1000.0], [90742.5, 300.0], [90740.0, 1000.0], [90732.5, 13880.0], [90730.0, 46510.0], [90722.5, 4970.0]], "asks": [[90820.0, 3100.0], [90822.5, 4830.0], [90825.0, 7330.0], [90827.5, 2100.0], [90830.0, 630.0], [90832.5, 2100.0], [90835.0, 1430.0], [90837.5, 2100.0], [90840.0, 3100.0], [90842.5, 10.0], [90847.5, 1490.0], [90850.0, 5000.0], [90852.5, 10.0], [90857.5, 300.0], [90860.0, 1010.0], [90862.5, 2190.0], [90865.0, 7330.0], [90870.0, 29880.0], [90872.5, 50100.0], [90875.0, 51690.0]]}}}
{"jsonrpc": "2.0", "method": "subscription", "params": {"channel": "book.BTC-5DEC25.none.20.100ms", "data": {"timestamp": 1764208561618, "change_id": 129287076496, "instrument_name": "BTC-5DEC25", "bids": [[90817.5, 12330.0], [90815.0, 510.0], [90812.5, 1700.0], [90810.0, 1260.0], [90807.5, 2100.0], [90805.0, 2760.0], [90802.5, 2170.0], [90800.0, 11380.0], [90797.5, 38410.0], [90782.5, 2190.0], [90780.0, 7330.0], [90762.5, 300.0], [90760.0, 1000.0], [90742.5, 300.0], [90740.0, 1000.0], [90732.5, 13880.0], [90730.0, 46510.0], [90722.5, 4970.0], [90720.0, 16660.0], [90702.5, 300.0]], "asks": [[90820.0, 3100.0], [90822.5, 4830.0], [90825.0, 7330.0], [90827.5, 2100.0], [90830.0, 630.0], [90832.5, 2100.0], [90835.0, 1430.0], [90837.5, 2100.0], [90840.0, 3100.0], [90842.5, 10.0], [90847.5, 1490.0], [90850.0, 5000.0], [90852.5, 10.0], [90857.5, 300.0], [90860.0, 1010.0], [90862.5, 2190.0], [90865.0, 7330.0], [90870.0, 29880.0], [90872.5, 50100.0], [90875.0, 51690.0]]}}}
{"jsonrpc": "2.0", "method": "subscription", "params": {"channel": "book.BTC-5DEC25.none.20.100ms", "data": {"timestamp": 1764208561972, "change_id": 129287076764, "instrument_name": "BTC-5DEC25", "bids": [[90817.5, 12330.0], [90815.0, 510.0], [90812.5, 1700.0], [90810.0, 1260.0], [90807.5, 2100.0], [90805.0, 2760.0], [90802.5, 2170.0], [90800.0, 20220.0], [90797.5, 72620.0], [90782.5, 2190.0], [90780.0, 7330.0], [90762.5, 300.0], [90760.0, 1000.0], [90742.5, 300.0], [90740.0, 1000.0], [90732.5, 13880.0], [90730.0, 46510.0], [90722.5, 4970.0], [90720.0, 16660.0], [90702.5, 300.0]], "asks": [[90820.0, 3100.0], [90822.5, 4830.0], [90825.0, 7330.0], [90827.5, 2100.0], [90830.0, 630.0], [90832.5, 2100.0], [90835.0, 1430.0], [90837.5, 2100.0], [90840.0, 3100.0], [90842.5, 10.0], [90847.5, 1490.0], [90850.0, 5000.0], [90852.5, 10.0], [90857.5, 300.0], [90860.0, 1010.0], [90862.5, 2190.0], [90865.0, 7330.0], [90870.0, 29880.0], [90872.5, 50100.0], [90875.0, 51690.0]]}}}
{"jsonrpc": "2.0", "method": "subscription", "params": {"channel": "book.BTC-5DEC25.none.20.100ms", "data": {"timestamp": 1764208562984, "change_id": 129287078042, "instrument_name": "BTC-5DEC25", "bids": [[90817.5, 12330.0], [90815.0, 510.0], [90812.5, 1700.0], [90810.0, 1260.0], [90807.5, 2100.0], [90805.0, 2760.0], [90802.5, 2180.0], [90800.0, 20220.0], [90797.5, 72620.0], [90782.5, 2190.0], [90780.0, 7330.0], [90762.5, 300.0], [90760.0, 1000.0], [90742.5, 300.0], [90740.0, 1000.0], [90732.5, 13880.0], [90730.0, 46510.0], [90722.5, 4970.0], [90720.0, 16660.0], [90702.5, 300.0]], "asks": [[90820.0, 3100.0], [90822.5, 2100.0], [90825.0, 2730.0], [90827.5, 2100.0], [90830.0, 7960.0], [90832.5, 2100.0], [90835.0, 1430.0], [90837.5, 2100.0], [90840.0, 3100.0], [90842.5, 10.0], [90847.5, 1490.0], [90850.0, 5000.0], [90852.5, 10.0], [90857.5, 300.0], [90860.0, 1010.0], [90862.5, 2190.0], [90865.0, 7330.0], [90870.0, 29880.0], [90872.5, 50100.0], [90875.0, 51690.0]]}}}
{"jsonrpc": "2.0", "method": "subscription", "params": {"channel": "book.BTC-5DEC25.none.20.100ms", "data": {"timestamp": 1764208563199, "change_id": 129287078281, "instrument_name": "BTC-5DEC25", "bids": [[90817.5, 12330.0], [90815.0, 510.0], [90812.5, 1700.0], [90810.0, 1260.0], [90807.5, 2100.0], [90805.0, 2760.0], [90802.5, 2180.0], [90800.0, 10840.0], [90797.5, 36310.0], [90782.5, 2190.0], [90780.0, 7330.0], [90762.5, 300.0], [90760.0, 1000.0], [90742.5, 300.0], [90740.0, 1000.0], [90732.5, 13880.0], [90730.0, 46510.0], [90722.5, 4970.0], [90720.0, 16660.0], [90702.5, 300.0]], "asks": [[90820.0, 3100.0], [90822.5, 2100.0], [90825.0, 2730.0], [90827.5, 2100.0], [90830.0, 7960.0], [90832.5, 2100.0], [90835.0, 1430.0], [90837.5, 2100.0], [90840.0, 3100.0], [90842.5, 10.0], [90847.5, 1490.0], [90850.0, 5000.0], [90852.5, 10.0], [90857.5, 300.0], [90860.0, 1010.0], [90862.5, 2190.0], [90865.0, 7330.0], [90870.0, 29880.0], [90872.5, 50100.0], [90875.0, 51690.0]]}}}
{"jsonrpc": "2.0", "method": "subscription", "params": {"channel": "book.BTC-5DEC25.none.20.100ms", "data": {"timestamp": 1764208563542, "change_id": 129287078732, "instrument_name": "BTC-5DEC25", "bids": [[90817.5, 12330.0], [90815.0, 510.0], [90812.5, 1700.0], [90810.0, 1260.0], [90807.5, 2100.0], [90805.0, 2760.0], [90802.5, 2180.0], [90800.0, 20290.0], [90797.5, 72620.0], [90782.5, 2190.0], [90780.0, 7330.0], [90762.5, 300.0], [90760.0, 1000.0], [90742.5, 300.0], [90740.0, 1000.0], [90732.5, 13880.0], [90730.0, 46510.0], [90722.5, 4970.0], [90720.0, 16660.0], [90702.5, 300.0]], "asks": [[90820.0, 3100.0], [90822.5, 2100.0], [90825.0, 2730.0], [90827.5, 2100.0], [90830.0, 7960.0], [90832.5, 2100.0], [90835.0, 1430.0], [90837.5, 2100.0], [90840.0, 3100.0], [90842.5, 10.0], [90847.5, 1490.0], [90850.0, 5000.0], [90852.5, 10.0], [90857.5, 300.0], [90860.0, 1010.0], [90862.5, 2190.0], [90865.0, 7330.0], [90870.0, 29880.0], [90872.5, 50100.0], [90875.0, 51690.0]]}}}
{"jsonrpc": "2.0", "method": "subscription", "params": {"channel": "book.BTC-5DEC25.none.20.100ms", "data": {"timestamp": 1764208564589, "change_id": 129287080081, "instrument_name": "BTC-5DEC25", "bids": [[90817.5, 12330.0], [90815.0, 510.0], [90812.5, 1770.0], [90810.0, 1260.0], [90807.5, 2110.0], [90805.0, 2750.0], [90802.5, 2110.0], [90800.0, 20290.0], [90797.5, 72620.0], [90782.5, 2190.0], [90780.0, 7330.0], [90762.5, 300.0], [90760.0, 1000.0], [90742.5, 300.0], [90740.0, 1000.0], [90732.5, 13880.0], [90730.0, 46510.0], [90722.5, 4970.0], [90720.0, 16660.0], [90702.5, 300.0]], "asks": [[90820.0, 1000.0], [90822.5, 2100.0], [90827.5, 2100.0], [90830.0, 2730.0], [90832.5, 9430.0], [90835.0, 1430.0], [90837.5, 2100.0], [90840.0, 3100.0], [90845.0, 10.0], [90852.5, 10.0], [90857.5, 300.0], [90860.0, 1010.0], [90862.5, 3400.0], [90865.0, 12330.0], [90870.0, 29880.0], [90872.5, 50100.0], [90875.0, 51690.0], [90877.5, 4630.0], [90880.0, 1020.0], [90897.5, 300.0]]}}}
{"jsonrpc": "2.0", "method": "subscription", "params": {"channel": "book.BTC-5DEC25.none.20.100ms", "data": {"timestamp": 1764208564946, "change_id": 129287080520, "instrument_name": "BTC-5DEC25", "bids": [[90817.5, 12330.0], [90815.0, 510.0], [90812.5, 1770.0], [90810.0, 1260.0], [90807.5, 2110.0], [90805.0, 2750.0], [90802.5, 2110.0], [90800.0, 10840.0], [90797.5, 36310.0], [90782.5, 2190.0], [90780.0, 7330.0], [90762.5, 300.0], [90760.0, 1000.0], [90742.5, 300.0], [90740.0, 1000.0], [90732.5, 13880.0], [90730.0, 46510.0], [90722.5, 4970.0], [90720.0, 16660.0], [90702.5, 300.0]], "asks": [[90820.0, 3100.0], [90827.5, 2100.0], [90830.0, 2730.0], [90832.5, 9430.0], [90835.0, 930.0], [90837.5, 2100.0], [90840.0, 1630.0], [90842.5, 2100.0], [90845.0, 10.0], [90852.5, 10.0], [90857.5, 300.0], [90860.0, 1010.0], [90862.5, 3400.0], [90865.0, 12330.0], [90870.0, 29880.0], [90872.5, 50100.0], [90875.0, 51690.0], [90877.5, 4630.0], [90880.0, 1020.0], [90897.5, 300.0]]}}}
{"jsonrpc": "2.0", "method": "subscription", "params": {"channel": "book.BTC-5DEC25.none.20.100ms", "data": {"timestamp": 1764208565215, "change_id": 129287080847, "instrument_name": "BTC-5DEC25", "bids": [[90817.5, 12330.0], [90815.0, 510.0], [90812.5, 2170.0], [90810.0, 630.0], [90807.5, 2110.0], [90805.0, 660.0], [90802.5, 2100.0], [90782.5, 2190.0], [90780.0, 7330.0], [90762.5, 300.0], [90760.0, 1000.0], [90742.5, 300.0], [90740.0, 1000.0], [90732.5, 13880.0], [90730.0, 46510.0], [90722.5, 4970.0], [90720.0, 16660.0], [90702.5, 300.0], [90700.0, 1000.0], [90692.5, 1870.0]], "asks": [[90820.0, 3100.0], [90827.5, 2100.0], [90830.0, 4830.0], [90832.5, 9430.0], [90835.0, 930.0], [90837.5, 2100.0], [90840.0, 1630.0], [90842.5, 2100.0], [90845.0, 10.0], [90852.5, 10.0], [90857.5, 5300.0], [90860.0, 1010.0], [90862.5, 2190.0], [90865.0, 7330.0], [90870.0, 29880.0], [90872.5, 50100.0], [90875.0, 51690.0], [90877.5, 4630.0], [90880.0, 1020.0], [90897.5, 300.0]]}}}
{"jsonrpc": "2.0", "method": "subscription", "params": {"channel": "book.BTC-5DEC25.none.20.100ms", "data": {"timestamp": 1764208565512, "change_id": 129287081320, "instrument_name": "BTC-5DEC25", "bids": [[90817.5, 12330.0], [90815.0, 510.0], [90812.5, 2170.0], [90810.0, 20860.0], [90807.5, 38430.0], [90805.0, 36980.0], [90802.5, 2100.0], [90782.5, 2190.0], [90780.0, 7330.0], [90762.5, 300.0], [90760.0, 1000.0], [90742.5, 300.0], [90740.0, 1000.0], [90732.5, 13880.0], [90730.0, 46510.0], [90722.5, 4970.0], [90720.0, 16660.0], [90702.5, 300.0], [90700.0, 1000.0], [90692.5, 1870.0]], "asks": [[90820.0, 3100.0], [90827.5, 2100.0], [90830.0, 4830.0], [90832.5, 9430.0], [90835.0, 930.0], [90837.5, 2100.0], [90840.0, 1630.0], [90842.5, 2100.0], [90845.0, 10.0], [90852.5, 10.0], [90857.5, 5300.0], [90860.0, 1010.0], [90862.5, 2190.0], [90865.0, 7330.0], [90870.0, 29880.0], [90872.5, 50100.0], [90875.0, 51690.0], [90877.5, 4630.0], [90880.0, 1020.0], [90897.5, 300.0]]}}}
{"jsonrpc": "2.0", "method": "subscription", "params": {"channel": "book.BTC-5DEC25.none.20.100ms", "data": {"timestamp": 1764208565952, "change_id": 129287081864, "instrument_name": "BTC-5DEC25", "bids": [[90817.5, 12330.0], [90815.0, 2510.0], [90812.5, 2170.0], [90810.0, 20860.0], [90807.5, 38430.0], [90805.0, 36980.0], [90782.5, 2190.0], [90780.0, 7330.0], [90762.5, 300.0], [90760.0, 1000.0], [90742.5, 300.0], [90740.0, 1000.0], [90732.5, 13880.0], [90730.0, 46510.0], [90722.5, 4970.0], [90720.0, 16660.0], [90702.5, 300.0], [90700.0, 1000.0], [90692.5, 1870.0], [90690.0, 6260.0]], "asks": [[90820.0, 3100.0], [90825.0, 3280.0], [90827.5, 9430.0], [90830.0, 2730.0], [90832.5, 2100.0], [90835.0, 930.0], [90837.5, 2100.0], [90840.0, 1630.0], [90842.5, 2100.0], [90845.0, 10.0], [90852.5, 10.0], [90855.0, 1790.0], [90857.5, 5000.0], [90860.0, 1010.0], [90862.5, 2190.0], [90865.0, 7330.0], [90870.0, 29880.0], [90872.5, 50100.0], [90875.0, 51690.0], [90877.5, 4630.0]]}}}
{"jsonrpc": "2.0", "method": "subscription", "params": {"channel": "book.BTC-5DEC25.none.20.100ms", "data": {"timestamp": 1764208566279, "change_id": 129287082287, "instrument_name": "BTC-5DEC25", "bids": [[90817.5, 12330.0], [90815.0, 2510.0], [90812.5, 2170.0], [90810.0, 11470.0], [90807.5, 2100.0], [90805.0, 36980.0], [90802.5, 10.0], [90782.5, 2190.0], [90780.0, 7330.0], [90762.5, 300.0], [90760.0, 1000.0], [90742.5, 300.0], [90740.0, 1000.0], [90732.5, 13880.0], [90730.0, 46510.0], [90722.5, 4970.0], [90720.0, 16660.0], [90702.5, 300.0], [90700.0, 1000.0], [90692.5, 1870.0]], "asks": [[90820.0, 3100.0], [90827.5, 4910.0], [90830.0, 10060.0], [90832.5, 2100.0], [90835.0, 930.0], [90837.5, 2100.0], [90840.0, 1630.0], [90842.5, 2100.0], [90845.0, 10.0], [90852.5, 10.0], [90855.0, 1790.0], [90857.5, 5000.0], [90860.0, 1010.0], [90865.0, 7330.0], [90870.0, 29880.0], [90872.5, 50100.0], [90875.0, 51690.0], [90877.5, 4630.0], [90880.0, 1020.0], [90897.5, 300.0]]}}}
{"jsonrpc": "2.0", "method": "subscription", "params": {"channel": "book.BTC-5DEC25.none.20.100ms", "data": {"timestamp": 1764208566402, "change_id": 129287082698, "instrument_name": "BTC-5DEC25", "bids": [[90817.5, 12330.0], [90815.0, 2510.0], [90812.5, 2170.0], [90810.0, 11470.0], [90807.5, 2110.0], [90805.0, 36970.0], [90802.5, 10.0], [90782.5, 2190.0], [90780.0, 7330.0], [90762.5, 300.0], [90760.0, 1000.0], [90742.5, 300.0], [90740.0, 1000.0], [90732.5, 13880.0], [90730.0, 46510.0], [90722.5, 4970.0], [90720.0, 16660.0], [90702.5, 300.0], [90700.0, 1000.0], [90692.5, 1870.0]], "asks": [[90820.0, 3100.0], [90827.5, 4910.0], [90830.0, 10060.0], [90832.5, 2100.0], [90835.0, 930.0], [90837.5, 2100.0], [90840.0, 1630.0], [90842.5, 2100.0], [90845.0, 10.0], [90852.5, 10.0], [90855.0, 1790.0], [90857.5, 5000.0], [90860.0, 1010.0], [90865.0, 7330.0], [90870.0, 29880.0], [90872.5, 50100.0], [90875.0, 51690.0], [90877.5, 4630.0], [90880.0, 1020.0], [90897.5, 300.0]]}}}
{"jsonrpc": "2.0", "method": "subscription", "params": {"channel": "book.BTC-5DEC25.none.20.100ms", "data": {"timestamp": 1764208566923, "change_id": 129287083141, "instrument_name": "BTC-5DEC25", "bids": [[90817.5, 14330.0], [90815.0, 2510.0], [90812.5, 1770.0], [90810.0, 20850.0], [90807.5, 2100.0], [90805.0, 73300.0], [90802.5, 10.0], [90782.5, 2190.0], [90780.0, 7330.0], [90762.5, 300.0], [90760.0, 1000.0], [90742.5, 300.0], [90740.0, 1000.0], [90732.5, 13880.0], [90730.0, 46510.0], [90722.5, 4970.0], [90720.0, 16660.0], [90702.5, 300.0], [90700.0, 1000.0], [90692.5, 1870.0]], "asks": [[90820.0, 3100.0], [90827.5, 4910.0], [90830.0, 7960.0], [90832.5, 2100.0], [90835.0, 930.0], [90837.5, 2100.0], [90840.0, 1630.0], [90842.5, 2100.0], [90845.0, 10.0], [90852.5, 10.0], [90855.0, 1790.0], [90857.5, 5000.0], [90860.0, 1010.0], [90862.5, 2190.0], [90865.0, 7330.0], [90870.0, 29880.0], [90872.5, 50100.0], [90875.0, 51690.0], [90877.5, 4630.0], [90880.0, 1020.0]]}}}
{"jsonrpc": "2.0", "method": "subscription", "params": {"channel": "book.BTC-5DEC25.none.20.100ms", "data": {"timestamp": 1764208567131, "change_id": 129287083309, "instrument_name": "BTC-5DEC25", "bids": [[90817.5, 14330.0], [90815.0, 2000.0], [90812.5, 70.0], [90810.0, 20850.0], [90807.5, 2110.0], [90805.0, 73290.0], [90802.5, 10.0], [90782.5, 2190.0], [90780.0, 7330.0], [90762.5, 300.0], [90760.0, 1000.0], [90742.5, 300.0], [90740.0, 1000.0], [90732.5, 13880.0], [90730.0, 46510.0], [90722.5, 4970.0], [90720.0, 16660.0], [90702.5, 300.0], [90700.0, 1000.0], [90692.5, 1870.0]], "asks": [[90820.0, 3100.0], [90827.5, 4910.0], [90830.0, 7960.0], [90832.5, 2100.0], [90835.0, 930.0], [90837.5, 2100.0], [90840.0, 1630.0], [90842.5, 2100.0], [90845.0, 10.0], [90852.5, 10.0], [90855.0, 1790.0], [90857.5, 5000.0], [90860.0, 1010.0], [90862.5, 2190.0], [90865.0, 7330.0], [90870.0, 29880.0], [90872.5, 50100.0], [90875.0, 51690.0], [90877.5, 4630.0], [90880.0, 1020.0]]}}}
{"jsonrpc": "2.0", "method": "subscription", "params": {"channel": "book.BTC-5DEC25.none.20.100ms", "data": {"timestamp": 1764208567474, "change_id": 129287083852, "instrument_name": "BTC-5DEC25", "bids": [[90817.5, 14330.0], [90815.0, 2000.0], [90812.5, 70.0], [90810.0, 20850.0], [90807.5, 2110.0], [90805.0, 73290.0], [90802.5, 10.0], [90782.5, 2190.0], [90780.0, 7330.0], [90762.5, 300.0], [90760.0, 1000.0], [90742.5, 300.0], [90740.0, 1000.0], [90732.5, 13880.0], [90730.0, 46510.0], [90722.5, 4970.0], [90720.0, 16660.0], [90702.5, 300.0], [90700.0, 1000.0], [90692.5, 1870.0]], "asks": [[90820.0, 3100.0], [90827.5, 4910.0], [90830.0, 7960.0], [90832.5, 2100.0], [90835.0, 930.0], [90837.5, 2100.0], [90840.0, 1630.0], [90842.5, 2100.0], [90845.0, 10.0], [90852.5, 10.0], [90855.0, 1790.0], [90857.5, 5000.0], [90860.0, 1010.0], [90862.5, 2190.0], [90865.0, 7330.0], [90870.0, 29880.0], [90872.5, 50100.0], [90875.0, 51690.0], [90877.5, 4630.0], [90880.0, 1020.0]]}}}
{"jsonrpc": "2.0", "method": "subscription", "params": {"channel": "book.BTC-5DEC25.none.20.100ms", "data": {"timestamp": 1764208568258, "change_id": 129287084622, "instrument_name": "BTC-5DEC25", "bids": [[90817.5, 14330.0], [90812.5, 70.0], [90810.0, 20850.0], [90807.5, 2110.0], [90805.0, 73290.0], [90802.5, 10.0], [90782.5, 2190.0], [90780.0, 7330.0], [90762.5, 300.0], [90760.0, 1000.0], [90742.5, 300.0], [90740.0, 1000.0], [90732.5, 13880.0], [90730.0, 46510.0], [90722.5, 4970.0], [90720.0, 16660.0], [90702.5, 300.0], [90700.0, 1000.0], [90692.5, 1870.0], [90690.0, 6260.0]], "asks": [[90820.0, 3100.0], [90827.5, 4910.0], [90830.0, 7960.0], [90832.5, 2100.0], [90835.0, 930.0], [90837.5, 2100.0], [90840.0, 1630.0], [90842.5, 2100.0], [90845.0, 10.0], [90852.5, 10.0], [90855.0, 1790.0], [90857.5, 5000.0], [90860.0, 1010.0], [90862.5, 2190.0], [90865.0, 7330.0], [90870.0, 29880.0], [90872.5, 50100.0], [90875.0, 51690.0], [90877.5, 4630.0], [90880.0, 1020.0]]}}}
{"jsonrpc": "2.0", "method": "subscription", "params": {"channel": "book.BTC-5DEC25.none.20.100ms", "data": {"timestamp": 1764208568570, "change_id": 129287085120, "instrument_name": "BTC-5DEC25", "bids": [[90817.5, 5000.0], [90812.5, 70.0], [90810.0, 20850.0], [90807.5, 2100.0], [90805.0, 73300.0], [90802.5, 10.0], [90782.5, 2190.0], [90780.0, 7330.0], [90762.5, 300.0], [90760.0, 1000.0], [90742.5, 300.0], [90740.0, 1000.0], [90732.5, 13880.0], [90730.0, 46510.0], [90722.5, 4970.0], [90720.0, 16660.0], [90702.5, 300.0], [90700.0, 1000.0], [90692.5, 1870.0], [90690.0, 6260.0]], "asks": [[90820.0, 3100.0], [90827.5, 4910.0], [90830.0, 7960.0], [90832.5, 2100.0], [90835.0, 930.0], [90837.5, 2100.0], [90840.0, 1630.0], [90842.5, 2110.0], [90852.5, 10.0], [90855.0, 1790.0], [90857.5, 5000.0], [90860.0, 1010.0], [90862.5, 2190.0], [90865.0, 7330.0], [90870.0, 29880.0], [90872.5, 50100.0], [90875.0, 51690.0], [90877.5, 4630.0], [90880.0, 1020.0], [90897.5, 300.0]]}}}
{"jsonrpc": "2.0", "method": "subscription", "params": {"channel": "book.BTC-5DEC25.none.20.100ms", "data": {"timestamp": 1764208568901, "change_id": 129287085564, "instrument_name": "BTC-5DEC25", "bids": [[90817.5, 14430.0], [90812.5, 70.0], [90810.0, 1180.0], [90807.5, 2100.0], [90805.0, 2110.0], [90802.5, 10.0], [90782.5, 2190.0], [90780.0, 7330.0], [90762.5, 300.0], [90760.0, 1000.0], [90742.5, 300.0], [90740.0, 1000.0], [90732.5, 13880.0], [90730.0, 46510.0], [90722.5, 4970.0], [90720.0, 16660.0], [90702.5, 300.0], [90700.0, 1000.0], [90692.5, 1870.0], [90690.0, 6260.0]], "asks": [[90820.0, 3100.0], [90827.5, 4910.0], [90830.0, 7960.0], [90832.5, 2100.0], [90835.0, 930.0], [90837.5, 2100.0], [90840.0, 1630.0], [90842.5, 2100.0], [90845.0, 10.0], [90852.5, 10.0], [90855.0, 1790.0], [90857.5, 5000.0], [90860.0, 1010.0], [90862.5, 2190.0], [90865.0, 7330.0], [90870.0, 29880.0], [90872.5, 50100.0], [90875.0, 51690.0], [90877.5, 4630.0], [90880.0, 1020.0]]}}}
{"jsonrpc": "2.0", "method": "subscription", "params": {"channel": "book.BTC-5DEC25.none.20.100ms", "data": {"timestamp": 1764208569092, "change_id": 129287085738, "instrument_name": "BTC-5DEC25", "bids": [[90817.5, 14430.0], [90812.5, 70.0], [90810.0, 1180.0], [90807.5, 2110.0], [90805.0, 2100.0], [90802.5, 10.0], [90782.5, 2190.0], [90780.0, 7330.0], [90762.5, 300.0], [90760.0, 1000.0], [90742.5, 300.0], [90740.0, 1000.0], [90732.5, 13880.0], [90730.0, 46510.0], [90722.5, 4970.0], [90720.0, 16660.0], [90702.5, 300.0], [90700.0, 1000.0], [90692.5, 1870.0], [90690.0, 6260.0]], "asks": [[90820.0, 3100.0], [90827.5, 4910.0], [90830.0, 7960.0], [90832.5, 2100.0], [90835.0, 930.0], [90837.5, 2100.0], [90840.0, 1630.0], [90842.5, 2100.0], [90845.0, 10.0], [90852.5, 10.0], [90855.0, 1790.0], [90857.5, 5000.0], [90860.0, 1010.0], [90862.5, 2190.0], [90865.0, 7330.0], [90870.0, 29880.0], [90872.5, 50100.0], [90875.0, 51690.0], [90877.5, 4630.0], [90880.0, 1020.0]]}}}
{"jsonrpc": "2.0", "method": "subscription", "params": {"channel": "book.BTC-5DEC25.none.20.100ms", "data": {"timestamp": 1764208569385, "change_id": 129287086234, "instrument_name": "BTC-5DEC25", "bids": [[90817.5, 12330.0], [90812.5, 70.0], [90810.0, 1180.0], [90807.5, 2100.0], [90805.0, 2110.0], [90802.5, 10.0], [90782.5, 2190.0], [90780.0, 7330.0], [90762.5, 300.0], [90760.0, 1000.0], [90742.5, 300.0], [90740.0, 1000.0], [90732.5, 13880.0], [90730.0, 46510.0], [90722.5, 4970.0], [90720.0, 16660.0], [90702.5, 300.0], [90700.0, 1000.0], [90692.5, 1870.0], [90690.0, 6260.0]], "asks": [[90820.0, 3100.0], [90827.5, 4910.0], [90830.0, 7960.0], [90832.5, 2100.0], [90835.0, 930.0], [90837.5, 2100.0], [90840.0, 1630.0], [90842.5, 2100.0], [90845.0, 10.0], [90852.5, 10.0], [90855.0, 1790.0], [90857.5, 5000.0], [90860.0, 1010.0], [90862.5, 2190.0], [90865.0, 7330.0], [90870.0, 29880.0], [90872.5, 50100.0], [90875.0, 51690.0], [90877.5, 4630.0], [90880.0, 1020.0]]}}}
{"jsonrpc": "2.0", "method": "subscription", "params": {"channel": "book.BTC-5DEC25.none.20.100ms", "data": {"timestamp": 1764208569899, "change_id": 129287086806, "instrument_name": "BTC-5DEC25", "bids": [[90817.5, 14430.0], [90815.0, 500.0], [90812.5, 1670.0], [90810.0, 1180.0], [90807.5, 2110.0], [90805.0, 2100.0], [90802.5, 10.0], [90782.5, 2190.0], [90780.0, 7330.0], [90762.5, 300.0], [90760.0, 1000.0], [90742.5, 300.0], [90740.0, 1000.0], [90732.5, 13880.0], [90730.0, 46510.0], [90722.5, 4970.0], [90720.0, 16660.0], [90702.5, 300.0], [90700.0, 1000.0], [90692.5, 1870.0]], "asks": [[90820.0, 3100.0], [90827.5, 4910.0], [90830.0, 7960.0], [90832.5, 2100.0], [90835.0, 930.0], [90837.5, 2100.0], [90840.0, 1630.0], [90842.5, 2100.0], [90845.0, 10.0], [90852.5, 10.0], [90855.0, 1790.0], [90857.5, 5000.0], [90860.0, 1010.0], [90862.5, 2190.0], [90865.0, 7330.0], [90870.0, 29880.0], [90872.5, 50100.0], [90875.0, 51690.0], [90877.5, 4630.0], [90880.0, 1020.0]]}}}
{"jsonrpc": "2.0", "method": "subscription", "params": {"channel": "book.BTC-5DEC25.none.20.100ms", "data": {"timestamp": 1764208570074, "change_id": 129287086996, "instrument_name": "BTC-5DEC25", "bids": [[90817.5, 14430.0], [90815.0, 500.0], [90812.5, 1670.0], [90810.0, 21410.0], [90807.5, 38430.0], [90805.0, 38420.0], [90802.5, 10.0], [90782.5, 2190.0], [90780.0, 7330.0], [90762.5, 300.0], [90760.0, 1000.0], [90742.5, 300.0], [90740.0, 1000.0], [90732.5, 13880.0], [90730.0, 46510.0], [90722.5, 4970.0], [90720.0, 16660.0], [90702.5, 300.0], [90700.0, 1000.0], [90692.5, 1870.0]], "asks": [[90820.0, 3100.0], [90827.5, 4910.0], [90830.0, 7960.0], [90832.5, 2100.0], [90835.0, 930.0], [90837.5, 2100.0], [90840.0, 1630.0], [90842.5, 2100.0], [90845.0, 10.0], [90852.5, 10.0], [90855.0, 1790.0], [90857.5, 5000.0], [90860.0, 1010.0], [90862.5, 2190.0], [90865.0, 7330.0], [90870.0, 29880.0], [90872.5, 50100.0], [90875.0, 51690.0], [90877.5, 4630.0], [90880.0, 1020.0]]}}}
{"jsonrpc": "2.0", "method": "subscription", "params": {"channel": "book.BTC-5DEC25.none.20.100ms", "data": {"timestamp": 1764208571849, "change_id": 129287089045, "instrument_name": "BTC-5DEC25", "bids": [[90817.5, 14430.0], [90815.0, 500.0], [90812.5, 1670.0], [90810.0, 21410.0], [90807.5, 38430.0], [90805.0, 36320.0], [90782.5, 2190.0], [90780.0, 7330.0], [90762.5, 300.0], [90760.0, 1000.0], [90742.5, 300.0], [90740.0, 1000.0], [90732.5, 13880.0], [90730.0, 46510.0], [90722.5, 4970.0], [90720.0, 16660.0], [90702.5, 300.0], [90700.0, 1000.0], [90692.5, 1870.0], [90690.0, 6260.0]], "asks": [[90820.0, 3100.0], [90827.5, 4910.0], [90830.0, 7960.0], [90832.5, 2100.0], [90835.0, 930.0], [90837.5, 2100.0], [90840.0, 1630.0], [90842.5, 2100.0], [90845.0, 10.0], [90852.5, 10.0], [90855.0, 1790.0], [90857.5, 5000.0], [90860.0, 1010.0], [90862.5, 2190.0], [90865.0, 7330.0], [90870.0, 29880.0], [90872.5, 50100.0], [90875.0, 51690.0], [90877.5, 4630.0], [90880.0, 1020.0]]}}}
{"jsonrpc": "2.0", "method": "subscription", "params": {"channel": "book.BTC-5DEC25.none.20.100ms", "data": {"timestamp": 1764208572855, "change_id": 129287090187, "instrument_name": "BTC-5DEC25", "bids": [[90817.5, 12330.0], [90815.0, 500.0], [90812.5, 2170.0], [90810.0, 21410.0], [90807.5, 38420.0], [90805.0, 36340.0], [90782.5, 2190.0], [90780.0, 7330.0], [90762.5, 300.0], [90760.0, 1000.0], [90742.5, 300.0], [90740.0, 1000.0], [90732.5, 13880.0], [90730.0, 46510.0], [90722.5, 4970.0], [90720.0, 16660.0], [90702.5, 300.0], [90700.0, 1000.0], [90692.5, 1870.0], [90690.0, 6260.0]], "asks": [[90820.0, 3100.0], [90827.5, 4910.0], [90830.0, 7960.0], [90832.5, 2100.0], [90835.0, 930.0], [90837.5, 2100.0], [90840.0, 1630.0], [90842.5, 2100.0], [90845.0, 10.0], [90852.5, 10.0], [90855.0, 1790.0], [90857.5, 5000.0], [90860.0, 1010.0], [90862.5, 2190.0], [90865.0, 7330.0], [90870.0, 29880.0], [90872.5, 50100.0], [90875.0, 51690.0], [90877.5, 4630.0], [90880.0, 1020.0]]}}}
{"jsonrpc": "2.0", "method": "subscription", "params": {"channel": "book.BTC-5DEC25.none.20.100ms", "data": {"timestamp": 1764208573076, "change_id": 129287090441, "instrument_name": "BTC-5DEC25", "bids": [[90817.5, 12330.0], [90815.0, 500.0], [90812.5, 2170.0], [90810.0, 11950.0], [90807.5, 2100.0], [90805.0, 36330.0], [90802.5, 10.0], [90782.5, 2190.0], [90780.0, 7330.0], [90762.5, 300.0], [90760.0, 1000.0], [90742.5, 300.0], [90740.0, 1000.0], [90732.5, 13880.0], [90730.0, 46510.0], [90722.5, 4970.0], [90720.0, 16660.0], [90702.5, 300.0], [90700.0, 1000.0], [90692.5, 1870.0]], "asks": [[90820.0, 3100.0], [90827.5, 4910.0], [90830.0, 7960.0], [90832.5, 2100.0], [90835.0, 930.0], [90837.5, 2100.0], [90840.0, 1630.0], [90842.5, 2100.0], [90845.0, 10.0], [90852.5, 10.0], [90855.0, 1790.0], [90857.5, 5000.0], [90860.0, 1010.0], [90862.5, 2190.0], [90865.0, 7330.0], [90870.0, 29880.0], [90872.5, 50100.0], [90875.0, 51690.0], [90877.5, 4630.0], [90880.0, 1020.0]]}}}
{"jsonrpc": "2.0", "method": "subscription", "params": {"channel": "book.BTC-5DEC25.none.20.100ms", "data": {"timestamp": 1764208573461, "change_id": 129287090992, "instrument_name": "BTC-5DEC25", "bids": [[90817.5, 12330.0], [90815.0, 500.0], [90812.5, 2170.0], [90810.0, 11950.0], [90807.5, 2100.0], [90805.0, 36330.0], [90802.5, 10850.0], [90800.0, 36320.0], [90782.5, 2190.0], [90780.0, 7330.0], [90762.5, 300.0], [90760.0, 1000.0], [90742.5, 300.0], [90740.0, 1000.0], [90732.5, 13880.0], [90730.0, 46510.0], [90722.5, 4970.0], [90720.0, 16660.0], [90702.5, 300.0], [90700.0, 1000.0]], "asks": [[90820.0, 3100.0], [90827.5, 4910.0], [90830.0, 7960.0], [90832.5, 2100.0], [90835.0, 930.0], [90837.5, 2100.0], [90840.0, 1630.0], [90842.5, 2100.0], [90845.0, 10.0], [90852.5, 10.0], [90855.0, 1790.0], [90857.5, 5000.0], [90860.0, 1010.0], [90862.5, 2190.0], [90865.0, 7330.0], [90870.0, 29880.0], [90872.5, 50100.0], [90875.0, 51690.0], [90877.5, 4630.0], [90880.0, 1020.0]]}}}
{"jsonrpc": "2.0", "method": "subscription", "params": {"channel": "book.BTC-5DEC25.none.20.100ms", "data": {"timestamp": 1764208573794, "change_id": 129287091291, "instrument_name": "BTC-5DEC25", "bids": [[90817.5, 12330.0], [90815.0, 500.0], [90812.5, 2170.0], [90810.0, 11950.0], [90807.5, 2110.0], [90805.0, 36320.0], [90802.5, 10850.0], [90800.0, 36320.0], [90782.5, 2190.0], [90780.0, 7330.0], [90762.5, 300.0], [90760.0, 1000.0], [90742.5, 300.0], [90740.0, 1000.0], [90732.5, 13880.0], [90730.0, 46510.0], [90722.5, 4970.0], [90720.0, 16660.0], [90702.5, 300.0], [90700.0, 1000.0]], "asks": [[90820.0, 3100.0], [90827.5, 4910.0], [90830.0, 7960.0], [90832.5, 2100.0], [90835.0, 930.0], [90837.5, 2100.0], [90840.0, 1630.0], [90842.5, 2100.0], [90845.0, 10.0], [90852.5, 10.0], [90855.0, 1790.0], [90857.5, 5000.0], [90860.0, 1010.0], [90862.5, 2190.0], [90865.0, 7330.0], [90870.0, 29880.0], [90872.5, 50100.0], [90875.0, 51690.0], [90877.5, 4630.0], [90880.0, 1020.0]]}}}
{"jsonrpc": "2.0", "method": "subscription", "params": {"channel": "book.BTC-5DEC25.none.20.100ms", "data": {"timestamp": 1764208574178, "change_id": 129287091712, "instrument_name": "BTC-5DEC25", "bids": [[90817.5, 12330.0], [90815.0, 500.0], [90812.5, 2170.0], [90810.0, 11950.0], [90807.5, 2110.0], [90805.0, 36320.0], [90802.5, 10.0], [90782.5, 2190.0], [90780.0, 7330.0], [90762.5, 300.0], [90760.0, 1000.0], [90742.5, 300.0], [90740.0, 1000.0], [90732.5, 13880.0], [90730.0, 46510.0], [90722.5, 4970.0], [90720.0, 16660.0], [90702.5, 300.0], [90700.0, 1000.0], [90692.5, 1870.0]], "asks": [[90820.0, 3100.0], [90827.5, 4910.0], [90830.0, 7960.0], [90832.5, 2100.0], [90835.0, 930.0], [90837.5, 2100.0], [90840.0, 1630.0], [90842.5, 2100.0], [90845.0, 10.0], [90852.5, 10.0], [90855.0, 1790.0], [90857.5, 5000.0], [90860.0, 1010.0], [90862.5, 2190.0], [90865.0, 7330.0], [90870.0, 29880.0], [90872.5, 50100.0], [90875.0, 51690.0], [90877.5, 4630.0], [90880.0, 1020.0]]}}}
{"jsonrpc": "2.0", "method": "subscription", "params": {"channel": "book.BTC-5DEC25.none.20.100ms", "data": {"timestamp": 1764208574540, "change_id": 129287092160, "instrument_name": "BTC-5DEC25", "bids": [[90817.5, 12330.0], [90815.0, 500.0], [90812.5, 2170.0], [90810.0, 20790.0], [90807.5, 2110.0], [90805.0, 72640.0], [90802.5, 10.0], [90782.5, 2190.0], [90780.0, 7330.0], [90762.5, 300.0], [90760.0, 1000.0], [90742.5, 300.0], [90740.0, 1000.0], [90732.5, 13880.0], [90730.0, 46510.0], [90722.5, 4970.0], [90720.0, 16660.0], [90702.5, 300.0], [90700.0, 1000.0], [90692.5, 1870.0]], "asks": [[90820.0, 3100.0], [90827.5, 4910.0], [90830.0, 7960.0], [90832.5, 2100.0], [90835.0, 930.0], [90837.5, 2100.0], [90840.0, 1630.0], [90842.5, 2100.0], [90845.0, 10.0], [90852.5, 10.0], [90855.0, 1790.0], [90857.5, 5000.0], [90860.0, 1010.0], [90862.5, 2190.0], [90865.0, 7330.0], [90870.0, 29880.0], [90872.5, 50100.0], [90875.0, 51690.0], [90877.5, 4630.0], [90880.0, 1020.0]]}}}
{"jsonrpc": "2.0", "method": "subscription", "params": {"channel": "book.BTC-5DEC25.none.20.100ms", "data": {"timestamp": 1764208574666, "change_id": 129287092386, "instrument_name": "BTC-5DEC25", "bids": [[90817.5, 12330.0], [90815.0, 500.0], [90812.5, 2170.0], [90810.0, 20790.0], [90807.5, 2110.0], [90805.0, 72640.0], [90782.5, 2190.0], [90780.0, 7330.0], [90762.5, 300.0], [90760.0, 1000.0], [90742.5, 300.0], [90740.0, 1000.0], [90732.5, 13880.0], [90730.0, 46510.0], [90722.5, 4970.0], [90720.0, 16660.0], [90702.5, 300.0], [90700.0, 1000.0], [90692.5, 1870.0], [90690.0, 6260.0]], "asks": [[90820.0, 3100.0], [90827.5, 4910.0], [90830.0, 7960.0], [90832.5, 2100.0], [90835.0, 930.0], [90837.5, 2100.0], [90840.0, 1630.0], [90842.5, 2100.0], [90845.0, 10.0], [90852.5, 10.0], [90855.0, 1790.0], [90857.5, 5000.0], [90860.0, 1010.0], [90862.5, 2190.0], [90865.0, 7330.0], [90870.0, 29880.0], [90872.5, 50100.0], [90875.0, 51690.0], [90877.5, 4630.0], [90880.0, 1020.0]]}}}
{"jsonrpc": "2.0", "method": "subscription", "params": {"channel": "book.BTC-5DEC25.none.20.100ms", "data": {"timestamp": 1764208574919, "change_id": 129287092533, "instrument_name": "BTC-5DEC25", "bids": [[90817.5, 12330.0], [90815.0, 500.0], [90812.5, 2170.0], [90810.0, 20790.0], [90807.5, 2110.0], [90805.0, 72640.0], [90782.5, 2190.0], [90780.0, 7330.0], [90762.5, 300.0], [90760.0, 1000.0], [90742.5, 300.0], [90740.0, 1000.0], [90732.5, 13880.0], [90730.0, 46510.0], [90722.5, 4970.0], [90720.0, 16660.0], [90702.5, 300.0], [90700.0, 1000.0], [90692.5, 1870.0], [90690.0, 6260.0]], "asks": [[90820.0, 3100.0], [90827.5, 4910.0], [90830.0, 7960.0], [90832.5, 2100.0], [90835.0, 930.0], [90837.5, 2100.0], [90840.0, 1630.0], [90842.5, 2100.0], [90845.0, 10.0], [90852.5, 10.0], [90855.0, 1790.0], [90857.5, 5000.0], [90860.0, 1010.0], [90862.5, 2190.0], [90865.0, 7330.0], [90870.0, 29880.0], [90872.5, 50100.0], [90875.0, 51690.0], [90877.5, 4630.0], [90880.0, 1020.0]]}}}
{"jsonrpc": "2.0", "method": "subscription", "params": {"channel": "book.BTC-5DEC25.none.20.100ms", "data": {"timestamp": 1764208575730, "change_id": 129287093550, "instrument_name": "BTC-5DEC25", "bids": [[90817.5, 12330.0], [90815.0, 500.0], [90812.5, 2170.0], [90810.0, 20790.0], [90807.5, 2110.0], [90805.0, 72640.0], [90782.5, 2190.0], [90780.0, 7330.0], [90762.5, 300.0], [90760.0, 1000.0], [90742.5, 300.0], [90740.0, 1000.0], [90732.5, 13880.0], [90730.0, 46510.0], [90722.5, 4970.0], [90720.0, 16660.0], [90702.5, 300.0], [90700.0, 1000.0], [90692.5, 1870.0], [90690.0, 6260.0]], "asks": [[90820.0, 3100.0], [90827.5, 4910.0], [90830.0, 7960.0], [90832.5, 2100.0], [90835.0, 930.0], [90837.5, 2100.0], [90840.0, 1630.0], [90842.5, 2100.0], [90845.0, 10.0], [90852.5, 10.0], [90855.0, 1790.0], [90857.5, 5000.0], [90860.0, 1010.0], [90862.5, 2190.0], [90865.0, 7330.0], [90870.0, 29880.0], [90872.5, 50100.0], [90875.0, 51690.0], [90877.5, 4630.0], [90880.0, 1020.0]]}}}
{"jsonrpc": "2.0", "method": "subscription", "params": {"channel": "book.BTC-5DEC25.none.20.100ms", "data": {"timestamp": 1764208576489, "change_id": 129287094421, "instrument_name": "BTC-5DEC25", "bids": [[90817.5, 12330.0], [90815.0, 500.0], [90812.5, 2170.0], [90810.0, 20790.0], [90807.5, 2110.0], [90805.0, 72640.0], [90782.5, 2190.0], [90780.0, 7330.0], [90762.5, 300.0], [90760.0, 1000.0], [90742.5, 300.0], [90740.0, 1000.0], [90732.5, 13880.0], [90730.0, 46510.0], [90722.5, 4970.0], [90720.0, 16660.0], [90702.5, 300.0], [90700.0, 1000.0], [90692.5, 1870.0], [90690.0, 6260.0]], "asks": [[90820.0, 3100.0], [90827.5, 4910.0], [90830.0, 7960.0], [90832.5, 2100.0], [90835.0, 930.0], [90837.5, 2100.0], [90840.0, 1630.0], [90842.5, 2100.0], [90845.0, 10.0], [90852.5, 10.0], [90855.0, 1790.0], [90857.5, 5000.0], [90860.0, 1010.0], [90862.5, 2190.0], [90865.0, 7330.0], [90870.0, 29880.0], [90872.5, 50100.0], [90875.0, 51690.0], [90877.5, 4630.0], [90880.0, 1020.0]]}}}
{"jsonrpc": "2.0", "method": "subscription", "params": {"channel": "book.BTC-5DEC25.none.20.100ms", "data": {"timestamp": 1764208577248, "change_id": 129287095119, "instrument_name": "BTC-5DEC25", "bids": [[90817.5, 12330.0], [90815.0, 500.0], [90812.5, 2170.0], [90810.0, 20790.0], [90807.5, 2110.0], [90805.0, 72640.0], [90782.5, 2190.0], [90780.0, 7330.0], [90762.5, 300.0], [90760.0, 1000.0], [90742.5, 300.0], [90740.0, 1000.0], [90732.5, 13880.0], [90730.0, 46510.0], [90722.5, 4970.0], [90720.0, 16660.0], [90702.5, 300.0], [90700.0, 1000.0], [90692.5, 1870.0], [90690.0, 6260.0]], "asks": [[90820.0, 3100.0], [90825.0, 630.0], [90827.5, 2100.0], [90830.0, 630.0], [90832.5, 2100.0], [90835.0, 930.0], [90837.5, 2100.0], [90840.0, 1630.0], [90842.5, 2100.0], [90845.0, 10.0], [90852.5, 10.0], [90855.0, 1790.0], [90857.5, 5000.0], [90860.0, 1010.0], [90862.5, 2190.0], [90865.0, 7330.0], [90870.0, 29880.0], [90872.5, 50100.0], [90875.0, 51690.0], [90877.5, 4630.0]]}}}
{"jsonrpc": "2.0", "method": "subscription", "params": {"channel": "book.BTC-5DEC25.none.20.100ms", "data": {"timestamp": 1764208577477, "change_id": 129287095537, "instrument_name": "BTC-5DEC25", "bids": [[90817.5, 12330.0], [90815.0, 500.0], [90812.5, 2170.0], [90810.0, 11950.0], [90807.5, 2110.0], [90805.0, 36320.0], [90782.5, 2190.0], [90780.0, 7330.0], [90762.5, 300.0], [90760.0, 1000.0], [90742.5, 300.0], [90740.0, 1000.0], [90732.5, 13880.0], [90730.0, 46510.0], [90722.5, 4970.0], [90720.0, 16660.0], [90702.5, 300.0], [90700.0, 1000.0], [90692.5, 1870.0], [90690.0, 6260.0]], "asks": [[90820.0, 3100.0], [90825.0, 2730.0], [90827.5, 2100.0], [90830.0, 7960.0], [90832.5, 2100.0], [90835.0, 930.0], [90837.5, 2100.0], [90840.0, 1630.0], [90842.5, 2100.0], [90845.0, 10.0], [90852.5, 10.0], [90855.0, 1790.0], [90857.5, 5000.0], [90860.0, 1010.0], [90862.5, 2190.0], [90865.0, 7330.0], [90870.0, 29880.0], [90872.5, 50100.0], [90875.0, 51690.0], [90877.5, 4630.0]]}}}
{"jsonrpc": "2.0", "method": "subscription", "params": {"channel": "book.BTC-5DEC25.none.20.100ms", "data": {"timestamp": 1764208577833, "change_id": 129287095837, "instrument_name": "BTC-5DEC25", "bids": [[90817.5, 12330.0], [90815.0, 500.0], [90812.5, 2170.0], [90810.0, 11950.0], [90807.5, 2110.0], [90805.0, 36320.0], [90802.5, 10840.0], [90800.0, 36320.0], [90782.5, 2190.0], [90780.0, 7330.0], [90762.5, 300.0], [90760.0, 1000.0], [90742.5, 300.0], [90740.0, 1000.0], [90732.5, 13880.0], [90730.0, 46510.0], [90722.5, 4970.0], [90720.0, 16660.0], [90702.5, 300.0], [90700.0, 1000.0]], "asks": [[90820.0, 3100.0], [90822.5, 2100.0], [90825.0, 2730.0], [90827.5, 2100.0], [90830.0, 7960.0], [90832.5, 2100.0], [90835.0, 930.0], [90837.5, 2100.0], [90840.0, 1630.0], [90842.5, 2100.0], [90845.0, 10.0], [90852.5, 10.0], [90855.0, 1790.0], [90857.5, 5000.0], [90860.0, 1010.0], [90862.5, 2190.0], [90865.0, 7330.0], [90870.0, 29880.0], [90872.5, 50100.0], [90875.0, 51690.0]]}}}
{"jsonrpc": "2.0", "method": "subscription", "params": {"channel": "book.BTC-5DEC25.none.20.100ms", "data": {"timestamp": 1764208578008, "change_id": 129287096010, "instrument_name": "BTC-5DEC25", "bids": [[90817.5, 12330.0], [90815.0, 500.0], [90812.5, 2170.0], [90810.0, 11950.0], [90807.5, 2110.0], [90805.0, 36320.0], [90802.5, 10840.0], [90800.0, 36320.0], [90782.5, 2190.0], [90780.0, 7330.0], [90762.5, 300.0], [90760.0, 1000.0], [90742.5, 300.0], [90740.0, 1000.0], [90732.5, 13880.0], [90730.0, 46510.0], [90722.5, 4970.0], [90720.0, 16660.0], [90702.5, 300.0], [90700.0, 1000.0]], "asks": [[90820.0, 3100.0], [90822.5, 2100.0], [90825.0, 2730.0], [90827.5, 2100.0], [90830.0, 7960.0], [90832.5, 2100.0], [90835.0, 930.0], [90837.5, 2100.0], [90840.0, 1630.0], [90842.5, 2100.0], [90845.0, 10.0], [90852.5, 10.0], [90855.0, 1790.0], [90857.5, 5000.0], [90860.0, 1010.0], [90862.5, 2190.0], [90865.0, 7330.0], [90870.0, 29880.0], [90872.5, 50100.0], [90875.0, 51690.0]]}}}
{"jsonrpc": "2.0", "method": "subscription", "params": {"channel": "book.BTC-5DEC25.none.20.100ms", "data": {"timestamp": 1764208578791, "change_id": 129287096855, "instrument_name": "BTC-5DEC25", "bids": [[90817.5, 12330.0], [90815.0, 500.0], [90812.5, 2170.0], [90810.0, 11950.0], [90807.5, 2110.0], [90805.0, 36320.0], [90802.5, 10840.0], [90800.0, 36320.0], [90782.5, 2190.0], [90780.0, 7330.0], [90762.5, 300.0], [90760.0, 1000.0], [90742.5, 300.0], [90740.0, 1000.0], [90732.5, 13880.0], [90730.0, 46510.0], [90722.5, 4970.0], [90720.0, 16660.0], [90702.5, 300.0], [90700.0, 1000.0]], "asks": [[90820.0, 3100.0], [90822.5, 2100.0], [90825.0, 2730.0], [90827.5, 2100.0], [90830.0, 7960.0], [90832.5, 2100.0], [90835.0, 930.0], [90837.5, 2100.0], [90840.0, 1630.0], [90842.5, 2100.0], [90845.0, 10.0], [90852.5, 10.0], [90855.0, 1790.0], [90857.5, 5000.0], [90860.0, 1010.0], [90862.5, 2190.0], [90865.0, 7330.0], [90870.0, 29880.0], [90872.5, 50100.0], [90875.0, 51690.0]]}}}
{"jsonrpc": "2.0", "method": "subscription", "params": {"channel": "book.BTC-5DEC25.none.20.100ms", "data": {"timestamp": 1764208579565, "change_id": 129287098685, "instrument_name": "BTC-5DEC25", "bids": [[90817.5, 12330.0], [90812.5, 1670.0], [90807.5, 2100.0], [90805.0, 36330.0], [90802.5, 10850.0], [90800.0, 36320.0], [90780.0, 7330.0], [90762.5, 300.0], [90760.0, 1000.0], [90740.0, 1000.0], [90732.5, 13880.0], [90730.0, 46510.0], [90720.0, 16660.0], [90702.5, 300.0], [90700.0, 1000.0], [90692.5, 1870.0], [90690.0, 6260.0], [90680.0, 3430.0], [90660.0, 1000.0], [90642.5, 9740.0]], "asks": [[90835.0, 10.0], [90837.5, 2100.0], [90840.0, 1000.0], [90845.0, 10.0], [90852.5, 10.0], [90857.5, 5000.0], [90860.0, 1010.0], [90872.5, 50100.0], [90875.0, 50000.0], [90877.5, 4630.0], [90880.0, 1020.0], [90900.0, 1020.0], [90905.0, 17230.0], [90907.5, 2430.0], [90920.0, 1000.0], [90925.0, 100.0], [90930.0, 10.0], [90940.0, 7210.0], [90960.0, 1010.0], [90965.0, 28950.0]]}}}
{"jsonrpc": "2.0", "method": "subscription", "params": {"channel": "book.BTC-5DEC25.none.20.100ms", "data": {"timestamp": 1764208579833, "change_id": 129287100974, "instrument_name": "BTC-5DEC25", "bids": [[90817.5, 5010.0], [90812.5, 70.0], [90800.0, 36320.0], [90782.5, 10010.0], [90775.0, 3360.0], [90765.0, 16200.0], [90760.0, 1000.0], [90740.0, 1000.0], [90730.0, 46510.0], [90722.5, 10.0], [90720.0, 1000.0], [90700.0, 1000.0], [90680.0, 3430.0], [90660.0, 1000.0], [90642.5, 9740.0], [90640.0, 1000.0], [90620.0, 1000.0], [90600.0, 1000.0], [90597.5, 4560.0], [90580.0, 1000.0]], "asks": [[90852.5, 10.0], [90860.0, 1010.0], [90862.5, 2100.0], [90872.5, 50100.0], [90875.0, 50000.0], [90877.5, 4640.0], [90880.0, 1020.0], [90900.0, 1020.0], [90905.0, 16500.0], [90907.5, 9760.0], [90920.0, 1000.0], [90925.0, 100.0], [90930.0, 10.0], [90940.0, 1000.0], [90960.0, 1010.0], [90965.0, 9740.0], [90970.0, 42570.0], [90972.5, 20.0], [90980.0, 1000.0], [90990.0, 6220.0]]}}}
{"jsonrpc": "2.0", "method": "subscription", "params": {"channel": "book.BTC-5DEC25.none.20.100ms", "data": {"timestamp": 1764208580241, "change_id": 129287102363, "instrument_name": "BTC-5DEC25", "bids": [[90850.0, 12330.0], [90845.0, 70.0], [90840.0, 10.0], [90825.0, 2210.0], [90822.5, 7330.0], [90820.0, 10.0], [90782.5, 10010.0], [90777.5, 1000.0], [90775.0, 3360.0], [90767.5, 4840.0], [90765.0, 16200.0], [90762.5, 300.0], [90760.0, 1000.0], [90742.5, 300.0], [90740.0, 1000.0], [90732.5, 13880.0], [90730.0, 46510.0], [90722.5, 300.0], [90720.0, 1000.0], [90702.5, 300.0]], "asks": [[90852.5, 10.0], [90860.0, 1010.0], [90862.5, 2100.0], [90870.0, 29880.0], [90872.5, 50100.0], [90875.0, 50000.0], [90877.5, 10.0], [90880.0, 8350.0], [90900.0, 1020.0], [90902.5, 5000.0], [90907.5, 9760.0], [90917.5, 300.0], [90920.0, 1000.0], [90925.0, 100.0], [90930.0, 10.0], [90937.5, 300.0], [90940.0, 1000.0], [90957.5, 300.0], [90960.0, 1010.0], [90962.5, 2910.0]]}}}
{"jsonrpc": "2.0", "method": "subscription", "params": {"channel": "book.BTC-5DEC25.none.20.100ms", "data": {"timestamp": 1764208580581, "change_id": 129287103550, "instrument_name": "BTC-5DEC25", "bids": [[90850.0, 5000.0], [90845.0, 70.0], [90840.0, 10.0], [90825.0, 2210.0], [90822.5, 7330.0], [90820.0, 10.0], [90785.0, 2990.0], [90782.5, 10010.0], [90777.5, 1000.0], [90775.0, 3360.0], [90767.5, 4840.0], [90765.0, 16200.0], [90762.5, 300.0], [90760.0, 1000.0], [90742.5, 300.0], [90740.0, 1000.0], [90732.5, 13880.0], [90730.0, 46510.0], [90722.5, 300.0], [90720.0, 1000.0]], "asks": [[90852.5, 10.0], [90860.0, 1010.0], [90862.5, 2100.0], [90870.0, 29880.0], [90872.5, 50100.0], [90875.0, 52500.0], [90877.5, 7330.0], [90880.0, 1030.0], [90900.0, 2510.0], [90902.5, 5000.0], [90905.0, 730.0], [90907.5, 2430.0], [90917.5, 300.0], [90920.0, 1000.0], [90922.5, 4720.0], [90925.0, 15820.0], [90930.0, 10.0], [90937.5, 300.0], [90940.0, 1000.0], [90957.5, 300.0]]}}}
{"jsonrpc": "2.0", "method": "subscription", "params": {"channel": "book.BTC-5DEC25.none.20.100ms", "data": {"timestamp": 1764208580909, "change_id": 129287104811, "instrument_name": "BTC-5DEC25", "bids": [[90850.0, 12330.0], [90845.0, 70.0], [90840.0, 10.0], [90825.0, 2190.0], [90822.5, 7330.0], [90820.0, 10.0], [90785.0, 2990.0], [90782.5, 10010.0], [90777.5, 1000.0], [90775.0, 3360.0], [90767.5, 4840.0], [90765.0, 16200.0], [90762.5, 300.0], [90760.0, 1000.0], [90742.5, 300.0], [90740.0, 1000.0], [90732.5, 13880.0], [90730.0, 46510.0], [90722.5, 300.0], [90720.0, 1000.0]], "asks": [[90852.5, 2110.0], [90860.0, 1010.0], [90865.0, 630.0], [90867.5, 2100.0], [90870.0, 29880.0], [90872.5, 57430.0], [90875.0, 50000.0], [90877.5, 320.0], [90880.0, 1020.0], [90892.5, 1490.0], [90895.0, 5000.0], [90900.0, 1020.0], [90905.0, 2910.0], [90907.5, 9760.0], [90920.0, 1000.0], [90925.0, 15820.0], [90930.0, 10.0], [90940.0, 1000.0], [90960.0, 1010.0], [90965.0, 14360.0]]}}}
{"jsonrpc": "2.0", "method": "subscription", "params": {"channel": "book.BTC-5DEC25.none.20.100ms", "data": {"timestamp": 1764208581199, "change_id": 129287105895, "instrument_name": "BTC-5DEC25", "bids": [[90850.0, 12330.0], [90845.0, 70.0], [90840.0, 10.0], [90830.0, 10.0], [90825.0, 2190.0], [90822.5, 7330.0], [90785.0, 2990.0], [90782.5, 10010.0], [90777.5, 1000.0], [90775.0, 3360.0], [90767.5, 4840.0], [90765.0, 16200.0], [90762.5, 300.0], [90760.0, 1000.0], [90742.5, 300.0], [90740.0, 1000.0], [90732.5, 13880.0], [90730.0, 46510.0], [90722.5, 300.0], [90720.0, 1000.0]], "asks": [[90852.5, 2110.0], [90860.0, 1010.0], [90867.5, 2100.0], [90870.0, 29880.0], [90872.5, 57430.0], [90875.0, 50000.0], [90877.5, 320.0], [90880.0, 1020.0], [90892.5, 1490.0], [90895.0, 5000.0], [90897.5, 300.0], [90900.0, 1020.0], [90905.0, 2910.0], [90907.5, 7330.0], [90917.5, 300.0], [90920.0, 1000.0], [90922.5, 4720.0], [90925.0, 15820.0], [90930.0, 10.0], [90937.5, 300.0]]}}}
{"jsonrpc": "2.0", "method": "subscription", "params": {"channel": "book.BTC-5DEC25.none.20.100ms", "data": {"timestamp": 1764208581385, "change_id": 129287106299, "instrument_name": "BTC-5DEC25", "bids": [[90850.0, 12330.0], [90845.0, 70.0], [90840.0, 10.0], [90835.0, 10850.0], [90832.5, 36330.0], [90830.0, 10.0], [90825.0, 2190.0], [90822.5, 7330.0], [90785.0, 2990.0], [90782.5, 10010.0], [90777.5, 1000.0], [90775.0, 3360.0], [90767.5, 4840.0], [90765.0, 16200.0], [90762.5, 300.0], [90760.0, 1000.0], [90742.5, 300.0], [90740.0, 1000.0], [90732.5, 13880.0], [90730.0, 46510.0]], "asks": [[90852.5, 2110.0], [90860.0, 1010.0], [90865.0, 630.0], [90867.5, 2100.0], [90870.0, 29880.0], [90872.5, 57430.0], [90875.0, 50000.0], [90877.5, 320.0], [90880.0, 1020.0], [90892.5, 1490.0], [90895.0, 5000.0], [90897.5, 300.0], [90900.0, 1020.0], [90905.0, 2910.0], [90907.5, 7330.0], [90917.5, 300.0], [90920.0, 1000.0], [90922.5, 4720.0], [90925.0, 15820.0], [90930.0, 10.0]]}}}
{"jsonrpc": "2.0", "method": "subscription", "params": {"channel": "book.BTC-5DEC25.none.20.100ms", "data": {"timestamp": 1764208581817, "change_id": 129287106953, "instrument_name": "BTC-5DEC25", "bids": [[90850.0, 12330.0], [90845.0, 70.0], [90840.0, 10.0], [90835.0, 20300.0], [90832.5, 36330.0], [90830.0, 36340.0], [90825.0, 2190.0], [90822.5, 7330.0], [90785.0, 2990.0], [90782.5, 10010.0], [90777.5, 1000.0], [90775.0, 3360.0], [90767.5, 4840.0], [90765.0, 16200.0], [90762.5, 300.0], [90760.0, 1000.0], [90742.5, 300.0], [90740.0, 1000.0], [90732.5, 13880.0], [90730.0, 46510.0]], "asks": [[90852.5, 2110.0], [90860.0, 1010.0], [90862.5, 2100.0], [90865.0, 630.0], [90867.5, 2100.0], [90870.0, 29880.0], [90872.5, 57430.0], [90875.0, 50000.0], [90877.5, 320.0], [90880.0, 1020.0], [90892.5, 1490.0], [90895.0, 5000.0], [90897.5, 300.0], [90900.0, 1020.0], [90905.0, 2910.0], [90907.5, 7330.0], [90917.5, 300.0], [90920.0, 1000.0], [90922.5, 4720.0], [90925.0, 15820.0]]}}}
{"jsonrpc": "2.0", "method": "subscription", "params": {"channel": "book.BTC-5DEC25.none.20.100ms", "data": {"timestamp": 1764208582123, "change_id": 129287107481, "instrument_name": "BTC-5DEC25", "bids": [[90850.0, 12330.0], [90845.0, 70.0], [90840.0, 10.0], [90835.0, 20300.0], [90832.5, 36330.0], [90830.0, 36340.0], [90825.0, 2190.0], [90822.5, 7330.0], [90785.0, 2990.0], [90782.5, 10010.0], [90777.5, 1000.0], [90775.0, 3360.0], [90767.5, 4840.0], [90765.0, 16200.0], [90762.5, 300.0], [90760.0, 1000.0], [90742.5, 300.0], [90740.0, 1000.0], [90732.5, 13880.0], [90730.0, 46510.0]], "asks": [[90852.5, 2110.0], [90860.0, 1010.0], [90862.5, 2100.0], [90865.0, 630.0], [90867.5, 2100.0], [90870.0, 29880.0], [90872.5, 57430.0], [90875.0, 50000.0], [90877.5, 320.0], [90880.0, 1020.0], [90892.5, 1490.0], [90895.0, 5000.0], [90897.5, 300.0], [90900.0, 1020.0], [90905.0, 2910.0], [90907.5, 7330.0], [90917.5, 300.0], [90920.0, 1000.0], [90922.5, 4720.0], [90925.0, 15820.0]]}}}
{"jsonrpc": "2.0", "method": "subscription", "params": {"channel": "book.BTC-5DEC25.none.20.100ms", "data": {"timestamp": 1764208582248, "change_id": 129287107649, "instrument_name": "BTC-5DEC25", "bids": [[90850.0, 12330.0], [90845.0, 70.0], [90840.0, 10.0], [90835.0, 20300.0], [90832.5, 36330.0], [90830.0, 36340.0], [90825.0, 2190.0], [90822.5, 7330.0], [90785.0, 2990.0], [90782.5, 10010.0], [90777.5, 1000.0], [90775.0, 3360.0], [90767.5, 4840.0], [90765.0, 16200.0], [90762.5, 300.0], [90760.0, 1000.0], [90742.5, 300.0], [90740.0, 1000.0], [90732.5, 13880.0], [90730.0, 46510.0]], "asks": [[90852.5, 2110.0], [90860.0, 1010.0], [90862.5, 2100.0], [90865.0, 630.0], [90867.5, 2100.0], [90870.0, 29880.0], [90872.5, 57430.0], [90875.0, 50000.0], [90877.5, 320.0], [90880.0, 1020.0], [90892.5, 1490.0], [90895.0, 5000.0], [90897.5, 300.0], [90900.0, 1020.0], [90905.0, 2910.0], [90907.5, 7330.0], [90917.5, 300.0], [90920.0, 1000.0], [90922.5, 4720.0], [90925.0, 15820.0]]}}}
{"jsonrpc": "2.0", "method": "subscription", "params": {"channel": "book.BTC-5DEC25.none.20.100ms", "data": {"timestamp": 1764208582787, "change_id": 129287108564, "instrument_name": "BTC-5DEC25", "bids": [[90850.0, 12330.0], [90845.0, 70.0], [90840.0, 10.0], [90835.0, 20300.0], [90832.5, 36330.0], [90830.0, 36340.0], [90825.0, 2190.0], [90822.5, 7330.0], [90785.0, 2990.0], [90782.5, 10010.0], [90777.5, 1000.0], [90775.0, 3360.0], [90767.5, 4840.0], [90765.0, 16200.0], [90762.5, 300.0], [90760.0, 1000.0], [90742.5, 300.0], [90740.0, 1000.0], [90732.5, 13880.0], [90730.0, 46510.0]], "asks": [[90852.5, 2110.0], [90860.0, 1010.0], [90862.5, 2100.0], [90865.0, 4830.0], [90867.5, 9430.0], [90870.0, 29880.0], [90872.5, 50100.0], [90875.0, 50000.0], [90877.5, 320.0], [90880.0, 1020.0], [90892.5, 1490.0], [90895.0, 5000.0], [90897.5, 300.0], [90900.0, 1020.0], [90905.0, 2910.0], [90907.5, 7330.0], [90917.5, 300.0], [90920.0, 1000.0], [90922.5, 4720.0], [90925.0, 15820.0]]}}}
{"jsonrpc": "2.0", "method": "subscription", "params": {"channel": "book.BTC-5DEC25.none.20.100ms", "data": {"timestamp": 1764208583465, "change_id": 129287111156, "instrument_name": "BTC-5DEC25", "bids": [[90850.0, 12330.0], [90845.0, 70.0], [90840.0, 10.0], [90835.0, 20300.0], [90832.5, 36330.0], [90830.0, 36340.0], [90825.0, 2190.0], [90822.5, 7330.0], [90785.0, 2990.0], [90782.5, 10010.0], [90777.5, 1000.0], [90775.0, 3360.0], [90767.5, 4840.0], [90765.0, 16200.0], [90762.5, 300.0], [90760.0, 1000.0], [90742.5, 300.0], [90740.0, 1000.0], [90732.5, 13880.0], [90730.0, 46510.0]], "asks": [[90852.5, 2110.0], [90860.0, 1010.0], [90862.5, 2100.0], [90865.0, 4830.0], [90867.5, 9430.0], [90870.0, 29880.0], [90872.5, 50100.0], [90875.0, 50000.0], [90877.5, 320.0], [90880.0, 1020.0], [90892.5, 1490.0], [90895.0, 5000.0], [90897.5, 300.0], [90900.0, 1020.0], [90905.0, 2910.0], [90907.5, 7330.0], [90917.5, 300.0], [90920.0, 1000.0], [90922.5, 4720.0], [90925.0, 15820.0]]}}}
{"jsonrpc": "2.0", "method": "subscription", "params": {"channel": "book.BTC-5DEC25.none.20.100ms", "data": {"timestamp": 1764208584123, "change_id": 129287112276, "instrument_name": "BTC-5DEC25", "bids": [[90850.0, 12330.0], [90845.0, 70.0], [90840.0, 10.0], [90835.0, 20300.0], [90832.5, 36330.0], [90830.0, 36340.0], [90825.0, 2190.0], [90822.5, 7330.0], [90785.0, 2990.0], [90782.5, 10010.0], [90777.5, 1000.0], [90775.0, 3360.0], [90767.5, 4840.0], [90765.0, 16200.0], [90762.5, 300.0], [90760.0, 1000.0], [90742.5, 300.0], [90740.0, 1000.0], [90732.5, 13880.0], [90730.0, 46510.0]], "asks": [[90852.5, 2110.0], [90860.0, 1010.0], [90862.5, 2100.0], [90865.0, 4830.0], [90867.5, 9430.0], [90870.0, 29880.0], [90872.5, 50100.0], [90875.0, 50000.0], [90877.5, 320.0], [90880.0, 1020.0], [90892.5, 1490.0], [90895.0, 5000.0], [90897.5, 300.0], [90900.0, 1020.0], [90905.0, 2910.0], [90907.5, 7330.0], [90917.5, 300.0], [90920.0, 1000.0], [90922.5, 4720.0], [90925.0, 15820.0]]}}}
{"jsonrpc": "2.0", "method": "subscription", "params": {"channel": "book.BTC-5DEC25.none.20.100ms", "data": {"timestamp": 1764208584520, "change_id": 129287113402, "instrument_name": "BTC-5DEC25", "bids": [[90850.0, 12190.0], [90845.0, 70.0], [90840.0, 10.0], [90835.0, 20300.0], [90832.5, 36330.0], [90830.0, 36340.0], [90815.0, 2150.0], [90812.5, 7190.0], [90785.0, 2990.0], [90782.5, 10010.0], [90777.5, 1000.0], [90775.0, 3360.0], [90767.5, 4840.0], [90765.0, 16200.0], [90762.5, 300.0], [90760.0, 1000.0], [90742.5, 300.0], [90740.0, 1000.0], [90732.5, 13880.0], [90730.0, 46510.0]], "asks": [[90852.5, 2110.0], [90860.0, 1010.0], [90862.5, 2100.0], [90865.0, 2730.0], [90867.5, 2100.0], [90870.0, 29880.0], [90872.5, 50100.0], [90875.0, 52450.0], [90877.5, 7200.0], [90880.0, 1020.0], [90892.5, 1490.0], [90895.0, 5000.0], [90897.5, 300.0], [90900.0, 1020.0], [90917.5, 300.0], [90920.0, 1000.0], [90922.5, 4720.0], [90925.0, 15820.0], [90930.0, 10.0], [90935.0, 2440.0]]}}}
{"jsonrpc": "2.0", "method": "subscription", "params": {"channel": "book.BTC-5DEC25.none.20.100ms", "data": {"timestamp": 1764208584718, "change_id": 129287113522, "instrument_name": "BTC-5DEC25", "bids": [[90850.0, 12190.0], [90845.0, 70.0], [90842.5, 10.0], [90835.0, 20300.0], [90832.5, 36330.0], [90830.0, 36340.0], [90815.0, 2150.0], [90812.5, 7190.0], [90785.0, 2990.0], [90782.5, 10010.0], [90777.5, 1000.0], [90775.0, 3360.0], [90767.5, 4840.0], [90765.0, 16200.0], [90762.5, 300.0], [90760.0, 1000.0], [90742.5, 300.0], [90740.0, 1000.0], [90732.5, 13880.0], [90730.0, 46510.0]], "asks": [[90852.5, 10.0], [90860.0, 1010.0], [90862.5, 2100.0], [90865.0, 630.0], [90867.5, 2100.0], [90870.0, 29880.0], [90872.5, 50100.0], [90875.0, 52450.0], [90877.5, 7190.0], [90880.0, 1030.0], [90892.5, 1490.0], [90895.0, 5000.0], [90897.5, 300.0], [90900.0, 1020.0], [90917.5, 300.0], [90920.0, 1000.0], [90922.5, 4720.0], [90925.0, 15820.0], [90930.0, 10.0], [90935.0, 2440.0]]}}}
{"jsonrpc": "2.0", "method": "subscription", "params": {"channel": "book.BTC-5DEC25.none.20.100ms", "data": {"timestamp": 1764208585222, "change_id": 129287115346, "instrument_name": "BTC-5DEC25", "bids": [[90850.0, 12190.0], [90845.0, 70.0], [90842.5, 10.0], [90835.0, 20300.0], [90832.5, 36330.0], [90830.0, 36340.0], [90815.0, 2150.0], [90812.5, 7190.0], [90785.0, 2990.0], [90782.5, 10010.0], [90777.5, 1000.0], [90775.0, 3360.0], [90767.5, 4840.0], [90765.0, 16200.0], [90762.5, 300.0], [90760.0, 1000.0], [90742.5, 300.0], [90740.0, 1000.0], [90732.5, 13880.0], [90730.0, 46510.0]], "asks": [[90852.5, 10.0], [90860.0, 1010.0], [90862.5, 2100.0], [90867.5, 2100.0], [90872.5, 50100.0], [90875.0, 50310.0], [90880.0, 1020.0], [90882.5, 2160.0], [90885.0, 7190.0], [90897.5, 300.0], [90900.0, 1020.0], [90905.0, 1490.0], [90907.5, 5000.0], [90917.5, 300.0], [90920.0, 1000.0], [90922.5, 4720.0], [90925.0, 15820.0], [90930.0, 10.0], [90935.0, 2440.0], [90937.5, 7190.0]]}}}
{"jsonrpc": "2.0", "method": "subscription", "params": {"channel": "book.BTC-5DEC25.none.20.100ms", "data": {"timestamp": 1764208585340, "change_id": 129287116024, "instrument_name": "BTC-5DEC25", "bids": [[90857.5, 12190.0], [90855.0, 70.0], [90850.0, 10.0], [90835.0, 20300.0], [90832.5, 36330.0], [90830.0, 36340.0], [90815.0, 2150.0], [90812.5, 7190.0], [90785.0, 2990.0], [90782.5, 10010.0], [90777.5, 1000.0], [90775.0, 3360.0], [90767.5, 4840.0], [90765.0, 16200.0], [90762.5, 300.0], [90760.0, 1000.0], [90742.5, 300.0], [90740.0, 1000.0], [90732.5, 13880.0], [90730.0, 46510.0]], "asks": [[90860.0, 1010.0], [90862.5, 2100.0], [90867.5, 2100.0], [90872.5, 50100.0], [90875.0, 50310.0], [90880.0, 1020.0], [90887.5, 10.0], [90890.0, 2150.0], [90892.5, 7190.0], [90897.5, 300.0], [90900.0, 1020.0], [90905.0, 1490.0], [90907.5, 5000.0], [90917.5, 300.0], [90920.0, 1000.0], [90922.5, 4720.0], [90925.0, 15820.0], [90930.0, 10.0], [90935.0, 2440.0], [90937.5, 7190.0]]}}}
{"jsonrpc": "2.0", "method": "subscription", "params": {"channel": "book.BTC-5DEC25.none.20.100ms", "data": {"timestamp": 1764208585693, "change_id": 129287116678, "instrument_name": "BTC-5DEC25", "bids": [[90857.5, 12190.0], [90855.0, 70.0], [90850.0, 10.0], [90835.0, 20300.0], [90832.5, 36330.0], [90830.0, 36330.0], [90815.0, 2150.0], [90812.5, 7190.0], [90785.0, 2990.0], [90782.5, 10010.0], [90777.5, 1000.0], [90775.0, 3360.0], [90767.5, 4840.0], [90765.0, 16200.0], [90762.5, 300.0], [90760.0, 1000.0], [90742.5, 300.0], [90740.0, 1000.0], [90732.5, 13880.0], [90730.0, 46510.0]], "asks": [[90860.0, 1010.0], [90872.5, 50100.0], [90875.0, 50310.0], [90880.0, 1020.0], [90887.5, 10.0], [90890.0, 2150.0], [90892.5, 7190.0], [90897.5, 300.0], [90900.0, 1020.0], [90905.0, 1490.0], [90907.5, 5000.0], [90917.5, 300.0], [90920.0, 1000.0], [90922.5, 4720.0], [90925.0, 15820.0], [90930.0, 10.0], [90935.0, 2440.0], [90937.5, 7190.0], [90940.0, 1000.0], [90957.5, 300.0]]}}}
{"jsonrpc": "2.0", "method": "subscription", "params": {"channel": "book.BTC-5DEC25.none.20.100ms", "data": {"timestamp": 1764208586189, "change_id": 129287117851, "instrument_name": "BTC-5DEC25", "bids": [[90857.5, 12190.0], [90855.0, 70.0], [90850.0, 10.0], [90845.0, 10.0], [90835.0, 10850.0], [90832.5, 36330.0], [90815.0, 2150.0], [90812.5, 7190.0], [90785.0, 2990.0], [90782.5, 10010.0], [90777.5, 1000.0], [90775.0, 3360.0], [90767.5, 4840.0], [90765.0, 16200.0], [90762.5, 300.0], [90760.0, 1000.0], [90742.5, 300.0], [90740.0, 1000.0], [90732.5, 13880.0], [90730.0, 46510.0]], "asks": [[90860.0, 1010.0], [90872.5, 50100.0], [90875.0, 50000.0], [90880.0, 1020.0], [90887.5, 10.0], [90890.0, 2150.0], [90892.5, 7190.0], [90897.5, 300.0], [90900.0, 1020.0], [90905.0, 1490.0], [90907.5, 5000.0], [90917.5, 300.0], [90920.0, 1000.0], [90925.0, 100.0], [90930.0, 10.0], [90932.5, 16560.0], [90935.0, 2440.0], [90937.5, 7190.0], [90940.0, 1000.0], [90957.5, 300.0]]}}}
{"jsonrpc": "2.0", "method": "subscription", "params": {"channel": "book.BTC-5DEC25.none.20.100ms", "data": {"timestamp": 1764208586537, "change_id": 129287119343, "instrument_name": "BTC-5DEC25", "bids": [[90870.0, 12190.0], [90857.5, 10.0], [90855.0, 70.0], [90845.0, 10.0], [90815.0, 2150.0], [90812.5, 7190.0], [90785.0, 2990.0], [90782.5, 10010.0], [90777.5, 1000.0], [90775.0, 3360.0], [90767.5, 4840.0], [90765.0, 16200.0], [90762.5, 300.0], [90760.0, 1000.0], [90742.5, 300.0], [90740.0, 1000.0], [90732.5, 13880.0], [90730.0, 46510.0], [90722.5, 300.0], [90720.0, 1000.0]], "asks": [[90872.5, 50100.0], [90875.0, 50000.0], [90880.0, 1020.0], [90892.5, 2160.0], [90895.0, 7190.0], [90897.5, 300.0], [90900.0, 1020.0], [90915.0, 1790.0], [90917.5, 5000.0], [90920.0, 1000.0], [90925.0, 100.0], [90930.0, 10.0], [90935.0, 2440.0], [90937.5, 7190.0], [90940.0, 1000.0], [90952.5, 4760.0], [90955.0, 15930.0], [90957.5, 300.0], [90960.0, 1010.0], [90962.5, 1380.0]]}}}
{"jsonrpc": "2.0", "method": "subscription", "params": {"channel": "book.BTC-5DEC25.none.20.100ms", "data": {"timestamp": 1764208586826, "change_id": 129287119870, "instrument_name": "BTC-5DEC25", "bids": [[90870.0, 12190.0], [90865.0, 70.0], [90857.5, 10.0], [90845.0, 10.0], [90815.0, 2150.0], [90812.5, 7190.0], [90785.0, 2990.0], [90782.5, 10010.0], [90767.5, 4840.0], [90765.0, 16200.0], [90762.5, 300.0], [90760.0, 1000.0], [90742.5, 300.0], [90740.0, 1000.0], [90732.5, 13880.0], [90730.0, 46510.0], [90722.5, 300.0], [90720.0, 1000.0], [90702.5, 300.0], [90700.0, 1000.0]], "asks": [[90872.5, 100.0], [90875.0, 100000.0], [90880.0, 1020.0], [90892.5, 2150.0], [90895.0, 7200.0], [90897.5, 300.0], [90900.0, 1020.0], [90915.0, 1790.0], [90917.5, 5000.0], [90920.0, 1000.0], [90925.0, 100.0], [90930.0, 10.0], [90935.0, 2440.0], [90937.5, 7190.0], [90940.0, 1000.0], [90952.5, 4760.0], [90955.0, 15930.0], [90957.5, 300.0], [90960.0, 1010.0], [90962.5, 1380.0]]}}}
{"jsonrpc": "2.0", "method": "subscription", "params": {"channel": "book.BTC-5DEC25.none.20.100ms", "data": {"timestamp": 1764208587151, "change_id": 129287120532, "instrument_name": "BTC-5DEC25", "bids": [[90870.0, 12190.0], [90865.0, 80.0], [90860.0, 10.0], [90850.0, 20300.0], [90847.5, 36330.0], [90845.0, 36330.0], [90815.0, 2150.0], [90812.5, 7190.0], [90785.0, 2990.0], [90782.5, 10010.0], [90767.5, 4840.0], [90765.0, 16200.0], [90762.5, 300.0], [90760.0, 1000.0], [90742.5, 300.0], [90740.0, 1000.0], [90732.5, 13880.0], [90730.0, 46510.0], [90722.5, 300.0], [90720.0, 1000.0]], "asks": [[90872.5, 100.0], [90875.0, 50000.0], [90877.5, 50000.0], [90880.0, 1020.0], [90892.5, 2150.0], [90895.0, 7190.0], [90897.5, 310.0], [90900.0, 1020.0], [90915.0, 1790.0], [90917.5, 5000.0], [90920.0, 1000.0], [90925.0, 100.0], [90930.0, 10.0], [90935.0, 2440.0], [90937.5, 7190.0], [90940.0, 1000.0], [90952.5, 4760.0], [90955.0, 15930.0], [90957.5, 300.0], [90960.0, 1010.0]]}}}
{"jsonrpc": "2.0", "method": "subscription", "params": {"channel": "book.BTC-5DEC25.none.20.100ms", "data": {"timestamp": 1764208587427, "change_id": 129287121134, "instrument_name": "BTC-5DEC25", "bids": [[90870.0, 12190.0], [90865.0, 80.0], [90860.0, 10.0], [90850.0, 20300.0], [90847.5, 36330.0], [90845.0, 36330.0], [90815.0, 2150.0], [90812.5, 7190.0], [90785.0, 2990.0], [90782.5, 10010.0], [90767.5, 4840.0], [90765.0, 16200.0], [90762.5, 300.0], [90760.0, 1000.0], [90742.5, 300.0], [90740.0, 1000.0], [90732.5, 13880.0], [90730.0, 46510.0], [90722.5, 300.0], [90720.0, 1000.0]], "asks": [[90872.5, 100.0], [90875.0, 50000.0], [90877.5, 50000.0], [90880.0, 1020.0], [90892.5, 2150.0], [90895.0, 7190.0], [90897.5, 300.0], [90900.0, 1030.0], [90915.0, 1790.0], [90917.5, 5000.0], [90920.0, 1000.0], [90925.0, 100.0], [90930.0, 10.0], [90935.0, 2440.0], [90937.5, 7190.0], [90940.0, 1000.0], [90952.5, 4760.0], [90955.0, 15930.0], [90957.5, 300.0], [90960.0, 1010.0]]}}}
{"jsonrpc": "2.0", "method": "subscription", "params": {"channel": "book.BTC-5DEC25.none.20.100ms", "data": {"timestamp": 1764208587827, "change_id": 129287121389, "instrument_name": "BTC-5DEC25", "bids": [[90870.0, 5000.0], [90865.0, 80.0], [90860.0, 10.0], [90850.0, 20300.0], [90847.5, 36330.0], [90845.0, 36330.0], [90815.0, 2150.0], [90812.5, 7190.0], [90785.0, 2990.0], [90782.5, 10010.0], [90767.5, 4840.0], [90765.0, 16200.0], [90762.5, 300.0], [90760.0, 1000.0], [90742.5, 300.0], [90740.0, 1000.0], [90732.5, 13880.0], [90730.0, 46510.0], [90722.5, 300.0], [90720.0, 1000.0]], "asks": [[90872.5, 100.0], [90875.0, 50000.0], [90877.5, 50000.0], [90880.0, 1020.0], [90892.5, 2150.0], [90895.0, 7190.0], [90897.5, 300.0], [90900.0, 1030.0], [90915.0, 1790.0], [90917.5, 5000.0], [90920.0, 1000.0], [90925.0, 100.0], [90930.0, 10.0], [90935.0, 2440.0], [90937.5, 7190.0], [90940.0, 1000.0], [90952.5, 4760.0], [90955.0, 15930.0], [90957.5, 300.0], [90960.0, 1010.0]]}}}
{"jsonrpc": "2.0", "method": "subscription", "params": {"channel": "book.BTC-5DEC25.none.20.100ms", "data": {"timestamp": 1764208588124, "change_id": 129287121912, "instrument_name": "BTC-5DEC25", "bids": [[90870.0, 12190.0], [90865.0, 80.0], [90860.0, 10.0], [90850.0, 20300.0], [90847.5, 36330.0], [90845.0, 36330.0], [90815.0, 2150.0], [90812.5, 7190.0], [90785.0, 2990.0], [90782.5, 10010.0], [90767.5, 4840.0], [90765.0, 16200.0], [90762.5, 300.0], [90760.0, 1000.0], [90742.5, 300.0], [90740.0, 1000.0], [90732.5, 13880.0], [90730.0, 46510.0], [90722.5, 300.0], [90720.0, 1000.0]], "asks": [[90872.5, 100.0], [90875.0, 50000.0], [90877.5, 50000.0], [90880.0, 1020.0], [90892.5, 2150.0], [90895.0, 7190.0], [90897.5, 310.0], [90900.0, 1020.0], [90915.0, 1790.0], [90917.5, 5000.0], [90920.0, 1000.0], [90925.0, 100.0], [90930.0, 10.0], [90935.0, 2440.0], [90937.5, 7190.0], [90940.0, 1000.0], [90952.5, 4760.0], [90955.0, 15930.0], [90957.5, 300.0], [90960.0, 1010.0]]}}}
{"jsonrpc": "2.0", "method": "subscription", "params": {"channel": "book.BTC-5DEC25.none.20.100ms", "data": {"timestamp": 1764208588499, "change_id": 129287122540, "instrument_name": "BTC-5DEC25", "bids": [[90870.0, 12190.0], [90865.0, 80.0], [90860.0, 10.0], [90850.0, 20300.0], [90847.5, 36330.0], [90845.0, 36330.0], [90815.0, 2150.0], [90812.5, 7190.0], [90785.0, 2990.0], [90782.5, 10010.0], [90767.5, 4840.0], [90765.0, 16200.0], [90762.5, 300.0], [90760.0, 1000.0], [90742.5, 300.0], [90740.0, 1000.0], [90732.5, 13880.0], [90730.0, 46510.0], [90722.5, 300.0], [90720.0, 1000.0]], "asks": [[90872.5, 100.0], [90875.0, 50000.0], [90877.5, 50000.0], [90880.0, 1020.0], [90892.5, 2150.0], [90895.0, 7190.0], [90897.5, 310.0], [90900.0, 1020.0], [90907.5, 1490.0], [90910.0, 5000.0], [90917.5, 300.0], [90920.0, 1000.0], [90925.0, 100.0], [90930.0, 10.0], [90935.0, 2440.0], [90937.5, 7190.0], [90940.0, 1000.0], [90952.5, 4760.0], [90955.0, 15930.0], [90957.5, 300.0]]}}}
{"jsonrpc": "2.0", "method": "subscription", "params": {"channel": "book.BTC-5DEC25.none.20.100ms", "data": {"timestamp": 1764208588575, "change_id": 129287122572, "instrument_name": "BTC-5DEC25", "bids": [[90870.0, 12190.0], [90865.0, 80.0], [90860.0, 10.0], [90850.0, 20300.0], [90847.5, 36330.0], [90845.0, 36330.0], [90815.0, 2150.0], [90812.5, 7190.0], [90785.0, 2990.0], [90782.5, 10010.0], [90767.5, 4840.0], [90765.0, 16200.0], [90762.5, 300.0], [90760.0, 1000.0], [90742.5, 300.0], [90740.0, 1000.0], [90732.5, 13880.0], [90730.0, 46510.0], [90722.5, 300.0], [90720.0, 1000.0]], "asks": [[90872.5, 100.0], [90875.0, 50000.0], [90877.5, 50000.0], [90880.0, 1020.0], [90892.5, 2150.0], [90895.0, 7190.0], [90897.5, 300.0], [90900.0, 1030.0], [90907.5, 1490.0], [90910.0, 5000.0], [90917.5, 300.0], [90920.0, 1000.0], [90925.0, 100.0], [90930.0, 10.0], [90935.0, 2440.0], [90937.5, 7190.0], [90940.0, 1000.0], [90952.5, 4760.0], [90955.0, 15930.0], [90957.5, 300.0]]}}}
{"jsonrpc": "2.0", "method": "subscription", "params": {"channel": "book.BTC-5DEC25.none.20.100ms", "data": {"timestamp": 1764208589466, "change_id": 129287124085, "instrument_name": "BTC-5DEC25", "bids": [[90870.0, 12190.0], [90865.0, 80.0], [90860.0, 10.0], [90850.0, 20300.0], [90847.5, 36330.0], [90845.0, 36330.0], [90815.0, 2150.0], [90812.5, 7190.0], [90785.0, 2990.0], [90782.5, 10010.0], [90767.5, 4840.0], [90765.0, 16200.0], [90762.5, 300.0], [90760.0, 1000.0], [90742.5, 300.0], [90740.0, 1000.0], [90737.5, 730.0], [90735.0, 2430.0], [90732.5, 13880.0], [90730.0, 46510.0]], "asks": [[90872.5, 100.0], [90875.0, 50000.0], [90877.5, 50000.0], [90880.0, 1020.0], [90892.5, 2150.0], [90895.0, 7190.0], [90897.5, 300.0], [90900.0, 1030.0], [90907.5, 1490.0], [90910.0, 5000.0], [90917.5, 300.0], [90920.0, 1000.0], [90925.0, 100.0], [90930.0, 10.0], [90935.0, 2440.0], [90937.5, 7190.0], [90940.0, 1000.0], [90952.5, 4760.0], [90955.0, 15930.0], [90957.5, 300.0]]}}}
{"jsonrpc": "2.0", "method": "subscription", "params": {"channel": "book.BTC-5DEC25.none.20.100ms", "data": {"timestamp": 1764208589674, "change_id": 129287124249, "instrument_name": "BTC-5DEC25", "bids": [[90870.0, 12190.0], [90865.0, 80.0], [90860.0, 10.0], [90850.0, 20300.0], [90847.5, 36330.0], [90845.0, 36330.0], [90815.0, 2150.0], [90812.5, 7190.0], [90795.0, 13860.0], [90792.5, 46420.0], [90785.0, 2990.0], [90782.5, 10010.0], [90767.5, 4840.0], [90765.0, 16200.0], [90762.5, 300.0], [90760.0, 1000.0], [90742.5, 300.0], [90740.0, 1000.0], [90737.5, 730.0], [90735.0, 2430.0]], "asks": [[90872.5, 100.0], [90875.0, 50000.0], [90877.5, 50000.0], [90880.0, 1020.0], [90892.5, 2150.0], [90895.0, 7190.0], [90897.5, 300.0], [90900.0, 1030.0], [90907.5, 1490.0], [90910.0, 5000.0], [90917.5, 300.0], [90920.0, 1000.0], [90925.0, 100.0], [90930.0, 10.0], [90935.0, 2440.0], [90937.5, 7190.0], [90940.0, 1000.0], [90952.5, 4760.0], [90955.0, 15930.0], [90957.5, 300.0]]}}}
{"jsonrpc": "2.0", "method": "subscription", "params": {"channel": "book.BTC-5DEC25.none.20.100ms", "data": {"timestamp": 1764208590163, "change_id": 129287125724, "instrument_name": "BTC-5DEC25", "bids": [[90870.0, 12190.0], [90865.0, 70.0], [90862.5, 10.0], [90850.0, 20300.0], [90847.5, 36330.0], [90845.0, 36330.0], [90815.0, 2150.0], [90812.5, 7190.0], [90795.0, 13860.0], [90792.5, 46420.0], [90785.0, 2990.0], [90782.5, 10010.0], [90767.5, 4840.0], [90765.0, 16200.0], [90762.5, 300.0], [90760.0, 1000.0], [90742.5, 300.0], [90740.0, 1000.0], [90737.5, 730.0], [90735.0, 2430.0]], "asks": [[90872.5, 100.0], [90875.0, 50000.0], [90880.0, 1020.0], [90885.0, 50000.0], [90892.5, 2150.0], [90895.0, 7190.0], [90897.5, 300.0], [90900.0, 1030.0], [90917.5, 300.0], [90920.0, 1000.0], [90922.5, 1520.0], [90925.0, 5100.0], [90930.0, 10.0], [90935.0, 2440.0], [90937.5, 7190.0], [90940.0, 1000.0], [90952.5, 4760.0], [90955.0, 15930.0], [90957.5, 300.0], [90960.0, 1010.0]]}}}
{"jsonrpc": "2.0", "method": "subscription", "params": {"channel": "book.BTC-5DEC25.none.20.100ms", "data": {"timestamp": 1764208590485, "change_id": 129287126526, "instrument_name": "BTC-5DEC25", "bids": [[90870.0, 12190.0], [90865.0, 70.0], [90862.5, 10.0], [90850.0, 20300.0], [90847.5, 36340.0], [90845.0, 36330.0], [90815.0, 2150.0], [90812.5, 7190.0], [90795.0, 13860.0], [90792.5, 46420.0], [90785.0, 2990.0], [90782.5, 10010.0], [90767.5, 4840.0], [90765.0, 16200.0], [90762.5, 300.0], [90760.0, 1000.0], [90742.5, 300.0], [90740.0, 1000.0], [90737.5, 730.0], [90735.0, 2430.0]], "asks": [[90872.5, 100.0], [90875.0, 50000.0], [90880.0, 1020.0], [90885.0, 50000.0], [90892.5, 2150.0], [90895.0, 7190.0], [90897.5, 300.0], [90900.0, 1030.0], [90917.5, 5300.0], [90920.0, 1000.0], [90925.0, 100.0], [90930.0, 10.0], [90935.0, 2440.0], [90937.5, 7190.0], [90940.0, 1000.0], [90952.5, 4760.0], [90955.0, 15930.0], [90957.5, 300.0], [90960.0, 1010.0], [90962.5, 1380.0]]}}}
