{"jsonrpc": "2.0", "method": "subscription", "params": {"channel": "book.BTC-13JUN25.none.20.100ms", "data": {"timestamp": 1749760630773, "change_id": 104790099900, "instrument_name": "BTC-13JUN25", "bids": [[106832.5, 160.0], [106825.0, 620.0], [106822.5, 2070.0], [106820.0, 6000.0], [106817.5, 20000.0], [106815.0, 21680.0], [106812.5, 54970.0], [106810.0, 5460.0], [106807.5, 600.0], [106805.0, 3240.0], [106802.5, 4130.0], [106800.0, 4650.0], [106797.5, 15490.0], [106792.5, 7930.0], [106790.0, 31720.0], [106787.5, 12320.0], [106785.0, 5290.0], [106777.5, 20.0], [106772.5, 5300.0], [106737.5, 1640.0]], "asks": [[106835.0, 20290.0], [106837.5, 3400.0], [106840.0, 4300.0], [106842.5, 9270.0], [106845.0, 2580.0], [106847.5, 4300.0], [106850.0, 7020.0], [106852.5, 9760.0], [106855.0, 1290.0], [106857.5, 4300.0], [106860.0, 6450.0], [106862.5, 10000.0], [106865.0, 11490.0], [106875.0, 1690.0], [106877.5, 5620.0], [106890.0, 1650.0], [106892.5, 5510.0], [106935.0, 9250.0], [106937.5, 25550.0], [106940.0, 5280.0]]}}}
{"jsonrpc": "2.0", "method": "subscription", "params": {"channel": "book.BTC-20JUN25.none.20.100ms", "data": {"timestamp": 1749760630737, "change_id": 104790099851, "instrument_name": "BTC-20JUN25", "bids": [[106922.5, 3300.0], [106920.0, 1440.0], [106917.5, 4800.0], [106915.0, 1480.0], [106912.5, 4920.0], [106905.0, 1490.0], [106902.5, 4970.0], [106900.0, 19550.0], [106897.5, 67320.0], [106870.0, 2230.0], [106867.5, 7440.0], [106862.5, 20.0], [106845.0, 2210.0], [106842.5, 7350.0], [106840.0, 7930.0], [106837.5, 26440.0], [106830.0, 6400.0], [106792.5, 2220.0], [106790.0, 7400.0], [106780.0, 2230.0]], "asks": [[106925.0, 7500.0], [106927.5, 8990.0], [106932.5, 4970.0], [106950.0, 2200.0], [106952.5, 7320.0], [106957.5, 1440.0], [106960.0, 7800.0], [106962.5, 10000.0], [107030.0, 2290.0], [107032.5, 7600.0], [107035.0, 20.0], [107040.0, 2000.0], [107055.0, 2200.0], [107057.5, 7330.0], [107062.5, 6380.0], [107112.5, 7450.0], [107117.5, 60.0], [107120.0, 20.0], [107132.5, 5990.0], [107135.0, 19970.0]]}}}
{"jsonrpc": "2.0", "method": "subscription", "params": {"channel": "book.BTC-13JUN25.none.20.100ms", "data": {"timestamp": 1749760631014, "change_id": 104790100175, "instrument_name": "BTC-13JUN25", "bids": [[106832.5, 160.0], [106822.5, 2070.0], [106820.0, 6000.0], [106817.5, 20000.0], [106815.0, 21680.0], [106812.5, 54970.0], [106810.0, 5460.0], [106807.5, 600.0], [106805.0, 3240.0], [106802.5, 4130.0], [106800.0, 4650.0], [106797.5, 15490.0], [106792.5, 7930.0], [106790.0, 31720.0], [106787.5, 12320.0], [106785.0, 5290.0], [106777.5, 20.0], [106772.5, 5300.0], [106737.5, 1640.0], [106735.0, 5460.0]], "asks": [[106835.0, 20290.0], [106837.5, 3400.0], [106840.0, 4300.0], [106842.5, 9270.0], [106845.0, 2580.0], [106847.5, 4300.0], [106850.0, 7020.0], [106852.5, 9760.0], [106855.0, 1290.0], [106857.5, 4300.0], [106860.0, 6450.0], [106862.5, 10000.0], [106865.0, 11490.0], [106875.0, 1690.0], [106877.5, 5620.0], [106890.0, 1650.0], [106892.5, 5510.0], [106935.0, 9250.0], [106937.5, 25550.0], [106940.0, 5280.0]]}}}
{"jsonrpc": "2.0", "method": "subscription", "params": {"channel": "book.BTC-20JUN25.none.20.100ms", "data": {"timestamp": 1749760631085, "change_id": 104790100288, "instrument_name": "BTC-20JUN25", "bids": [[106925.0, 15540.0], [106922.5, 10800.0], [106920.0, 1440.0], [106917.5, 4800.0], [106915.0, 3490.0], [106912.5, 4920.0], [106910.0, 7320.0], [106905.0, 16300.0], [106902.5, 54970.0], [106900.0, 5200.0], [106897.5, 17320.0], [106870.0, 2230.0], [106867.5, 7440.0], [106862.5, 20.0], [106845.0, 2210.0], [106842.5, 7350.0], [106840.0, 7930.0], [106837.5, 26440.0], [106830.0, 6400.0], [106792.5, 2220.0]], "asks": [[106930.0, 1490.0], [106932.5, 4970.0], [106950.0, 2200.0], [106952.5, 7320.0], [106957.5, 1440.0], [106960.0, 7800.0], [106962.5, 10000.0], [107030.0, 2290.0], [107032.5, 7600.0], [107035.0, 20.0], [107040.0, 3900.0], [107055.0, 2200.0], [107057.5, 7330.0], [107062.5, 6380.0], [107112.5, 7450.0], [107117.5, 60.0], [107120.0, 20.0], [107132.5, 5990.0], [107135.0, 19970.0], [107137.5, 7350.0]]}}}
{"jsonrpc": "2.0", "method": "subscription", "params": {"channel": "book.BTC-13JUN25.none.20.100ms", "data": {"timestamp": 1749760631406, "change_id": 104790101240, "instrument_name": "BTC-13JUN25", "bids": [[106820.0, 6000.0], [106817.5, 20000.0], [106815.0, 5360.0], [106812.5, 4970.0], [106810.0, 5460.0], [106805.0, 14840.0], [106802.5, 4130.0], [106800.0, 54650.0], [106797.5, 15490.0], [106792.5, 7930.0], [106790.0, 26440.0], [106787.5, 12320.0], [106785.0, 5290.0], [106777.5, 2020.0], [106772.5, 5300.0], [106735.0, 5460.0], [106730.0, 14400.0], [106722.5, 5450.0], [106720.0, 35000.0], [106705.0, 5400.0]], "asks": [[106825.0, 5380.0], [106827.5, 6240.0], [106830.0, 9680.0], [106832.5, 3850.0], [106835.0, 17810.0], [106837.5, 1290.0], [106840.0, 5590.0], [106842.5, 4300.0], [106845.0, 5180.0], [106847.5, 4300.0], [106850.0, 17010.0], [106852.5, 9760.0], [106857.5, 4300.0], [106865.0, 11650.0], [106877.5, 5460.0], [106892.5, 5510.0], [106937.5, 25550.0], [106940.0, 5280.0], [106950.0, 20.0], [106952.5, 5360.0]]}}}
{"jsonrpc": "2.0", "method": "subscription", "params": {"channel": "book.BTC-20JUN25.none.20.100ms", "data": {"timestamp": 1749760631314, "change_id": 104790100894, "instrument_name": "BTC-20JUN25", "bids": [[106925.0, 4800.0], [106922.5, 3300.0], [106920.0, 1440.0], [106917.5, 4800.0], [106915.0, 1480.0], [106912.5, 4800.0], [106905.0, 16300.0], [106900.0, 54970.0], [106897.5, 17320.0], [106895.0, 120.0], [106870.0, 2230.0], [106867.5, 7440.0], [106862.5, 20.0], [106845.0, 2210.0], [106842.5, 7350.0], [106840.0, 7930.0], [106837.5, 26440.0], [106830.0, 6400.0], [106792.5, 2220.0], [106790.0, 7400.0]], "asks": [[106930.0, 16310.0], [106932.5, 4970.0], [106947.5, 3000.0], [106950.0, 12200.0], [106952.5, 7320.0], [106957.5, 1370.0], [106960.0, 4800.0], [107032.5, 7600.0], [107035.0, 20.0], [107040.0, 3900.0], [107057.5, 7330.0], [107062.5, 6380.0], [107112.5, 7450.0], [107117.5, 60.0], [107120.0, 20.0], [107135.0, 19970.0], [107137.5, 7350.0], [107160.0, 18690.0], [107197.5, 7330.0], [107205.0, 20.0]]}}}
{"jsonrpc": "2.0", "method": "subscription", "params": {"channel": "book.BTC-13JUN25.none.20.100ms", "data": {"timestamp": 1749760631717, "change_id": 104790101933, "instrument_name": "BTC-13JUN25", "bids": [[106815.0, 21650.0], [106812.5, 4970.0], [106805.0, 14840.0], [106802.5, 4130.0], [106800.0, 54650.0], [106797.5, 15490.0], [106792.5, 7930.0], [106790.0, 26440.0], [106787.5, 12320.0], [106785.0, 5290.0], [106777.5, 2020.0], [106772.5, 5300.0], [106735.0, 5460.0], [106722.5, 5450.0], [106720.0, 35000.0], [106715.0, 14400.0], [106705.0, 5400.0], [106692.5, 5420.0], [106682.5, 26360.0], [106680.0, 5460.0]], "asks": [[106820.0, 17880.0], [106822.5, 4300.0], [106825.0, 7710.0], [106827.5, 3470.0], [106830.0, 4300.0], [106832.5, 3850.0], [106835.0, 13510.0], [106840.0, 1290.0], [106842.5, 4300.0], [106845.0, 3230.0], [106850.0, 11710.0], [106852.5, 5460.0], [106865.0, 11650.0], [106877.5, 5460.0], [106892.5, 5510.0], [106937.5, 25550.0], [106940.0, 5280.0], [106950.0, 20.0], [106952.5, 5360.0], [106997.5, 14400.0]]}}}
{"jsonrpc": "2.0", "method": "subscription", "params": {"channel": "book.BTC-20JUN25.none.20.100ms", "data": {"timestamp": 1749760631719, "change_id": 104790101936, "instrument_name": "BTC-20JUN25", "bids": [[106925.0, 4800.0], [106922.5, 3300.0], [106905.0, 1490.0], [106900.0, 4970.0], [106897.5, 17320.0], [106895.0, 120.0], [106870.0, 2230.0], [106867.5, 7440.0], [106862.5, 20.0], [106845.0, 2210.0], [106842.5, 57350.0], [106840.0, 7930.0], [106837.5, 26440.0], [106830.0, 6400.0], [106792.5, 2220.0], [106790.0, 7400.0], [106780.0, 2230.0], [106777.5, 7420.0], [106765.0, 7560.0], [106742.5, 5470.0]], "asks": [[106930.0, 16310.0], [106932.5, 4970.0], [106947.5, 3000.0], [106950.0, 12200.0], [106952.5, 7320.0], [107032.5, 7600.0], [107035.0, 20.0], [107040.0, 3900.0], [107057.5, 7330.0], [107062.5, 6380.0], [107112.5, 7450.0], [107117.5, 60.0], [107120.0, 20.0], [107135.0, 19970.0], [107137.5, 7350.0], [107160.0, 18690.0], [107197.5, 7330.0], [107205.0, 20.0], [107222.5, 7480.0], [107232.5, 39820.0]]}}}
{"jsonrpc": "2.0", "method": "subscription", "params": {"channel": "book.BTC-20JUN25.none.20.100ms", "data": {"timestamp": 1749760632080, "change_id": 104790102730, "instrument_name": "BTC-20JUN25", "bids": [[106922.5, 3300.0], [106900.0, 5230.0], [106897.5, 17320.0], [106895.0, 120.0], [106870.0, 2230.0], [106867.5, 7440.0], [106862.5, 20.0], [106842.5, 57350.0], [106840.0, 7930.0], [106837.5, 26440.0], [106830.0, 6400.0], [106790.0, 7400.0], [106777.5, 7420.0], [106765.0, 7560.0], [106742.5, 5470.0], [106740.0, 7660.0], [106735.0, 6240.0], [106730.0, 18340.0], [106700.0, 7530.0], [106692.5, 20.0]], "asks": [[106925.0, 12470.0], [106927.5, 4000.0], [106930.0, 14820.0], [106947.5, 3000.0], [106950.0, 12200.0], [106952.5, 7320.0], [107032.5, 7600.0], [107035.0, 20.0], [107040.0, 3900.0], [107057.5, 7330.0], [107062.5, 6380.0], [107112.5, 7450.0], [107117.5, 60.0], [107120.0, 20.0], [107135.0, 19970.0], [107137.5, 7350.0], [107160.0, 18690.0], [107197.5, 7330.0], [107205.0, 20.0], [107222.5, 7480.0]]}}}
{"jsonrpc": "2.0", "method": "subscription", "params": {"channel": "book.BTC-13JUN25.none.20.100ms", "data": {"timestamp": 1749760632040, "change_id": 104790102669, "instrument_name": "BTC-13JUN25", "bids": [[106815.0, 160.0], [106812.5, 2070.0], [106810.0, 6000.0], [106807.5, 20000.0], [106805.0, 14840.0], [106802.5, 4130.0], [106800.0, 54650.0], [106797.5, 15490.0], [106792.5, 18540.0], [106790.0, 65110.0], [106785.0, 5290.0], [106780.0, 12320.0], [106777.5, 2020.0], [106772.5, 5300.0], [106735.0, 5460.0], [106722.5, 5450.0], [106720.0, 35000.0], [106715.0, 14400.0], [106705.0, 5400.0], [106692.5, 5420.0]], "asks": [[106820.0, 19950.0], [106822.5, 4300.0], [106825.0, 7090.0], [106827.5, 1400.0], [106830.0, 4300.0], [106832.5, 3850.0], [106835.0, 13510.0], [106840.0, 1290.0], [106842.5, 4300.0], [106845.0, 3230.0], [106850.0, 11710.0], [106852.5, 5460.0], [106865.0, 11650.0], [106877.5, 5460.0], [106892.5, 5510.0], [106937.5, 25550.0], [106940.0, 5280.0], [106950.0, 20.0], [106952.5, 5360.0], [106997.5, 14400.0]]}}}
{"jsonrpc": "2.0", "method": "subscription", "params": {"channel": "book.BTC-20JUN25.none.20.100ms", "data": {"timestamp": 1749760632358, "change_id": 104790103608, "instrument_name": "BTC-20JUN25", "bids": [[106922.5, 3300.0], [106900.0, 2230.0], [106897.5, 7320.0], [106895.0, 120.0], [106887.5, 7170.0], [106885.0, 7320.0], [106882.5, 10000.0], [106870.0, 2230.0], [106867.5, 7440.0], [106862.5, 20.0], [106842.5, 7350.0], [106840.0, 57930.0], [106837.5, 26440.0], [106830.0, 6400.0], [106790.0, 7400.0], [106780.0, 2230.0], [106777.5, 7420.0], [106765.0, 7560.0], [106742.5, 3170.0], [106740.0, 7660.0]], "asks": [[106925.0, 12470.0], [106927.5, 4000.0], [106930.0, 14820.0], [106947.5, 3000.0], [106950.0, 12200.0], [106952.5, 7320.0], [107015.0, 2000.0], [107032.5, 7600.0], [107035.0, 20.0], [107040.0, 1900.0], [107057.5, 7330.0], [107062.5, 6380.0], [107112.5, 7450.0], [107117.5, 60.0], [107120.0, 20.0], [107135.0, 19970.0], [107137.5, 7350.0], [107160.0, 18690.0], [107197.5, 7330.0], [107205.0, 20.0]]}}}
{"jsonrpc": "2.0", "method": "subscription", "params": {"channel": "book.BTC-13JUN25.none.20.100ms", "data": {"timestamp": 1749760632397, "change_id": 104790103861, "instrument_name": "BTC-13JUN25", "bids": [[106815.0, 160.0], [106802.5, 8730.0], [106800.0, 30750.0], [106797.5, 5490.0], [106792.5, 50000.0], [106790.0, 26440.0], [106785.0, 5290.0], [106782.5, 10000.0], [106780.0, 12320.0], [106777.5, 2020.0], [106772.5, 5300.0], [106722.5, 5450.0], [106720.0, 35000.0], [106715.0, 14400.0], [106705.0, 5400.0], [106692.5, 5420.0], [106680.0, 30180.0], [106667.5, 5250.0], [106647.5, 15860.0], [106645.0, 5400.0]], "asks": [[106820.0, 17050.0], [106822.5, 4300.0], [106825.0, 12060.0], [106827.5, 1400.0], [106830.0, 4300.0], [106835.0, 8540.0], [106840.0, 1290.0], [106842.5, 4300.0], [106850.0, 10000.0], [106852.5, 5620.0], [106862.5, 6000.0], [106865.0, 5490.0], [106892.5, 5510.0], [106937.5, 25550.0], [106940.0, 5280.0], [106950.0, 20.0], [106952.5, 5360.0], [106997.5, 14400.0], [107012.5, 5340.0], [107020.0, 10.0]]}}}
{"jsonrpc": "2.0", "method": "subscription", "params": {"channel": "book.BTC-13JUN25.none.20.100ms", "data": {"timestamp": 1749760632676, "change_id": 104790104521, "instrument_name": "BTC-13JUN25", "bids": [[106815.0, 160.0], [106812.5, 1290.0], [106810.0, 4920.0], [106807.5, 2070.0], [106802.5, 8730.0], [106800.0, 30750.0], [106797.5, 5490.0], [106792.5, 50000.0], [106790.0, 26440.0], [106785.0, 37560.0], [106782.5, 10000.0], [106780.0, 12320.0], [106777.5, 2020.0], [106772.5, 5300.0], [106722.5, 5450.0], [106720.0, 35000.0], [106715.0, 14400.0], [106705.0, 5400.0], [106692.5, 5420.0], [106680.0, 30180.0]], "asks": [[106817.5, 9680.0], [106820.0, 17050.0], [106822.5, 4300.0], [106825.0, 4970.0], [106835.0, 8540.0], [106850.0, 10000.0], [106852.5, 5620.0], [106862.5, 6000.0], [106865.0, 5490.0], [106892.5, 5510.0], [106937.5, 25550.0], [106940.0, 5280.0], [106950.0, 20.0], [106952.5, 5360.0], [106997.5, 14400.0], [107012.5, 5340.0], [107020.0, 10.0], [107025.0, 5500.0], [107035.0, 20.0], [107042.5, 5540.0]]}}}
{"jsonrpc": "2.0", "method": "subscription", "params": {"channel": "book.BTC-20JUN25.none.20.100ms", "data": {"timestamp": 1749760632687, "change_id": 104790104533, "instrument_name": "BTC-20JUN25", "bids": [[106907.5, 8490.0], [106905.0, 12300.0], [106900.0, 2230.0], [106897.5, 7320.0], [106895.0, 120.0], [106890.0, 18230.0], [106887.5, 4970.0], [106885.0, 60320.0], [106882.5, 10000.0], [106870.0, 2230.0], [106867.5, 7440.0], [106862.5, 20.0], [106845.0, 2210.0], [106842.5, 7350.0], [106840.0, 7930.0], [106837.5, 26440.0], [106832.5, 2200.0], [106830.0, 7320.0], [106820.0, 6400.0], [106792.5, 2220.0]], "asks": [[106912.5, 7500.0], [106915.0, 2250.0], [106917.5, 7500.0], [106925.0, 4970.0], [106930.0, 7320.0], [106947.5, 3000.0], [106950.0, 12200.0], [106952.5, 7320.0], [107015.0, 2000.0], [107032.5, 7600.0], [107035.0, 20.0], [107040.0, 1900.0], [107057.5, 7330.0], [107062.5, 6380.0], [107070.0, 7320.0], [107077.5, 18690.0], [107112.5, 7450.0], [107117.5, 60.0], [107120.0, 20.0], [107135.0, 19970.0]]}}}
{"jsonrpc": "2.0", "method": "subscription", "params": {"channel": "book.BTC-20JUN25.none.20.100ms", "data": {"timestamp": 1749760633081, "change_id": 104790105955, "instrument_name": "BTC-20JUN25", "bids": [[106907.5, 4800.0], [106887.5, 1300.0], [106885.0, 7320.0], [106882.5, 10000.0], [106870.0, 120.0], [106867.5, 7440.0], [106862.5, 20.0], [106842.5, 7350.0], [106840.0, 50000.0], [106837.5, 26440.0], [106830.0, 7320.0], [106817.5, 6400.0], [106790.0, 7400.0], [106777.5, 7420.0], [106765.0, 7560.0], [106742.5, 3170.0], [106740.0, 7660.0], [106730.0, 18340.0], [106727.5, 7320.0], [106720.0, 6240.0]], "asks": [[106912.5, 14820.0], [106915.0, 4970.0], [106917.5, 7500.0], [106930.0, 7320.0], [106932.5, 10000.0], [106952.5, 7320.0], [107015.0, 2000.0], [107032.5, 7600.0], [107035.0, 20.0], [107040.0, 1900.0], [107057.5, 7330.0], [107062.5, 6380.0], [107070.0, 7320.0], [107077.5, 18690.0], [107112.5, 7450.0], [107117.5, 60.0], [107120.0, 20.0], [107135.0, 19970.0], [107197.5, 7330.0], [107205.0, 20.0]]}}}
{"jsonrpc": "2.0", "method": "subscription", "params": {"channel": "book.BTC-13JUN25.none.20.100ms", "data": {"timestamp": 1749760633082, "change_id": 104790105960, "instrument_name": "BTC-13JUN25", "bids": [[106795.0, 20000.0], [106792.5, 50000.0], [106790.0, 4290.0], [106785.0, 37560.0], [106782.5, 10000.0], [106780.0, 12320.0], [106777.5, 2020.0], [106772.5, 5300.0], [106727.5, 26460.0], [106722.5, 5450.0], [106720.0, 35000.0], [106705.0, 5400.0], [106692.5, 5420.0], [106680.0, 30180.0], [106667.5, 5250.0], [106647.5, 15860.0], [106645.0, 5400.0], [106640.0, 25290.0], [106620.0, 5270.0], [106607.5, 5400.0]], "asks": [[106802.5, 9680.0], [106807.5, 14980.0], [106810.0, 2070.0], [106817.5, 4300.0], [106820.0, 5300.0], [106832.5, 10000.0], [106835.0, 8540.0], [106852.5, 11620.0], [106865.0, 5490.0], [106892.5, 5510.0], [106937.5, 25550.0], [106940.0, 5280.0], [106950.0, 20.0], [106952.5, 5360.0], [106997.5, 14400.0], [107012.5, 5340.0], [107020.0, 10.0], [107025.0, 5500.0], [107035.0, 20.0], [107042.5, 5540.0]]}}}
{"jsonrpc": "2.0", "method": "subscription", "params": {"channel": "book.BTC-20JUN25.none.20.100ms", "data": {"timestamp": 1749760633410, "change_id": 104790108491, "instrument_name": "BTC-20JUN25", "bids": [[106887.5, 3690.0], [106885.0, 12300.0], [106882.5, 2250.0], [106880.0, 7500.0], [106870.0, 6720.0], [106867.5, 67440.0], [106865.0, 4970.0], [106862.5, 20.0], [106855.0, 7320.0], [106847.5, 15000.0], [106842.5, 7350.0], [106837.5, 26440.0], [106830.0, 7320.0], [106797.5, 6400.0], [106790.0, 7400.0], [106777.5, 7420.0], [106765.0, 7560.0], [106742.5, 3170.0], [106740.0, 7660.0], [106730.0, 18340.0]], "asks": [[106892.5, 8990.0], [106895.0, 4970.0], [106902.5, 2250.0], [106905.0, 7500.0], [106910.0, 2200.0], [106912.5, 7320.0], [106930.0, 7320.0], [106932.5, 10000.0], [106952.5, 7320.0], [107015.0, 2000.0], [107032.5, 7600.0], [107035.0, 20.0], [107040.0, 1900.0], [107057.5, 7330.0], [107062.5, 6380.0], [107070.0, 7320.0], [107077.5, 18690.0], [107112.5, 7450.0], [107117.5, 60.0], [107120.0, 20.0]]}}}
{"jsonrpc": "2.0", "method": "subscription", "params": {"channel": "book.BTC-13JUN25.none.20.100ms", "data": {"timestamp": 1749760633414, "change_id": 104790108501, "instrument_name": "BTC-13JUN25", "bids": [[106780.0, 5380.0], [106777.5, 14500.0], [106775.0, 20000.0], [106772.5, 5300.0], [106767.5, 10000.0], [106760.0, 5300.0], [106742.5, 2000.0], [106740.0, 12320.0], [106737.5, 50000.0], [106735.0, 5300.0], [106727.5, 26460.0], [106722.5, 5450.0], [106720.0, 35000.0], [106705.0, 5400.0], [106692.5, 5420.0], [106690.0, 14400.0], [106680.0, 5460.0], [106667.5, 5250.0], [106655.0, 24720.0], [106647.5, 15860.0]], "asks": [[106792.5, 5380.0], [106795.0, 14980.0], [106807.5, 5300.0], [106817.5, 4300.0], [106820.0, 5300.0], [106832.5, 10000.0], [106835.0, 8540.0], [106840.0, 6160.0], [106852.5, 5460.0], [106865.0, 5490.0], [106892.5, 5510.0], [106937.5, 25550.0], [106940.0, 5280.0], [106950.0, 20.0], [106952.5, 5360.0], [106997.5, 14400.0], [107012.5, 5340.0], [107020.0, 10.0], [107025.0, 5500.0], [107035.0, 20.0]]}}}
{"jsonrpc": "2.0", "method": "subscription", "params": {"channel": "book.BTC-20JUN25.none.20.100ms", "data": {"timestamp": 1749760633752, "change_id": 104790110050, "instrument_name": "BTC-20JUN25", "bids": [[106887.5, 4800.0], [106880.0, 7500.0], [106870.0, 2230.0], [106867.5, 7560.0], [106862.5, 20.0], [106860.0, 4970.0], [106855.0, 25320.0], [106852.5, 10000.0], [106850.0, 50000.0], [106842.5, 7350.0], [106840.0, 7930.0], [106837.5, 26440.0], [106830.0, 7320.0], [106790.0, 7400.0], [106777.5, 7420.0], [106767.5, 6400.0], [106765.0, 7560.0], [106742.5, 3170.0], [106740.0, 7660.0], [106730.0, 18340.0]], "asks": [[106892.5, 8990.0], [106895.0, 4970.0], [106902.5, 2250.0], [106905.0, 7500.0], [106910.0, 2200.0], [106912.5, 7320.0], [106917.5, 3000.0], [106920.0, 10000.0], [106930.0, 7320.0], [106952.5, 7320.0], [107012.5, 6380.0], [107015.0, 2000.0], [107032.5, 7600.0], [107035.0, 20.0], [107040.0, 1900.0], [107057.5, 7330.0], [107070.0, 7320.0], [107077.5, 18690.0], [107112.5, 7450.0], [107117.5, 60.0]]}}}
{"jsonrpc": "2.0", "method": "subscription", "params": {"channel": "book.BTC-13JUN25.none.20.100ms", "data": {"timestamp": 1749760633720, "change_id": 104790109983, "instrument_name": "BTC-13JUN25", "bids": [[106787.5, 160.0], [106782.5, 6000.0], [106780.0, 24980.0], [106777.5, 9530.0], [106772.5, 25270.0], [106770.0, 50000.0], [106762.5, 1590.0], [106760.0, 5300.0], [106755.0, 3000.0], [106752.5, 10000.0], [106750.0, 1590.0], [106747.5, 5300.0], [106745.0, 600.0], [106742.5, 2000.0], [106735.0, 5300.0], [106730.0, 7940.0], [106727.5, 26460.0], [106722.5, 15950.0], [106720.0, 35000.0], [106707.5, 12320.0]], "asks": [[106790.0, 5380.0], [106795.0, 12340.0], [106805.0, 1590.0], [106807.5, 5300.0], [106815.0, 5880.0], [106817.5, 4300.0], [106820.0, 15300.0], [106835.0, 8540.0], [106840.0, 6160.0], [106852.5, 5460.0], [106865.0, 5490.0], [106892.5, 5510.0], [106937.5, 25550.0], [106940.0, 5280.0], [106950.0, 20.0], [106952.5, 5360.0], [106997.5, 14400.0], [107012.5, 5340.0], [107020.0, 10.0], [107025.0, 5500.0]]}}}
{"jsonrpc": "2.0", "method": "subscription", "params": {"channel": "book.BTC-13JUN25.none.20.100ms", "data": {"timestamp": 1749760634023, "change_id": 104790110791, "instrument_name": "BTC-13JUN25", "bids": [[106787.5, 160.0], [106782.5, 6000.0], [106780.0, 22910.0], [106777.5, 11600.0], [106772.5, 20300.0], [106770.0, 54970.0], [106762.5, 1590.0], [106760.0, 5300.0], [106757.5, 31400.0], [106755.0, 107670.0], [106752.5, 10000.0], [106750.0, 1590.0], [106747.5, 5300.0], [106745.0, 600.0], [106742.5, 2000.0], [106737.5, 1590.0], [106735.0, 5300.0], [106730.0, 7940.0], [106727.5, 26460.0], [106722.5, 15950.0]], "asks": [[106790.0, 5380.0], [106795.0, 7370.0], [106805.0, 1590.0], [106807.5, 5300.0], [106815.0, 5880.0], [106817.5, 4300.0], [106820.0, 15300.0], [106835.0, 8540.0], [106840.0, 6160.0], [106852.5, 5460.0], [106865.0, 5490.0], [106892.5, 5510.0], [106937.5, 25550.0], [106940.0, 5280.0], [106950.0, 20.0], [106952.5, 5360.0], [106997.5, 14400.0], [107012.5, 5340.0], [107020.0, 10.0], [107025.0, 5500.0]]}}}
{"jsonrpc": "2.0", "method": "subscription", "params": {"channel": "book.BTC-20JUN25.none.20.100ms", "data": {"timestamp": 1749760633951, "change_id": 104790110681, "instrument_name": "BTC-20JUN25", "bids": [[106887.5, 4800.0], [106882.5, 2250.0], [106880.0, 7500.0], [106870.0, 2230.0], [106867.5, 7560.0], [106862.5, 1510.0], [106860.0, 22170.0], [106857.5, 50000.0], [106855.0, 10320.0], [106852.5, 10000.0], [106845.0, 2210.0], [106842.5, 7350.0], [106840.0, 7930.0], [106837.5, 26440.0], [106832.5, 2200.0], [106830.0, 7320.0], [106792.5, 2220.0], [106790.0, 7400.0], [106777.5, 7420.0], [106767.5, 4190.0]], "asks": [[106892.5, 8990.0], [106895.0, 4970.0], [106902.5, 2250.0], [106905.0, 7500.0], [106910.0, 2200.0], [106912.5, 7320.0], [106917.5, 3000.0], [106920.0, 10000.0], [106927.5, 2200.0], [106930.0, 7320.0], [106950.0, 2200.0], [106952.5, 7320.0], [107010.0, 2510.0], [107012.5, 6380.0], [107015.0, 2000.0], [107030.0, 2290.0], [107032.5, 7600.0], [107035.0, 20.0], [107037.5, 570.0], [107040.0, 1900.0]]}}}
{"jsonrpc": "2.0", "method": "subscription", "params": {"channel": "book.BTC-13JUN25.none.20.100ms", "data": {"timestamp": 1749760634360, "change_id": 104790112329, "instrument_name": "BTC-13JUN25", "bids": [[106785.0, 4300.0], [106782.5, 20000.0], [106780.0, 3020.0], [106777.5, 9530.0], [106772.5, 5300.0], [106770.0, 2070.0], [106767.5, 4970.0], [106760.0, 5300.0], [106757.5, 50000.0], [106752.5, 10000.0], [106747.5, 5300.0], [106742.5, 2000.0], [106735.0, 5300.0], [106727.5, 26460.0], [106705.0, 5400.0], [106692.5, 5420.0], [106690.0, 26720.0], [106680.0, 5460.0], [106667.5, 5250.0], [106645.0, 5400.0]], "asks": [[106787.5, 6370.0], [106790.0, 4300.0], [106792.5, 4300.0], [106795.0, 5380.0], [106807.5, 5300.0], [106817.5, 4300.0], [106820.0, 15300.0], [106835.0, 8540.0], [106840.0, 160.0], [106865.0, 5490.0], [106892.5, 5510.0], [106935.0, 25550.0], [106940.0, 5280.0], [106950.0, 20.0], [106952.5, 5360.0], [106997.5, 14400.0], [107012.5, 5340.0], [107020.0, 10.0], [107025.0, 5500.0], [107035.0, 20.0]]}}}
{"jsonrpc": "2.0", "method": "subscription", "params": {"channel": "book.BTC-20JUN25.none.20.100ms", "data": {"timestamp": 1749760634314, "change_id": 104790112167, "instrument_name": "BTC-20JUN25", "bids": [[106890.0, 4800.0], [106867.5, 7440.0], [106862.5, 20.0], [106857.5, 5080.0], [106855.0, 7320.0], [106852.5, 10000.0], [106842.5, 7350.0], [106840.0, 50000.0], [106837.5, 26440.0], [106830.0, 7320.0], [106790.0, 7400.0], [106777.5, 7420.0], [106765.0, 13960.0], [106740.0, 7660.0], [106730.0, 18340.0], [106727.5, 7320.0], [106700.0, 7530.0], [106692.5, 20.0], [106690.0, 6240.0], [106687.5, 7570.0]], "asks": [[106892.5, 7500.0], [106912.5, 14820.0], [106920.0, 10000.0], [106930.0, 7320.0], [106952.5, 7320.0], [107012.5, 6380.0], [107015.0, 2000.0], [107032.5, 7600.0], [107035.0, 20.0], [107040.0, 1900.0], [107057.5, 7330.0], [107070.0, 7320.0], [107077.5, 18690.0], [107112.5, 7450.0], [107117.5, 60.0], [107120.0, 20.0], [107135.0, 19970.0], [107197.5, 7330.0], [107205.0, 20.0], [107215.0, 500.0]]}}}
{"jsonrpc": "2.0", "method": "subscription", "params": {"channel": "book.BTC-20JUN25.none.20.100ms", "data": {"timestamp": 1749760634745, "change_id": 104790113933, "instrument_name": "BTC-20JUN25", "bids": [[106890.0, 4800.0], [106870.0, 2230.0], [106867.5, 7440.0], [106862.5, 20.0], [106860.0, 3720.0], [106857.5, 5080.0], [106855.0, 24950.0], [106852.5, 10000.0], [106850.0, 50000.0], [106845.0, 2210.0], [106842.5, 7350.0], [106840.0, 7930.0], [106837.5, 26440.0], [106832.5, 2200.0], [106830.0, 7320.0], [106792.5, 2220.0], [106790.0, 7400.0], [106780.0, 2230.0], [106777.5, 7420.0], [106767.5, 4190.0]], "asks": [[106892.5, 12470.0], [106910.0, 4450.0], [106912.5, 14820.0], [106917.5, 3000.0], [106920.0, 10000.0], [106927.5, 2200.0], [106930.0, 7320.0], [106950.0, 2200.0], [106952.5, 7320.0], [107010.0, 2510.0], [107012.5, 6380.0], [107015.0, 2000.0], [107030.0, 2290.0], [107032.5, 7600.0], [107035.0, 20.0], [107037.5, 570.0], [107040.0, 1900.0], [107055.0, 2200.0], [107057.5, 7330.0], [107070.0, 7320.0]]}}}
{"jsonrpc": "2.0", "method": "subscription", "params": {"channel": "book.BTC-13JUN25.none.20.100ms", "data": {"timestamp": 1749760634593, "change_id": 104790113635, "instrument_name": "BTC-13JUN25", "bids": [[106780.0, 4460.0], [106777.5, 20.0], [106775.0, 22070.0], [106772.5, 5300.0], [106770.0, 9100.0], [106760.0, 5300.0], [106752.5, 10000.0], [106750.0, 50000.0], [106747.5, 5300.0], [106742.5, 2000.0], [106735.0, 5300.0], [106727.5, 26460.0], [106705.0, 5400.0], [106692.5, 5420.0], [106690.0, 26720.0], [106680.0, 5460.0], [106667.5, 5250.0], [106645.0, 5400.0], [106627.5, 24720.0], [106620.0, 5270.0]], "asks": [[106782.5, 4300.0], [106785.0, 4300.0], [106787.5, 17010.0], [106790.0, 4300.0], [106792.5, 4300.0], [106795.0, 4970.0], [106807.5, 5300.0], [106817.5, 4300.0], [106820.0, 15300.0], [106835.0, 5300.0], [106840.0, 160.0], [106865.0, 5490.0], [106892.5, 5510.0], [106935.0, 25550.0], [106940.0, 5280.0], [106950.0, 20.0], [106952.5, 5360.0], [106997.5, 14400.0], [107012.5, 5340.0], [107020.0, 10.0]]}}}
{"jsonrpc": "2.0", "method": "subscription", "params": {"channel": "book.BTC-13JUN25.none.20.100ms", "data": {"timestamp": 1749760634985, "change_id": 104790114479, "instrument_name": "BTC-13JUN25", "bids": [[106780.0, 160.0], [106777.5, 6640.0], [106775.0, 26390.0], [106772.5, 5300.0], [106770.0, 9100.0], [106762.5, 1590.0], [106760.0, 5300.0], [106752.5, 25000.0], [106750.0, 51590.0], [106747.5, 5300.0], [106745.0, 600.0], [106742.5, 2000.0], [106737.5, 1590.0], [106735.0, 5300.0], [106727.5, 26460.0], [106705.0, 5400.0], [106692.5, 5420.0], [106690.0, 26720.0], [106680.0, 5460.0], [106667.5, 5250.0]], "asks": [[106782.5, 9680.0], [106785.0, 10690.0], [106787.5, 17010.0], [106790.0, 7080.0], [106792.5, 4300.0], [106795.0, 4970.0], [106805.0, 4590.0], [106807.5, 15300.0], [106815.0, 2880.0], [106817.5, 4300.0], [106820.0, 5300.0], [106827.5, 160.0], [106832.5, 1590.0], [106835.0, 5300.0], [106862.5, 1650.0], [106865.0, 5490.0], [106890.0, 1650.0], [106892.5, 5510.0], [106935.0, 25550.0], [106940.0, 5280.0]]}}}
{"jsonrpc": "2.0", "method": "subscription", "params": {"channel": "book.BTC-20JUN25.none.20.100ms", "data": {"timestamp": 1749760635048, "change_id": 104790114696, "instrument_name": "BTC-20JUN25", "bids": [[106880.0, 4800.0], [106877.5, 14550.0], [106875.0, 7500.0], [106870.0, 2230.0], [106867.5, 7440.0], [106862.5, 20.0], [106860.0, 18260.0], [106857.5, 55080.0], [106855.0, 10320.0], [106852.5, 10000.0], [106845.0, 2210.0], [106842.5, 7350.0], [106840.0, 7930.0], [106837.5, 26440.0], [106832.5, 2200.0], [106830.0, 7320.0], [106792.5, 2220.0], [106790.0, 7400.0], [106780.0, 2230.0], [106777.5, 7420.0]], "asks": [[106882.5, 7500.0], [106890.0, 1490.0], [106892.5, 4970.0], [106897.5, 2200.0], [106900.0, 7340.0], [106905.0, 3000.0], [106907.5, 10000.0], [106910.0, 2200.0], [106912.5, 7320.0], [106927.5, 2200.0], [106930.0, 7320.0], [106950.0, 2200.0], [106952.5, 7320.0], [107010.0, 2510.0], [107012.5, 6380.0], [107015.0, 2000.0], [107030.0, 2290.0], [107032.5, 7600.0], [107035.0, 20.0], [107037.5, 570.0]]}}}
{"jsonrpc": "2.0", "method": "subscription", "params": {"channel": "book.BTC-20JUN25.none.20.100ms", "data": {"timestamp": 1749760635369, "change_id": 104790116498, "instrument_name": "BTC-20JUN25", "bids": [[106872.5, 12300.0], [106867.5, 7500.0], [106862.5, 20.0], [106855.0, 7320.0], [106852.5, 10000.0], [106847.5, 4970.0], [106842.5, 7350.0], [106840.0, 50110.0], [106837.5, 26440.0], [106830.0, 7320.0], [106790.0, 7400.0], [106777.5, 7420.0], [106765.0, 7560.0], [106755.0, 6400.0], [106740.0, 7660.0], [106700.0, 7530.0], [106692.5, 20.0], [106687.5, 7570.0], [106680.0, 24580.0], [106625.0, 7330.0]], "asks": [[106882.5, 12470.0], [106900.0, 7340.0], [106907.5, 10000.0], [106912.5, 7320.0], [106930.0, 7320.0], [106952.5, 7320.0], [106985.0, 2000.0], [107012.5, 6380.0], [107032.5, 7600.0], [107035.0, 20.0], [107040.0, 1900.0], [107070.0, 7320.0], [107077.5, 18690.0], [107112.5, 7450.0], [107117.5, 60.0], [107120.0, 20.0], [107125.0, 43990.0], [107135.0, 19970.0], [107137.5, 7340.0], [107192.5, 50000.0]]}}}
{"jsonrpc": "2.0", "method": "subscription", "params": {"channel": "book.BTC-13JUN25.none.20.100ms", "data": {"timestamp": 1749760635395, "change_id": 104790116739, "instrument_name": "BTC-13JUN25", "bids": [[106777.5, 20.0], [106772.5, 10.0], [106770.0, 620.0], [106767.5, 2070.0], [106765.0, 7640.0], [106762.5, 20000.0], [106760.0, 5460.0], [106757.5, 24100.0], [106755.0, 50000.0], [106752.5, 10000.0], [106747.5, 5300.0], [106742.5, 2000.0], [106737.5, 1590.0], [106735.0, 5300.0], [106730.0, 7940.0], [106727.5, 26460.0], [106705.0, 5400.0], [106695.0, 12320.0], [106692.5, 5420.0], [106690.0, 14400.0]], "asks": [[106780.0, 11750.0], [106782.5, 9680.0], [106785.0, 4300.0], [106787.5, 10230.0], [106792.5, 4300.0], [106807.5, 15300.0], [106815.0, 160.0], [106820.0, 5300.0], [106835.0, 5300.0], [106865.0, 5490.0], [106892.5, 5510.0], [106895.0, 25550.0], [106940.0, 5280.0], [106950.0, 20.0], [106952.5, 5360.0], [106997.5, 14400.0], [107012.5, 5340.0], [107020.0, 10.0], [107025.0, 5500.0], [107035.0, 20.0]]}}}
{"jsonrpc": "2.0", "method": "subscription", "params": {"channel": "book.BTC-13JUN25.none.20.100ms", "data": {"timestamp": 1749760635736, "change_id": 104790118410, "instrument_name": "BTC-13JUN25", "bids": [[106777.5, 20.0], [106772.5, 10.0], [106760.0, 160.0], [106750.0, 21040.0], [106747.5, 9430.0], [106737.5, 16390.0], [106735.0, 55300.0], [106730.0, 10000.0], [106725.0, 1580.0], [106722.5, 5260.0], [106710.0, 2000.0], [106705.0, 5400.0], [106695.0, 18270.0], [106692.5, 5420.0], [106690.0, 14400.0], [106680.0, 5460.0], [106667.5, 5250.0], [106645.0, 5400.0], [106632.5, 29980.0], [106620.0, 5270.0]], "asks": [[106780.0, 9680.0], [106782.5, 5380.0], [106785.0, 4300.0], [106787.5, 5260.0], [106795.0, 10000.0], [106807.5, 5300.0], [106815.0, 160.0], [106820.0, 5300.0], [106835.0, 5300.0], [106865.0, 5490.0], [106892.5, 5510.0], [106895.0, 25550.0], [106940.0, 5280.0], [106950.0, 20.0], [106952.5, 5360.0], [106997.5, 14400.0], [107012.5, 5340.0], [107020.0, 10.0], [107025.0, 5500.0], [107035.0, 20.0]]}}}
{"jsonrpc": "2.0", "method": "subscription", "params": {"channel": "book.BTC-20JUN25.none.20.100ms", "data": {"timestamp": 1749760635736, "change_id": 104790118411, "instrument_name": "BTC-20JUN25", "bids": [[106872.5, 4800.0], [106862.5, 20.0], [106855.0, 7320.0], [106842.5, 7350.0], [106840.0, 110.0], [106832.5, 2200.0], [106830.0, 17320.0], [106805.0, 50000.0], [106792.5, 2220.0], [106790.0, 7400.0], [106777.5, 7420.0], [106765.0, 7560.0], [106742.5, 6400.0], [106740.0, 7660.0], [106700.0, 7530.0], [106692.5, 20.0], [106687.5, 7570.0], [106680.0, 18340.0], [106675.0, 6240.0], [106625.0, 7330.0]], "asks": [[106875.0, 7500.0], [106880.0, 14840.0], [106895.0, 10000.0], [106900.0, 7340.0], [106912.5, 7320.0], [106930.0, 7320.0], [106952.5, 7320.0], [106985.0, 2000.0], [107012.5, 6380.0], [107032.5, 7600.0], [107035.0, 20.0], [107040.0, 1900.0], [107070.0, 7320.0], [107077.5, 18690.0], [107112.5, 7450.0], [107117.5, 60.0], [107120.0, 20.0], [107125.0, 43990.0], [107137.5, 7340.0], [107192.5, 50000.0]]}}}
{"jsonrpc": "2.0", "method": "subscription", "params": {"channel": "book.BTC-13JUN25.none.20.100ms", "data": {"timestamp": 1749760636080, "change_id": 104790119706, "instrument_name": "BTC-13JUN25", "bids": [[106777.5, 20.0], [106772.5, 10.0], [106760.0, 160.0], [106752.5, 6620.0], [106750.0, 26260.0], [106747.5, 9430.0], [106745.0, 4970.0], [106737.5, 16390.0], [106735.0, 55300.0], [106732.5, 3000.0], [106730.0, 10000.0], [106725.0, 1580.0], [106722.5, 5260.0], [106712.5, 600.0], [106710.0, 2000.0], [106707.5, 1620.0], [106705.0, 5400.0], [106695.0, 5950.0], [106692.5, 5420.0], [106690.0, 18100.0]], "asks": [[106780.0, 16720.0], [106782.5, 8250.0], [106785.0, 4300.0], [106787.5, 5260.0], [106792.5, 3000.0], [106795.0, 10000.0], [106805.0, 1590.0], [106807.5, 5300.0], [106815.0, 160.0], [106817.5, 1590.0], [106820.0, 5300.0], [106832.5, 1590.0], [106835.0, 5300.0], [106862.5, 1650.0], [106865.0, 5490.0], [106892.5, 13180.0], [106895.0, 25550.0], [106937.5, 1580.0], [106940.0, 5280.0], [106950.0, 1630.0]]}}}
{"jsonrpc": "2.0", "method": "subscription", "params": {"channel": "book.BTC-20JUN25.none.20.100ms", "data": {"timestamp": 1749760635944, "change_id": 104790119306, "instrument_name": "BTC-20JUN25", "bids": [[106872.5, 4800.0], [106862.5, 20.0], [106857.5, 2200.0], [106855.0, 7320.0], [106845.0, 2240.0], [106842.5, 7350.0], [106840.0, 110.0], [106837.5, 1490.0], [106835.0, 4970.0], [106832.5, 2720.0], [106830.0, 17320.0], [106790.0, 7400.0], [106787.5, 50000.0], [106777.5, 7420.0], [106765.0, 7560.0], [106745.0, 6400.0], [106740.0, 7660.0], [106700.0, 7530.0], [106692.5, 20.0], [106687.5, 7570.0]], "asks": [[106875.0, 12470.0], [106880.0, 14840.0], [106892.5, 3000.0], [106895.0, 10000.0], [106897.5, 2200.0], [106900.0, 7340.0], [106910.0, 2200.0], [106912.5, 7320.0], [106930.0, 7320.0], [106952.5, 7320.0], [106985.0, 2000.0], [107012.5, 6380.0], [107032.5, 7600.0], [107035.0, 20.0], [107040.0, 1900.0], [107070.0, 7320.0], [107077.5, 18690.0], [107112.5, 7450.0], [107117.5, 60.0], [107120.0, 20.0]]}}}
{"jsonrpc": "2.0", "method": "subscription", "params": {"channel": "book.BTC-13JUN25.none.20.100ms", "data": {"timestamp": 1749760636381, "change_id": 104790120423, "instrument_name": "BTC-13JUN25", "bids": [[106777.5, 20.0], [106772.5, 10.0], [106760.0, 160.0], [106752.5, 6620.0], [106750.0, 22700.0], [106747.5, 9430.0], [106737.5, 16390.0], [106735.0, 55300.0], [106732.5, 3000.0], [106730.0, 10000.0], [106725.0, 1580.0], [106722.5, 5260.0], [106712.5, 600.0], [106710.0, 2000.0], [106707.5, 1620.0], [106705.0, 5400.0], [106695.0, 5950.0], [106692.5, 5420.0], [106690.0, 18100.0], [106687.5, 12320.0]], "asks": [[106780.0, 16720.0], [106782.5, 8250.0], [106785.0, 4300.0], [106787.5, 5260.0], [106792.5, 3000.0], [106795.0, 10000.0], [106805.0, 1590.0], [106807.5, 5300.0], [106815.0, 160.0], [106817.5, 1590.0], [106820.0, 5300.0], [106832.5, 1590.0], [106835.0, 5300.0], [106862.5, 1650.0], [106865.0, 5490.0], [106892.5, 13180.0], [106895.0, 25550.0], [106937.5, 1580.0], [106940.0, 5280.0], [106950.0, 1630.0]]}}}
{"jsonrpc": "2.0", "method": "subscription", "params": {"channel": "book.BTC-20JUN25.none.20.100ms", "data": {"timestamp": 1749760636410, "change_id": 104790120617, "instrument_name": "BTC-20JUN25", "bids": [[106862.5, 20.0], [106845.0, 2240.0], [106842.5, 7350.0], [106840.0, 110.0], [106832.5, 4860.0], [106830.0, 17320.0], [106792.5, 2220.0], [106790.0, 57400.0], [106787.5, 15000.0], [106780.0, 2230.0], [106777.5, 7420.0], [106767.5, 2270.0], [106765.0, 7560.0], [106745.0, 6400.0], [106742.5, 2300.0], [106740.0, 7660.0], [106700.0, 7530.0], [106692.5, 20.0], [106687.5, 7570.0], [106680.0, 18340.0]], "asks": [[106865.0, 7500.0], [106872.5, 1490.0], [106875.0, 4970.0], [106877.5, 2200.0], [106880.0, 7340.0], [106892.5, 3000.0], [106895.0, 10000.0], [106897.5, 2200.0], [106900.0, 7340.0], [106910.0, 2200.0], [106912.5, 7320.0], [106927.5, 2200.0], [106930.0, 7320.0], [106950.0, 2200.0], [106952.5, 7320.0], [106985.0, 2000.0], [107012.5, 6380.0], [107032.5, 7600.0], [107035.0, 20.0], [107040.0, 1900.0]]}}}
{"jsonrpc": "2.0", "method": "subscription", "params": {"channel": "book.BTC-20JUN25.none.20.100ms", "data": {"timestamp": 1749760636735, "change_id": 104790121840, "instrument_name": "BTC-20JUN25", "bids": [[106862.5, 3620.0], [106845.0, 2240.0], [106842.5, 7350.0], [106840.0, 110.0], [106832.5, 9900.0], [106830.0, 17320.0], [106800.0, 7920.0], [106797.5, 26390.0], [106792.5, 16940.0], [106790.0, 57400.0], [106780.0, 2230.0], [106777.5, 7420.0], [106767.5, 2270.0], [106765.0, 7560.0], [106747.5, 1920.0], [106745.0, 6400.0], [106742.5, 2300.0], [106740.0, 7660.0], [106702.5, 2260.0], [106700.0, 7530.0]], "asks": [[106865.0, 12470.0], [106877.5, 2200.0], [106880.0, 7340.0], [106892.5, 3000.0], [106895.0, 10000.0], [106897.5, 2200.0], [106900.0, 7340.0], [106910.0, 2200.0], [106912.5, 7320.0], [106927.5, 2200.0], [106930.0, 7320.0], [106950.0, 2200.0], [106952.5, 7320.0], [106982.5, 600.0], [106985.0, 2000.0], [106987.5, 2200.0], [106990.0, 7340.0], [107010.0, 1910.0], [107012.5, 6380.0], [107030.0, 2290.0]]}}}
{"jsonrpc": "2.0", "method": "subscription", "params": {"channel": "book.BTC-13JUN25.none.20.100ms", "data": {"timestamp": 1749760636730, "change_id": 104790121830, "instrument_name": "BTC-13JUN25", "bids": [[106777.5, 20.0], [106772.5, 10.0], [106760.0, 160.0], [106752.5, 6000.0], [106750.0, 22700.0], [106747.5, 11500.0], [106742.5, 4970.0], [106735.0, 5300.0], [106732.5, 50000.0], [106730.0, 10000.0], [106725.0, 1580.0], [106722.5, 5260.0], [106717.5, 26390.0], [106712.5, 600.0], [106710.0, 2000.0], [106707.5, 1620.0], [106705.0, 5400.0], [106692.5, 5420.0], [106690.0, 14400.0], [106685.0, 5330.0]], "asks": [[106780.0, 16720.0], [106782.5, 8250.0], [106785.0, 4300.0], [106787.5, 5260.0], [106790.0, 4300.0], [106792.5, 3000.0], [106795.0, 10000.0], [106807.5, 5300.0], [106815.0, 160.0], [106820.0, 5300.0], [106832.5, 1590.0], [106835.0, 5300.0], [106862.5, 1650.0], [106865.0, 5490.0], [106892.5, 13180.0], [106895.0, 25550.0], [106940.0, 5280.0], [106950.0, 20.0], [106952.5, 5360.0], [106997.5, 14400.0]]}}}
{"jsonrpc": "2.0", "method": "subscription", "params": {"channel": "book.BTC-13JUN25.none.20.100ms", "data": {"timestamp": 1749760637030, "change_id": 104790122365, "instrument_name": "BTC-13JUN25", "bids": [[106777.5, 20.0], [106772.5, 10.0], [106752.5, 6000.0], [106750.0, 22880.0], [106747.5, 9430.0], [106745.0, 1650.0], [106742.5, 4970.0], [106735.0, 5300.0], [106732.5, 50000.0], [106730.0, 10000.0], [106725.0, 1580.0], [106722.5, 5260.0], [106717.5, 26390.0], [106712.5, 600.0], [106710.0, 2000.0], [106707.5, 1620.0], [106705.0, 5400.0], [106692.5, 5420.0], [106690.0, 14400.0], [106682.5, 12320.0]], "asks": [[106780.0, 16720.0], [106782.5, 8250.0], [106785.0, 4300.0], [106787.5, 5260.0], [106790.0, 4300.0], [106792.5, 3000.0], [106795.0, 10000.0], [106802.5, 160.0], [106805.0, 1590.0], [106807.5, 5300.0], [106817.5, 1590.0], [106820.0, 5300.0], [106832.5, 1590.0], [106835.0, 5300.0], [106862.5, 1650.0], [106865.0, 5490.0], [106892.5, 13180.0], [106895.0, 25550.0], [106940.0, 5280.0], [106950.0, 1630.0]]}}}
{"jsonrpc": "2.0", "method": "subscription", "params": {"channel": "book.BTC-20JUN25.none.20.100ms", "data": {"timestamp": 1749760637006, "change_id": 104790122324, "instrument_name": "BTC-20JUN25", "bids": [[106862.5, 3620.0], [106845.0, 2240.0], [106842.5, 7350.0], [106832.5, 9900.0], [106830.0, 17320.0], [106825.0, 90.0], [106802.5, 15000.0], [106800.0, 57920.0], [106797.5, 26390.0], [106792.5, 2220.0], [106790.0, 7400.0], [106780.0, 2230.0], [106777.5, 7420.0], [106767.5, 2270.0], [106765.0, 7560.0], [106747.5, 1920.0], [106745.0, 6400.0], [106742.5, 2300.0], [106740.0, 7660.0], [106702.5, 2260.0]], "asks": [[106865.0, 12470.0], [106877.5, 2200.0], [106880.0, 7340.0], [106892.5, 3000.0], [106895.0, 10000.0], [106897.5, 2200.0], [106900.0, 7340.0], [106910.0, 2200.0], [106912.5, 7320.0], [106927.5, 2200.0], [106930.0, 7320.0], [106950.0, 2200.0], [106952.5, 7320.0], [106982.5, 600.0], [106985.0, 2000.0], [106987.5, 2200.0], [106990.0, 7340.0], [107010.0, 1910.0], [107012.5, 6380.0], [107030.0, 2290.0]]}}}
{"jsonrpc": "2.0", "method": "subscription", "params": {"channel": "book.BTC-13JUN25.none.20.100ms", "data": {"timestamp": 1749760637357, "change_id": 104790123066, "instrument_name": "BTC-13JUN25", "bids": [[106777.5, 20.0], [106772.5, 10.0], [106750.0, 23500.0], [106747.5, 9430.0], [106745.0, 160.0], [106742.5, 7040.0], [106737.5, 1590.0], [106735.0, 23300.0], [106732.5, 50000.0], [106730.0, 10000.0], [106722.5, 5260.0], [106720.0, 7920.0], [106717.5, 26390.0], [106710.0, 2000.0], [106705.0, 5400.0], [106692.5, 5420.0], [106690.0, 14400.0], [106682.5, 12320.0], [106680.0, 5460.0], [106667.5, 5250.0]], "asks": [[106780.0, 16720.0], [106782.5, 15380.0], [106785.0, 4300.0], [106787.5, 5260.0], [106790.0, 4300.0], [106802.5, 160.0], [106807.5, 5300.0], [106810.0, 39430.0], [106820.0, 5300.0], [106835.0, 5300.0], [106865.0, 5490.0], [106892.5, 5510.0], [106895.0, 25550.0], [106937.5, 1580.0], [106940.0, 5280.0], [106950.0, 20.0], [106952.5, 5360.0], [106995.0, 4320.0], [106997.5, 14400.0], [107005.0, 11390.0]]}}}
{"jsonrpc": "2.0", "method": "subscription", "params": {"channel": "book.BTC-20JUN25.none.20.100ms", "data": {"timestamp": 1749760637266, "change_id": 104790122880, "instrument_name": "BTC-20JUN25", "bids": [[106862.5, 3620.0], [106845.0, 2240.0], [106842.5, 7350.0], [106832.5, 9900.0], [106830.0, 17320.0], [106825.0, 90.0], [106802.5, 15000.0], [106800.0, 57920.0], [106797.5, 26390.0], [106792.5, 2220.0], [106790.0, 7400.0], [106780.0, 2230.0], [106777.5, 7420.0], [106767.5, 2270.0], [106765.0, 7560.0], [106747.5, 1920.0], [106745.0, 6400.0], [106742.5, 2300.0], [106740.0, 7660.0], [106702.5, 2260.0]], "asks": [[106865.0, 12470.0], [106877.5, 2200.0], [106880.0, 7340.0], [106882.5, 10000.0], [106897.5, 2200.0], [106900.0, 7340.0], [106910.0, 2200.0], [106912.5, 7320.0], [106927.5, 2200.0], [106930.0, 7320.0], [106950.0, 2200.0], [106952.5, 7320.0], [106982.5, 600.0], [106985.0, 2000.0], [106987.5, 2200.0], [106990.0, 7340.0], [107010.0, 1910.0], [107012.5, 6380.0], [107030.0, 2290.0], [107032.5, 7600.0]]}}}
{"jsonrpc": "2.0", "method": "subscription", "params": {"channel": "book.BTC-13JUN25.none.20.100ms", "data": {"timestamp": 1749760637682, "change_id": 104790124088, "instrument_name": "BTC-13JUN25", "bids": [[106777.5, 20.0], [106772.5, 10.0], [106752.5, 6000.0], [106750.0, 22880.0], [106747.5, 9430.0], [106745.0, 2270.0], [106742.5, 7040.0], [106740.0, 16590.0], [106737.5, 50000.0], [106735.0, 5300.0], [106732.5, 3000.0], [106730.0, 10000.0], [106722.5, 5260.0], [106717.5, 26390.0], [106710.0, 2000.0], [106705.0, 5400.0], [106692.5, 5420.0], [106690.0, 14400.0], [106682.5, 12320.0], [106680.0, 5460.0]], "asks": [[106780.0, 16720.0], [106782.5, 18250.0], [106785.0, 4300.0], [106787.5, 5260.0], [106797.5, 1290.0], [106800.0, 4300.0], [106802.5, 160.0], [106805.0, 1590.0], [106807.5, 5300.0], [106820.0, 5300.0], [106835.0, 5300.0], [106865.0, 5490.0], [106892.5, 5510.0], [106895.0, 25550.0], [106937.5, 1580.0], [106940.0, 5280.0], [106950.0, 20.0], [106952.5, 5360.0], [106997.5, 14400.0], [107005.0, 11390.0]]}}}
{"jsonrpc": "2.0", "method": "subscription", "params": {"channel": "book.BTC-20JUN25.none.20.100ms", "data": {"timestamp": 1749760637686, "change_id": 104790124097, "instrument_name": "BTC-20JUN25", "bids": [[106862.5, 20.0], [106845.0, 2240.0], [106842.5, 7350.0], [106832.5, 9900.0], [106830.0, 17320.0], [106825.0, 90.0], [106802.5, 15000.0], [106800.0, 57920.0], [106797.5, 26390.0], [106792.5, 2220.0], [106790.0, 7400.0], [106780.0, 2230.0], [106777.5, 7420.0], [106767.5, 2270.0], [106765.0, 7560.0], [106747.5, 1920.0], [106745.0, 6400.0], [106742.5, 2300.0], [106740.0, 7660.0], [106702.5, 2260.0]], "asks": [[106865.0, 12470.0], [106877.5, 2200.0], [106880.0, 10340.0], [106882.5, 10000.0], [106897.5, 2200.0], [106900.0, 7340.0], [106910.0, 2200.0], [106912.5, 7320.0], [106927.5, 2200.0], [106930.0, 7320.0], [106950.0, 2200.0], [106952.5, 7320.0], [106982.5, 600.0], [106985.0, 2000.0], [106987.5, 2200.0], [106990.0, 7340.0], [107010.0, 1910.0], [107012.5, 6380.0], [107030.0, 2290.0], [107032.5, 7600.0]]}}}
{"jsonrpc": "2.0", "method": "subscription", "params": {"channel": "book.BTC-13JUN25.none.20.100ms", "data": {"timestamp": 1749760638015, "change_id": 104790124542, "instrument_name": "BTC-13JUN25", "bids": [[106777.5, 20.0], [106772.5, 10.0], [106757.5, 160.0], [106752.5, 6000.0], [106750.0, 22880.0], [106747.5, 9430.0], [106745.0, 2110.0], [106742.5, 7040.0], [106740.0, 16590.0], [106737.5, 50000.0], [106735.0, 5300.0], [106732.5, 3000.0], [106730.0, 10000.0], [106722.5, 5260.0], [106717.5, 26390.0], [106710.0, 2000.0], [106705.0, 5400.0], [106692.5, 5420.0], [106690.0, 14400.0], [106682.5, 12320.0]], "asks": [[106780.0, 16720.0], [106782.5, 18250.0], [106785.0, 4300.0], [106787.5, 5260.0], [106797.5, 1290.0], [106800.0, 4300.0], [106802.5, 160.0], [106805.0, 1590.0], [106807.5, 5300.0], [106820.0, 5300.0], [106835.0, 5300.0], [106865.0, 5490.0], [106892.5, 5510.0], [106895.0, 25550.0], [106937.5, 1580.0], [106940.0, 5280.0], [106950.0, 20.0], [106952.5, 5360.0], [106997.5, 14400.0], [107005.0, 11390.0]]}}}
{"jsonrpc": "2.0", "method": "subscription", "params": {"channel": "book.BTC-20JUN25.none.20.100ms", "data": {"timestamp": 1749760638287, "change_id": 104790125224, "instrument_name": "BTC-20JUN25", "bids": [[106862.5, 20.0], [106845.0, 2240.0], [106842.5, 7350.0], [106832.5, 9900.0], [106830.0, 17320.0], [106825.0, 90.0], [106802.5, 15000.0], [106800.0, 57920.0], [106797.5, 26390.0], [106792.5, 2220.0], [106790.0, 7400.0], [106780.0, 2230.0], [106777.5, 7420.0], [106767.5, 2270.0], [106765.0, 7560.0], [106747.5, 1920.0], [106745.0, 6400.0], [106742.5, 2300.0], [106740.0, 7660.0], [106702.5, 2260.0]], "asks": [[106865.0, 12470.0], [106877.5, 2200.0], [106880.0, 10340.0], [106882.5, 10000.0], [106897.5, 2200.0], [106900.0, 7340.0], [106910.0, 2200.0], [106912.5, 7320.0], [106927.5, 2200.0], [106930.0, 7320.0], [106950.0, 2200.0], [106952.5, 7320.0], [106982.5, 600.0], [106985.0, 2000.0], [106987.5, 2200.0], [106990.0, 7340.0], [107010.0, 1910.0], [107012.5, 6380.0], [107030.0, 2290.0], [107032.5, 7600.0]]}}}
{"jsonrpc": "2.0", "method": "subscription", "params": {"channel": "book.BTC-13JUN25.none.20.100ms", "data": {"timestamp": 1749760638301, "change_id": 104790125329, "instrument_name": "BTC-13JUN25", "bids": [[106777.5, 20.0], [106772.5, 10.0], [106757.5, 160.0], [106752.5, 6000.0], [106750.0, 21590.0], [106747.5, 5300.0], [106745.0, 14740.0], [106742.5, 57040.0], [106737.5, 2630.0], [106735.0, 9430.0], [106730.0, 10000.0], [106722.5, 5260.0], [106717.5, 26390.0], [106710.0, 2000.0], [106705.0, 5400.0], [106692.5, 5420.0], [106690.0, 14400.0], [106682.5, 12320.0], [106680.0, 5460.0], [106667.5, 5250.0]], "asks": [[106780.0, 16720.0], [106782.5, 18250.0], [106785.0, 4300.0], [106787.5, 5260.0], [106795.0, 2490.0], [106797.5, 6000.0], [106800.0, 4300.0], [106802.5, 160.0], [106805.0, 33430.0], [106807.5, 5300.0], [106810.0, 106800.0], [106820.0, 5300.0], [106835.0, 5300.0], [106865.0, 5490.0], [106892.5, 5510.0], [106895.0, 25550.0], [106937.5, 1580.0], [106940.0, 5280.0], [106950.0, 20.0], [106952.5, 5360.0]]}}}
{"jsonrpc": "2.0", "method": "subscription", "params": {"channel": "book.BTC-13JUN25.none.20.100ms", "data": {"timestamp": 1749760638682, "change_id": 104790126764, "instrument_name": "BTC-13JUN25", "bids": [[106777.5, 20.0], [106772.5, 10.0], [106750.0, 7490.0], [106747.5, 20000.0], [106745.0, 5640.0], [106742.5, 2230.0], [106740.0, 17830.0], [106737.5, 50000.0], [106735.0, 9430.0], [106732.5, 3000.0], [106730.0, 10000.0], [106722.5, 5260.0], [106720.0, 7920.0], [106717.5, 26390.0], [106710.0, 2000.0], [106705.0, 5400.0], [106692.5, 5420.0], [106690.0, 14400.0], [106685.0, 5330.0], [106682.5, 12320.0]], "asks": [[106780.0, 16720.0], [106782.5, 18250.0], [106785.0, 4300.0], [106787.5, 5260.0], [106790.0, 1290.0], [106792.5, 4300.0], [106795.0, 2490.0], [106797.5, 6000.0], [106800.0, 4300.0], [106802.5, 160.0], [106805.0, 33430.0], [106807.5, 5300.0], [106810.0, 106800.0], [106817.5, 1590.0], [106820.0, 5300.0], [106835.0, 5300.0], [106862.5, 1650.0], [106865.0, 5490.0], [106892.5, 13180.0], [106895.0, 25550.0]]}}}
{"jsonrpc": "2.0", "method": "subscription", "params": {"channel": "book.BTC-20JUN25.none.20.100ms", "data": {"timestamp": 1749760638689, "change_id": 104790126768, "instrument_name": "BTC-20JUN25", "bids": [[106862.5, 20.0], [106850.0, 1440.0], [106847.5, 4800.0], [106832.5, 9900.0], [106830.0, 17320.0], [106825.0, 90.0], [106802.5, 15000.0], [106800.0, 57920.0], [106797.5, 26390.0], [106792.5, 2220.0], [106790.0, 7400.0], [106780.0, 2230.0], [106777.5, 7420.0], [106767.5, 2270.0], [106765.0, 7560.0], [106747.5, 1920.0], [106745.0, 6400.0], [106742.5, 2300.0], [106740.0, 7660.0], [106702.5, 2260.0]], "asks": [[106865.0, 19810.0], [106877.5, 2200.0], [106880.0, 10340.0], [106882.5, 10000.0], [106897.5, 2200.0], [106900.0, 7340.0], [106910.0, 2200.0], [106912.5, 7320.0], [106927.5, 2200.0], [106930.0, 7320.0], [106950.0, 2200.0], [106952.5, 7320.0], [106982.5, 600.0], [106985.0, 2000.0], [106987.5, 2200.0], [106990.0, 7340.0], [107010.0, 1910.0], [107012.5, 6380.0], [107030.0, 2290.0], [107032.5, 7600.0]]}}}
{"jsonrpc": "2.0", "method": "subscription", "params": {"channel": "book.BTC-13JUN25.none.20.100ms", "data": {"timestamp": 1749760638952, "change_id": 104790127057, "instrument_name": "BTC-13JUN25", "bids": [[106777.5, 20.0], [106772.5, 10.0], [106750.0, 7490.0], [106747.5, 20000.0], [106745.0, 5640.0], [106742.5, 2230.0], [106740.0, 17830.0], [106737.5, 50000.0], [106735.0, 9430.0], [106732.5, 3000.0], [106730.0, 10000.0], [106722.5, 5260.0], [106720.0, 7920.0], [106717.5, 26390.0], [106710.0, 2000.0], [106705.0, 5400.0], [106692.5, 5420.0], [106690.0, 14400.0], [106682.5, 12320.0], [106667.5, 5250.0]], "asks": [[106780.0, 16720.0], [106782.5, 18250.0], [106785.0, 4300.0], [106787.5, 5260.0], [106790.0, 1450.0], [106792.5, 4300.0], [106795.0, 2490.0], [106797.5, 6000.0], [106800.0, 4300.0], [106805.0, 1590.0], [106807.5, 5300.0], [106835.0, 5300.0], [106862.5, 1650.0], [106865.0, 5490.0], [106892.5, 13180.0], [106895.0, 25550.0], [106937.5, 1580.0], [106940.0, 5280.0], [106950.0, 1630.0], [106952.5, 5360.0]]}}}
{"jsonrpc": "2.0", "method": "subscription", "params": {"channel": "book.BTC-20JUN25.none.20.100ms", "data": {"timestamp": 1749760639370, "change_id": 104790127869, "instrument_name": "BTC-20JUN25", "bids": [[106862.5, 20.0], [106850.0, 1440.0], [106847.5, 4800.0], [106832.5, 4930.0], [106830.0, 17320.0], [106827.5, 1520.0], [106825.0, 5060.0], [106817.5, 7340.0], [106805.0, 7340.0], [106802.5, 50000.0], [106800.0, 7920.0], [106797.5, 26390.0], [106792.5, 2220.0], [106790.0, 7400.0], [106780.0, 2230.0], [106777.5, 7420.0], [106767.5, 2270.0], [106765.0, 7560.0], [106747.5, 1920.0], [106745.0, 6400.0]], "asks": [[106865.0, 19810.0], [106877.5, 2200.0], [106880.0, 10340.0], [106882.5, 10000.0], [106897.5, 2200.0], [106900.0, 7340.0], [106910.0, 2200.0], [106912.5, 7320.0], [106927.5, 2200.0], [106930.0, 7320.0], [106950.0, 2200.0], [106952.5, 7320.0], [106982.5, 600.0], [106985.0, 2000.0], [106987.5, 2200.0], [106990.0, 7340.0], [107010.0, 1910.0], [107012.5, 6380.0], [107030.0, 2290.0], [107032.5, 7600.0]]}}}
{"jsonrpc": "2.0", "method": "subscription", "params": {"channel": "book.BTC-13JUN25.none.20.100ms", "data": {"timestamp": 1749760639363, "change_id": 104790127844, "instrument_name": "BTC-13JUN25", "bids": [[106777.5, 20.0], [106772.5, 10.0], [106745.0, 6050.0], [106742.5, 20160.0], [106740.0, 17830.0], [106737.5, 54970.0], [106735.0, 9430.0], [106732.5, 3000.0], [106730.0, 10000.0], [106722.5, 5260.0], [106720.0, 7920.0], [106717.5, 26390.0], [106710.0, 2000.0], [106705.0, 5400.0], [106692.5, 5420.0], [106690.0, 14400.0], [106682.5, 12320.0], [106667.5, 5250.0], [106655.0, 35000.0], [106647.5, 1620.0]], "asks": [[106780.0, 16710.0], [106782.5, 18250.0], [106785.0, 4300.0], [106787.5, 5260.0], [106790.0, 1450.0], [106792.5, 4300.0], [106795.0, 2490.0], [106797.5, 6000.0], [106800.0, 4300.0], [106802.5, 12220.0], [106805.0, 42320.0], [106807.5, 5300.0], [106835.0, 5300.0], [106862.5, 1650.0], [106865.0, 5490.0], [106892.5, 13180.0], [106895.0, 25550.0], [106937.5, 1580.0], [106940.0, 5280.0], [106950.0, 1630.0]]}}}
{"jsonrpc": "2.0", "method": "subscription", "params": {"channel": "book.BTC-13JUN25.none.20.100ms", "data": {"timestamp": 1749760639528, "change_id": 104790128363, "instrument_name": "BTC-13JUN25", "bids": [[106777.5, 20.0], [106772.5, 10.0], [106745.0, 6050.0], [106742.5, 20160.0], [106740.0, 17830.0], [106737.5, 54970.0], [106735.0, 9430.0], [106732.5, 5060.0], [106730.0, 10000.0], [106722.5, 5260.0], [106720.0, 7920.0], [106717.5, 26390.0], [106710.0, 2000.0], [106707.5, 1620.0], [106705.0, 5400.0], [106692.5, 5420.0], [106690.0, 14400.0], [106682.5, 12320.0], [106667.5, 5250.0], [106657.5, 10500.0]], "asks": [[106780.0, 16710.0], [106782.5, 18250.0], [106785.0, 4300.0], [106787.5, 5260.0], [106790.0, 2580.0], [106792.5, 4300.0], [106795.0, 6790.0], [106797.5, 6000.0], [106800.0, 4300.0], [106802.5, 12220.0], [106805.0, 42320.0], [106807.5, 5300.0], [106832.5, 1590.0], [106835.0, 5300.0], [106862.5, 1650.0], [106865.0, 5490.0], [106892.5, 13180.0], [106895.0, 25550.0], [106937.5, 1580.0], [106940.0, 5280.0]]}}}
{"jsonrpc": "2.0", "method": "subscription", "params": {"channel": "book.BTC-20JUN25.none.20.100ms", "data": {"timestamp": 1749760639648, "change_id": 104790128744, "instrument_name": "BTC-20JUN25", "bids": [[106862.5, 20.0], [106832.5, 4930.0], [106830.0, 17320.0], [106827.5, 1520.0], [106825.0, 5060.0], [106805.0, 7340.0], [106800.0, 57920.0], [106797.5, 26390.0], [106792.5, 2220.0], [106790.0, 7400.0], [106780.0, 2230.0], [106777.5, 7420.0], [106767.5, 2270.0], [106765.0, 7560.0], [106747.5, 1920.0], [106745.0, 6400.0], [106742.5, 2300.0], [106740.0, 7660.0], [106702.5, 2260.0], [106700.0, 7530.0]], "asks": [[106865.0, 19810.0], [106877.5, 2200.0], [106880.0, 10340.0], [106882.5, 10000.0], [106897.5, 2200.0], [106900.0, 7340.0], [106910.0, 2200.0], [106912.5, 7320.0], [106927.5, 2200.0], [106930.0, 7320.0], [106950.0, 2200.0], [106952.5, 7320.0], [106982.5, 600.0], [106985.0, 2000.0], [106987.5, 2200.0], [106990.0, 7340.0], [107010.0, 1910.0], [107012.5, 6380.0], [107030.0, 2290.0], [107032.5, 7600.0]]}}}
{"jsonrpc": "2.0", "method": "subscription", "params": {"channel": "book.BTC-13JUN25.none.20.100ms", "data": {"timestamp": 1749760639939, "change_id": 104790129197, "instrument_name": "BTC-13JUN25", "bids": [[106777.5, 20.0], [106772.5, 10.0], [106745.0, 6050.0], [106742.5, 20160.0], [106740.0, 17830.0], [106737.5, 50000.0], [106735.0, 9430.0], [106732.5, 5060.0], [106730.0, 10000.0], [106722.5, 5260.0], [106720.0, 7920.0], [106717.5, 26390.0], [106710.0, 2000.0], [106707.5, 1620.0], [106705.0, 5400.0], [106692.5, 5420.0], [106690.0, 14400.0], [106682.5, 12320.0], [106667.5, 5250.0], [106657.5, 10500.0]], "asks": [[106780.0, 16710.0], [106782.5, 18250.0], [106785.0, 4300.0], [106787.5, 5260.0], [106790.0, 2580.0], [106792.5, 4300.0], [106795.0, 6790.0], [106797.5, 6000.0], [106800.0, 4300.0], [106805.0, 1590.0], [106807.5, 5300.0], [106832.5, 1590.0], [106835.0, 5300.0], [106862.5, 1650.0], [106865.0, 5490.0], [106892.5, 13180.0], [106895.0, 25550.0], [106937.5, 1580.0], [106940.0, 5280.0], [106950.0, 1630.0]]}}}
{"jsonrpc": "2.0", "method": "subscription", "params": {"channel": "book.BTC-20JUN25.none.20.100ms", "data": {"timestamp": 1749760639942, "change_id": 104790129202, "instrument_name": "BTC-20JUN25", "bids": [[106862.5, 20.0], [106832.5, 4930.0], [106830.0, 17320.0], [106825.0, 90.0], [106805.0, 7340.0], [106800.0, 57920.0], [106797.5, 26390.0], [106792.5, 2220.0], [106790.0, 7400.0], [106780.0, 2230.0], [106777.5, 7420.0], [106767.5, 2270.0], [106765.0, 7560.0], [106747.5, 1920.0], [106745.0, 6400.0], [106742.5, 2300.0], [106740.0, 7660.0], [106702.5, 2260.0], [106700.0, 7530.0], [106692.5, 20.0]], "asks": [[106865.0, 19810.0], [106877.5, 2200.0], [106880.0, 10340.0], [106882.5, 10000.0], [106897.5, 2200.0], [106900.0, 7340.0], [106910.0, 2200.0], [106912.5, 7320.0], [106927.5, 2200.0], [106930.0, 7320.0], [106950.0, 2200.0], [106952.5, 7320.0], [106982.5, 600.0], [106985.0, 2000.0], [106987.5, 2200.0], [106990.0, 7340.0], [107010.0, 1910.0], [107012.5, 6380.0], [107030.0, 2290.0], [107032.5, 7600.0]]}}}
{"jsonrpc": "2.0", "method": "subscription", "params": {"channel": "book.BTC-13JUN25.none.20.100ms", "data": {"timestamp": 1749760640337, "change_id": 104790129864, "instrument_name": "BTC-13JUN25", "bids": [[106777.5, 20.0], [106772.5, 10.0], [106745.0, 6050.0], [106742.5, 20160.0], [106740.0, 17830.0], [106737.5, 50000.0], [106735.0, 15020.0], [106732.5, 2060.0], [106722.5, 5260.0], [106720.0, 7920.0], [106717.5, 26390.0], [106715.0, 10000.0], [106710.0, 2000.0], [106707.5, 1620.0], [106705.0, 5400.0], [106692.5, 5420.0], [106690.0, 14400.0], [106682.5, 12320.0], [106667.5, 5250.0], [106657.5, 10500.0]], "asks": [[106780.0, 16710.0], [106782.5, 18250.0], [106785.0, 4300.0], [106787.5, 5260.0], [106790.0, 2580.0], [106792.5, 4300.0], [106795.0, 6790.0], [106797.5, 6000.0], [106800.0, 4300.0], [106805.0, 1590.0], [106807.5, 5300.0], [106832.5, 1590.0], [106835.0, 5300.0], [106862.5, 1650.0], [106865.0, 5490.0], [106892.5, 13180.0], [106895.0, 25550.0], [106897.5, 4320.0], [106900.0, 14400.0], [106937.5, 1580.0]]}}}
{"jsonrpc": "2.0", "method": "subscription", "params": {"channel": "book.BTC-20JUN25.none.20.100ms", "data": {"timestamp": 1749760640231, "change_id": 104790129703, "instrument_name": "BTC-20JUN25", "bids": [[106862.5, 20.0], [106832.5, 4930.0], [106830.0, 17320.0], [106827.5, 1520.0], [106825.0, 5060.0], [106805.0, 7340.0], [106800.0, 57920.0], [106797.5, 26390.0], [106792.5, 2220.0], [106790.0, 7400.0], [106780.0, 2230.0], [106777.5, 7420.0], [106767.5, 2270.0], [106765.0, 7560.0], [106757.5, 1920.0], [106755.0, 6400.0], [106742.5, 2300.0], [106740.0, 7660.0], [106702.5, 2260.0], [106700.0, 7530.0]], "asks": [[106865.0, 19810.0], [106877.5, 2200.0], [106880.0, 10340.0], [106882.5, 10000.0], [106897.5, 2200.0], [106900.0, 7340.0], [106910.0, 2200.0], [106912.5, 7320.0], [106927.5, 2200.0], [106930.0, 7320.0], [106950.0, 2200.0], [106952.5, 7320.0], [106977.5, 1910.0], [106980.0, 6380.0], [106982.5, 600.0], [106985.0, 2000.0], [106987.5, 2200.0], [106990.0, 7340.0], [107030.0, 2290.0], [107032.5, 7600.0]]}}}
{"jsonrpc": "2.0", "method": "subscription", "params": {"channel": "book.BTC-20JUN25.none.20.100ms", "data": {"timestamp": 1749760640711, "change_id": 104790132052, "instrument_name": "BTC-20JUN25", "bids": [[106832.5, 4800.0], [106830.0, 12300.0], [106825.0, 90.0], [106820.0, 2200.0], [106817.5, 7340.0], [106812.5, 10000.0], [106807.5, 14730.0], [106805.0, 57340.0], [106800.0, 7920.0], [106797.5, 26390.0], [106790.0, 7400.0], [106777.5, 7420.0], [106765.0, 7560.0], [106742.5, 8700.0], [106740.0, 7660.0], [106702.5, 2260.0], [106700.0, 7530.0], [106692.5, 20.0], [106687.5, 7570.0], [106682.5, 5500.0]], "asks": [[106835.0, 7500.0], [106852.5, 7340.0], [106865.0, 7340.0], [106870.0, 10000.0], [106880.0, 7340.0], [106900.0, 7340.0], [106912.5, 7320.0], [106930.0, 7320.0], [106952.5, 7320.0], [106955.0, 2000.0], [106980.0, 6380.0], [106987.5, 2200.0], [106990.0, 7340.0], [107032.5, 7600.0], [107035.0, 20.0], [107040.0, 1900.0], [107070.0, 7320.0], [107077.5, 18690.0], [107082.5, 7340.0], [107085.0, 12570.0]]}}}
{"jsonrpc": "2.0", "method": "subscription", "params": {"channel": "book.BTC-13JUN25.none.20.100ms", "data": {"timestamp": 1749760640701, "change_id": 104790131992, "instrument_name": "BTC-13JUN25", "bids": [[106742.5, 160.0], [106725.0, 20000.0], [106722.5, 5260.0], [106720.0, 50000.0], [106717.5, 26390.0], [106715.0, 10000.0], [106710.0, 2000.0], [106705.0, 5400.0], [106692.5, 5420.0], [106690.0, 14400.0], [106680.0, 5260.0], [106672.5, 12320.0], [106667.5, 5250.0], [106655.0, 35000.0], [106645.0, 5400.0], [106632.5, 5260.0], [106620.0, 5270.0], [106607.5, 5400.0], [106600.0, 24720.0], [106595.0, 5420.0]], "asks": [[106745.0, 7440.0], [106750.0, 15610.0], [106762.5, 5260.0], [106770.0, 10000.0], [106775.0, 5260.0], [106780.0, 4300.0], [106785.0, 4300.0], [106787.5, 5260.0], [106790.0, 6160.0], [106792.5, 4300.0], [106795.0, 4300.0], [106807.5, 5300.0], [106835.0, 5300.0], [106852.5, 25550.0], [106865.0, 5490.0], [106892.5, 5510.0], [106900.0, 14400.0], [106940.0, 5280.0], [106950.0, 20.0], [106952.5, 5360.0]]}}}
{"jsonrpc": "2.0", "method": "subscription", "params": {"channel": "book.BTC-13JUN25.none.20.100ms", "data": {"timestamp": 1749760641032, "change_id": 104790134072, "instrument_name": "BTC-13JUN25", "bids": [[106727.5, 9680.0], [106725.0, 25380.0], [106722.5, 20020.0], [106720.0, 57920.0], [106717.5, 26390.0], [106707.5, 1620.0], [106705.0, 5400.0], [106702.5, 3000.0], [106700.0, 10000.0], [106695.0, 5950.0], [106692.5, 5420.0], [106690.0, 14400.0], [106685.0, 5270.0], [106682.5, 12320.0], [106680.0, 5260.0], [106677.5, 2000.0], [106667.5, 5250.0], [106655.0, 35000.0], [106645.0, 5400.0], [106632.5, 5260.0]], "asks": [[106735.0, 4970.0], [106750.0, 10640.0], [106755.0, 10000.0], [106762.5, 8260.0], [106775.0, 5260.0], [106777.5, 6000.0], [106780.0, 4300.0], [106785.0, 4300.0], [106787.5, 5260.0], [106790.0, 160.0], [106792.5, 4300.0], [106795.0, 4300.0], [106805.0, 1590.0], [106807.5, 5300.0], [106832.5, 1590.0], [106835.0, 5300.0], [106850.0, 7670.0], [106852.5, 25550.0], [106862.5, 1670.0], [106865.0, 5490.0]]}}}
{"jsonrpc": "2.0", "method": "subscription", "params": {"channel": "book.BTC-20JUN25.none.20.100ms", "data": {"timestamp": 1749760641015, "change_id": 104790133985, "instrument_name": "BTC-20JUN25", "bids": [[106832.5, 12300.0], [106830.0, 12300.0], [106817.5, 7340.0], [106805.0, 7340.0], [106802.5, 90.0], [106797.5, 76390.0], [106795.0, 10000.0], [106790.0, 7400.0], [106777.5, 7420.0], [106765.0, 7560.0], [106740.0, 14060.0], [106700.0, 7530.0], [106692.5, 20.0], [106687.5, 7570.0], [106680.0, 18340.0], [106675.0, 7340.0], [106645.0, 6240.0], [106625.0, 7330.0], [106612.5, 44070.0], [106607.5, 20.0]], "asks": [[106835.0, 4970.0], [106852.5, 7340.0], [106857.5, 10000.0], [106865.0, 7340.0], [106880.0, 7340.0], [106900.0, 7340.0], [106912.5, 7320.0], [106930.0, 7320.0], [106950.0, 20.0], [106952.5, 7320.0], [106955.0, 2000.0], [106980.0, 6380.0], [106990.0, 7340.0], [107032.5, 7600.0], [107035.0, 20.0], [107040.0, 1900.0], [107070.0, 7320.0], [107077.5, 18690.0], [107082.5, 7340.0], [107085.0, 12570.0]]}}}
{"jsonrpc": "2.0", "method": "subscription", "params": {"channel": "book.BTC-13JUN25.none.20.100ms", "data": {"timestamp": 1749760641351, "change_id": 104790135848, "instrument_name": "BTC-13JUN25", "bids": [[106727.5, 12390.0], [106725.0, 25380.0], [106722.5, 20340.0], [106720.0, 57920.0], [106717.5, 26390.0], [106710.0, 3730.0], [106707.5, 7030.0], [106705.0, 5400.0], [106702.5, 3000.0], [106700.0, 10000.0], [106695.0, 5950.0], [106692.5, 5420.0], [106690.0, 14400.0], [106682.5, 1580.0], [106680.0, 5860.0], [106677.5, 2000.0], [106670.0, 1580.0], [106667.5, 5250.0], [106662.5, 3700.0], [106660.0, 12320.0]], "asks": [[106732.5, 4970.0], [106750.0, 10640.0], [106755.0, 10000.0], [106762.5, 8260.0], [106767.5, 6000.0], [106775.0, 5260.0], [106780.0, 4300.0], [106785.0, 4300.0], [106787.5, 5260.0], [106790.0, 160.0], [106792.5, 4300.0], [106795.0, 4300.0], [106805.0, 1590.0], [106807.5, 5300.0], [106832.5, 1590.0], [106835.0, 5300.0], [106852.5, 25550.0], [106862.5, 20.0], [106865.0, 5490.0], [106890.0, 1650.0]]}}}
{"jsonrpc": "2.0", "method": "subscription", "params": {"channel": "book.BTC-20JUN25.none.20.100ms", "data": {"timestamp": 1749760641340, "change_id": 104790135819, "instrument_name": "BTC-20JUN25", "bids": [[106835.0, 12300.0], [106832.5, 12300.0], [106830.0, 4800.0], [106820.0, 2200.0], [106817.5, 7340.0], [106807.5, 2200.0], [106805.0, 22370.0], [106802.5, 50090.0], [106797.5, 31360.0], [106795.0, 10000.0], [106792.5, 2220.0], [106790.0, 7400.0], [106780.0, 2230.0], [106777.5, 7420.0], [106767.5, 2270.0], [106765.0, 7560.0], [106742.5, 2300.0], [106740.0, 7660.0], [106720.0, 6400.0], [106700.0, 7530.0]], "asks": [[106837.5, 4970.0], [106842.5, 2250.0], [106845.0, 7500.0], [106850.0, 2200.0], [106852.5, 7340.0], [106855.0, 3000.0], [106857.5, 10000.0], [106865.0, 7340.0], [106880.0, 7340.0], [106900.0, 7340.0], [106912.5, 7320.0], [106930.0, 7320.0], [106950.0, 20.0], [106952.5, 7320.0], [106955.0, 2000.0], [106980.0, 6380.0], [106990.0, 7340.0], [107032.5, 7600.0], [107035.0, 20.0], [107040.0, 1900.0]]}}}
{"jsonrpc": "2.0", "method": "subscription", "params": {"channel": "book.BTC-20JUN25.none.20.100ms", "data": {"timestamp": 1749760641668, "change_id": 104790137173, "instrument_name": "BTC-20JUN25", "bids": [[106835.0, 4800.0], [106820.0, 2200.0], [106817.5, 7340.0], [106807.5, 2200.0], [106805.0, 22370.0], [106802.5, 50000.0], [106800.0, 12410.0], [106797.5, 31360.0], [106795.0, 10090.0], [106792.5, 2220.0], [106790.0, 7400.0], [106780.0, 2230.0], [106777.5, 7420.0], [106767.5, 2270.0], [106765.0, 7560.0], [106742.5, 2300.0], [106740.0, 7660.0], [106720.0, 1920.0], [106717.5, 6400.0], [106702.5, 2260.0]], "asks": [[106837.5, 12470.0], [106842.5, 2250.0], [106845.0, 7500.0], [106850.0, 2200.0], [106852.5, 7340.0], [106855.0, 3000.0], [106857.5, 10000.0], [106862.5, 2200.0], [106865.0, 7340.0], [106877.5, 2200.0], [106880.0, 7340.0], [106897.5, 2200.0], [106900.0, 7340.0], [106910.0, 2200.0], [106912.5, 7320.0], [106927.5, 2200.0], [106930.0, 7320.0], [106945.0, 1920.0], [106947.5, 6380.0], [106950.0, 2820.0]]}}}
{"jsonrpc": "2.0", "method": "subscription", "params": {"channel": "book.BTC-13JUN25.none.20.100ms", "data": {"timestamp": 1749760641673, "change_id": 104790137185, "instrument_name": "BTC-13JUN25", "bids": [[106727.5, 9680.0], [106725.0, 28780.0], [106722.5, 20340.0], [106720.0, 57920.0], [106717.5, 26390.0], [106710.0, 3730.0], [106707.5, 4970.0], [106705.0, 7460.0], [106702.5, 3000.0], [106700.0, 10000.0], [106692.5, 5420.0], [106690.0, 14400.0], [106682.5, 1580.0], [106680.0, 5860.0], [106677.5, 2000.0], [106670.0, 1580.0], [106667.5, 5250.0], [106657.5, 22820.0], [106655.0, 35000.0], [106645.0, 5400.0]], "asks": [[106732.5, 4970.0], [106750.0, 10640.0], [106755.0, 10000.0], [106762.5, 8260.0], [106767.5, 6000.0], [106775.0, 5260.0], [106785.0, 4300.0], [106787.5, 5260.0], [106790.0, 160.0], [106805.0, 1590.0], [106807.5, 5300.0], [106832.5, 1590.0], [106835.0, 5300.0], [106852.5, 25550.0], [106862.5, 20.0], [106865.0, 5490.0], [106890.0, 1650.0], [106892.5, 5510.0], [106900.0, 14400.0], [106940.0, 5280.0]]}}}
{"jsonrpc": "2.0", "method": "subscription", "params": {"channel": "book.BTC-13JUN25.none.20.100ms", "data": {"timestamp": 1749760641850, "change_id": 104790137542, "instrument_name": "BTC-13JUN25", "bids": [[106727.5, 4300.0], [106725.0, 28780.0], [106722.5, 20340.0], [106720.0, 57920.0], [106717.5, 26390.0], [106715.0, 4970.0], [106710.0, 2240.0], [106705.0, 7460.0], [106702.5, 3000.0], [106700.0, 10000.0], [106695.0, 5950.0], [106692.5, 5420.0], [106690.0, 14400.0], [106682.5, 1580.0], [106680.0, 5860.0], [106677.5, 2000.0], [106670.0, 1580.0], [106667.5, 5250.0], [106657.5, 22820.0], [106655.0, 35000.0]], "asks": [[106730.0, 2060.0], [106737.5, 1490.0], [106740.0, 4970.0], [106747.5, 3190.0], [106750.0, 10640.0], [106752.5, 3000.0], [106755.0, 10000.0], [106760.0, 2480.0], [106762.5, 8260.0], [106765.0, 1800.0], [106767.5, 6000.0], [106772.5, 1580.0], [106775.0, 5260.0], [106785.0, 4300.0], [106787.5, 5260.0], [106790.0, 160.0], [106805.0, 1590.0], [106807.5, 5300.0], [106832.5, 1590.0], [106835.0, 5300.0]]}}}
{"jsonrpc": "2.0", "method": "subscription", "params": {"channel": "book.BTC-20JUN25.none.20.100ms", "data": {"timestamp": 1749760641851, "change_id": 104790137543, "instrument_name": "BTC-20JUN25", "bids": [[106835.0, 4800.0], [106820.0, 2200.0], [106817.5, 7340.0], [106807.5, 3420.0], [106805.0, 27340.0], [106802.5, 50000.0], [106800.0, 12410.0], [106797.5, 26390.0], [106795.0, 10090.0], [106792.5, 2220.0], [106790.0, 7400.0], [106780.0, 2230.0], [106777.5, 7420.0], [106767.5, 2270.0], [106765.0, 7560.0], [106742.5, 2300.0], [106740.0, 7660.0], [106720.0, 1920.0], [106717.5, 6400.0], [106702.5, 2260.0]], "asks": [[106837.5, 12470.0], [106842.5, 2250.0], [106845.0, 7500.0], [106850.0, 2200.0], [106852.5, 7340.0], [106855.0, 3000.0], [106857.5, 10000.0], [106862.5, 2200.0], [106865.0, 7340.0], [106877.5, 2200.0], [106880.0, 7340.0], [106897.5, 2200.0], [106900.0, 7340.0], [106910.0, 2200.0], [106912.5, 7320.0], [106927.5, 2200.0], [106930.0, 7320.0], [106945.0, 1920.0], [106947.5, 6380.0], [106950.0, 2820.0]]}}}
{"jsonrpc": "2.0", "method": "subscription", "params": {"channel": "book.BTC-20JUN25.none.20.100ms", "data": {"timestamp": 1749760642347, "change_id": 104790140775, "instrument_name": "BTC-20JUN25", "bids": [[106810.0, 12300.0], [106805.0, 9810.0], [106790.0, 7400.0], [106777.5, 7420.0], [106775.0, 90.0], [106767.5, 50000.0], [106765.0, 7560.0], [106762.5, 10000.0], [106740.0, 7660.0], [106702.5, 6400.0], [106700.0, 7530.0], [106692.5, 20.0], [106687.5, 7340.0], [106675.0, 7340.0], [106662.5, 7340.0], [106625.0, 25670.0], [106612.5, 7590.0], [106607.5, 20.0], [106575.0, 7340.0], [106535.0, 36480.0]], "asks": [[106832.5, 7500.0], [106835.0, 7340.0], [106837.5, 7500.0], [106840.0, 10000.0], [106852.5, 7340.0], [106865.0, 7340.0], [106880.0, 7340.0], [106900.0, 7340.0], [106912.5, 7320.0], [106920.0, 2000.0], [106930.0, 7320.0], [106947.5, 6380.0], [106950.0, 20.0], [106952.5, 7320.0], [106990.0, 7340.0], [107032.5, 7600.0], [107035.0, 20.0], [107040.0, 1900.0], [107070.0, 7320.0], [107077.5, 18690.0]]}}}
{"jsonrpc": "2.0", "method": "subscription", "params": {"channel": "book.BTC-13JUN25.none.20.100ms", "data": {"timestamp": 1749760642352, "change_id": 104790140824, "instrument_name": "BTC-13JUN25", "bids": [[106710.0, 5380.0], [106707.5, 20000.0], [106705.0, 5400.0], [106695.0, 5130.0], [106692.5, 5420.0], [106682.5, 4130.0], [106680.0, 7320.0], [106677.5, 2000.0], [106670.0, 50000.0], [106667.5, 5250.0], [106662.5, 10000.0], [106645.0, 5400.0], [106632.5, 5260.0], [106625.0, 12320.0], [106620.0, 5270.0], [106607.5, 5400.0], [106595.0, 5420.0], [106585.0, 14400.0], [106582.5, 5420.0], [106570.0, 5300.0]], "asks": [[106720.0, 4970.0], [106722.5, 5380.0], [106725.0, 7440.0], [106730.0, 5260.0], [106740.0, 10000.0], [106745.0, 160.0], [106750.0, 5260.0], [106757.5, 10330.0], [106762.5, 8260.0], [106775.0, 5260.0], [106785.0, 4300.0], [106787.5, 5260.0], [106807.5, 5300.0], [106835.0, 5300.0], [106852.5, 25550.0], [106862.5, 20.0], [106865.0, 5490.0], [106875.0, 14400.0], [106892.5, 5510.0], [106940.0, 5280.0]]}}}
{"jsonrpc": "2.0", "method": "subscription", "params": {"channel": "book.BTC-20JUN25.none.20.100ms", "data": {"timestamp": 1749760642693, "change_id": 104790142605, "instrument_name": "BTC-20JUN25", "bids": [[106825.0, 7500.0], [106820.0, 4450.0], [106817.5, 14840.0], [106812.5, 3690.0], [106810.0, 4800.0], [106807.5, 4800.0], [106805.0, 7340.0], [106792.5, 2220.0], [106790.0, 7400.0], [106787.5, 90.0], [106780.0, 20230.0], [106777.5, 57420.0], [106775.0, 10000.0], [106767.5, 2270.0], [106765.0, 7560.0], [106752.5, 7900.0], [106750.0, 26340.0], [106740.0, 7660.0], [106700.0, 7530.0], [106692.5, 20.0]], "asks": [[106837.5, 3000.0], [106840.0, 10000.0], [106852.5, 7340.0], [106865.0, 7340.0], [106880.0, 7340.0], [106900.0, 7340.0], [106912.5, 7320.0], [106920.0, 2000.0], [106930.0, 7320.0], [106947.5, 6380.0], [106950.0, 20.0], [106952.5, 7320.0], [106990.0, 7340.0], [107032.5, 7600.0], [107035.0, 20.0], [107040.0, 1900.0], [107070.0, 7320.0], [107077.5, 18690.0], [107082.5, 7340.0], [107085.0, 12570.0]]}}}
{"jsonrpc": "2.0", "method": "subscription", "params": {"channel": "book.BTC-13JUN25.none.20.100ms", "data": {"timestamp": 1749760642692, "change_id": 104790142597, "instrument_name": "BTC-13JUN25", "bids": [[106717.5, 10640.0], [106712.5, 2900.0], [106710.0, 9680.0], [106707.5, 7780.0], [106705.0, 25400.0], [106702.5, 4970.0], [106695.0, 1630.0], [106692.5, 5420.0], [106682.5, 54130.0], [106680.0, 7320.0], [106677.5, 2000.0], [106675.0, 10000.0], [106670.0, 26340.0], [106667.5, 5250.0], [106645.0, 5400.0], [106632.5, 5260.0], [106625.0, 12320.0], [106620.0, 5270.0], [106607.5, 5400.0], [106597.5, 1630.0]], "asks": [[106737.5, 5260.0], [106740.0, 10000.0], [106745.0, 6160.0], [106750.0, 5260.0], [106762.5, 8260.0], [106775.0, 5260.0], [106785.0, 4300.0], [106787.5, 5260.0], [106807.5, 5300.0], [106835.0, 5300.0], [106852.5, 25550.0], [106862.5, 20.0], [106865.0, 5490.0], [106875.0, 14400.0], [106892.5, 5510.0], [106940.0, 5280.0], [106950.0, 20.0], [106952.5, 5360.0], [107005.0, 116390.0], [107012.5, 5340.0]]}}}
{"jsonrpc": "2.0", "method": "subscription", "params": {"channel": "book.BTC-13JUN25.none.20.100ms", "data": {"timestamp": 1749760642999, "change_id": 104790144302, "instrument_name": "BTC-13JUN25", "bids": [[106732.5, 3190.0], [106730.0, 10640.0], [106725.0, 9680.0], [106720.0, 4300.0], [106717.5, 10230.0], [106710.0, 4300.0], [106707.5, 70160.0], [106705.0, 5400.0], [106702.5, 2060.0], [106692.5, 9550.0], [106687.5, 10000.0], [106680.0, 5260.0], [106677.5, 2000.0], [106670.0, 26340.0], [106667.5, 5250.0], [106645.0, 5400.0], [106637.5, 12320.0], [106632.5, 5260.0], [106620.0, 5270.0], [106607.5, 5400.0]], "asks": [[106740.0, 2060.0], [106742.5, 10350.0], [106750.0, 5260.0], [106755.0, 16000.0], [106762.5, 8260.0], [106765.0, 160.0], [106775.0, 5260.0], [106785.0, 4300.0], [106787.5, 5260.0], [106807.5, 5300.0], [106835.0, 5300.0], [106852.5, 25550.0], [106862.5, 20.0], [106865.0, 5490.0], [106875.0, 14400.0], [106892.5, 5510.0], [106940.0, 5280.0], [106950.0, 20.0], [106952.5, 5360.0], [107005.0, 116390.0]]}}}
{"jsonrpc": "2.0", "method": "subscription", "params": {"channel": "book.BTC-20JUN25.none.20.100ms", "data": {"timestamp": 1749760642999, "change_id": 104790144297, "instrument_name": "BTC-20JUN25", "bids": [[106825.0, 7500.0], [106820.0, 4450.0], [106817.5, 14840.0], [106812.5, 1440.0], [106810.0, 8440.0], [106807.5, 9770.0], [106805.0, 7340.0], [106790.0, 57400.0], [106787.5, 10090.0], [106777.5, 7420.0], [106765.0, 7560.0], [106750.0, 26340.0], [106740.0, 7660.0], [106700.0, 7530.0], [106692.5, 20.0], [106690.0, 6400.0], [106687.5, 7340.0], [106675.0, 7340.0], [106662.5, 7340.0], [106625.0, 25670.0]], "asks": [[106837.5, 12470.0], [106852.5, 14840.0], [106855.0, 10000.0], [106865.0, 7340.0], [106880.0, 7340.0], [106900.0, 7340.0], [106912.5, 7320.0], [106930.0, 7320.0], [106947.5, 6380.0], [106950.0, 20.0], [106952.5, 7320.0], [106990.0, 7340.0], [107032.5, 7600.0], [107035.0, 20.0], [107040.0, 1900.0], [107070.0, 7320.0], [107077.5, 18690.0], [107082.5, 7340.0], [107085.0, 12570.0], [107112.5, 7450.0]]}}}
{"jsonrpc": "2.0", "method": "subscription", "params": {"channel": "book.BTC-20JUN25.none.20.100ms", "data": {"timestamp": 1749760643304, "change_id": 104790145455, "instrument_name": "BTC-20JUN25", "bids": [[106840.0, 7500.0], [106835.0, 5440.0], [106832.5, 10800.0], [106830.0, 7340.0], [106827.5, 4800.0], [106820.0, 4450.0], [106817.5, 7340.0], [106815.0, 4970.0], [106812.5, 1440.0], [106810.0, 8440.0], [106807.5, 4800.0], [106805.0, 57340.0], [106790.0, 7400.0], [106787.5, 10090.0], [106777.5, 7420.0], [106765.0, 7560.0], [106750.0, 26340.0], [106740.0, 7660.0], [106700.0, 7530.0], [106692.5, 20.0]], "asks": [[106842.5, 4970.0], [106852.5, 7500.0], [106855.0, 10000.0], [106865.0, 7340.0], [106880.0, 7340.0], [106900.0, 7340.0], [106912.5, 7320.0], [106930.0, 7320.0], [106947.5, 6380.0], [106950.0, 20.0], [106952.5, 7320.0], [106990.0, 7340.0], [107032.5, 7600.0], [107035.0, 20.0], [107040.0, 1900.0], [107070.0, 7320.0], [107077.5, 18690.0], [107082.5, 7340.0], [107085.0, 12570.0], [107112.5, 7450.0]]}}}
{"jsonrpc": "2.0", "method": "subscription", "params": {"channel": "book.BTC-13JUN25.none.20.100ms", "data": {"timestamp": 1749760643305, "change_id": 104790145459, "instrument_name": "BTC-13JUN25", "bids": [[106742.5, 9560.0], [106740.0, 2470.0], [106737.5, 5380.0], [106735.0, 8570.0], [106732.5, 8570.0], [106730.0, 5260.0], [106727.5, 2780.0], [106725.0, 9270.0], [106722.5, 1290.0], [106720.0, 5880.0], [106717.5, 5260.0], [106707.5, 70160.0], [106705.0, 5400.0], [106702.5, 2060.0], [106692.5, 9550.0], [106687.5, 10000.0], [106680.0, 5260.0], [106677.5, 2000.0], [106670.0, 26340.0], [106667.5, 5250.0]], "asks": [[106750.0, 4970.0], [106755.0, 16000.0], [106762.5, 8260.0], [106765.0, 160.0], [106775.0, 5260.0], [106785.0, 4300.0], [106807.5, 5300.0], [106835.0, 5300.0], [106852.5, 25550.0], [106862.5, 20.0], [106865.0, 5490.0], [106892.5, 5510.0], [106940.0, 5280.0], [106950.0, 20.0], [106952.5, 5360.0], [107005.0, 116390.0], [107012.5, 5340.0], [107020.0, 10.0], [107025.0, 5500.0], [107035.0, 20.0]]}}}
{"jsonrpc": "2.0", "method": "subscription", "params": {"channel": "book.BTC-13JUN25.none.20.100ms", "data": {"timestamp": 1749760643673, "change_id": 104790147146, "instrument_name": "BTC-13JUN25", "bids": [[106745.0, 8570.0], [106742.5, 10640.0], [106730.0, 10230.0], [106720.0, 24460.0], [106717.5, 7320.0], [106707.5, 50000.0], [106705.0, 5400.0], [106700.0, 10000.0], [106692.5, 5420.0], [106680.0, 5260.0], [106677.5, 2000.0], [106670.0, 26340.0], [106667.5, 5250.0], [106645.0, 5400.0], [106637.5, 12320.0], [106620.0, 5270.0], [106607.5, 5400.0], [106595.0, 5420.0], [106585.0, 14400.0], [106582.5, 5420.0]], "asks": [[106750.0, 4970.0], [106755.0, 16000.0], [106762.5, 8260.0], [106765.0, 160.0], [106775.0, 5260.0], [106807.5, 5300.0], [106835.0, 5300.0], [106852.5, 25550.0], [106862.5, 20.0], [106865.0, 5490.0], [106892.5, 5510.0], [106940.0, 5280.0], [106950.0, 20.0], [106952.5, 5360.0], [107005.0, 116390.0], [107012.5, 5340.0], [107020.0, 10.0], [107025.0, 5500.0], [107035.0, 20.0], [107042.5, 5540.0]]}}}
{"jsonrpc": "2.0", "method": "subscription", "params": {"channel": "book.BTC-20JUN25.none.20.100ms", "data": {"timestamp": 1749760643674, "change_id": 104790147150, "instrument_name": "BTC-20JUN25", "bids": [[106840.0, 7500.0], [106835.0, 5440.0], [106832.5, 10800.0], [106830.0, 7340.0], [106822.5, 1490.0], [106820.0, 7170.0], [106817.5, 7340.0], [106815.0, 16440.0], [106812.5, 50000.0], [106810.0, 4800.0], [106807.5, 4800.0], [106805.0, 7340.0], [106802.5, 3030.0], [106800.0, 10090.0], [106792.5, 2220.0], [106790.0, 7400.0], [106777.5, 7420.0], [106765.0, 7560.0], [106750.0, 26340.0], [106740.0, 7660.0]], "asks": [[106842.5, 4970.0], [106852.5, 7500.0], [106862.5, 2200.0], [106865.0, 7340.0], [106870.0, 10000.0], [106880.0, 7340.0], [106900.0, 7340.0], [106912.5, 7320.0], [106930.0, 7320.0], [106947.5, 6380.0], [106950.0, 20.0], [106952.5, 7320.0], [106990.0, 7340.0], [107032.5, 7600.0], [107035.0, 20.0], [107040.0, 1900.0], [107070.0, 7320.0], [107077.5, 18690.0], [107082.5, 7340.0], [107085.0, 12570.0]]}}}
{"jsonrpc": "2.0", "method": "subscription", "params": {"channel": "book.BTC-20JUN25.none.20.100ms", "data": {"timestamp": 1749760643978, "change_id": 104790147873, "instrument_name": "BTC-20JUN25", "bids": [[106840.0, 7500.0], [106832.5, 10800.0], [106830.0, 7340.0], [106820.0, 2200.0], [106817.5, 7340.0], [106815.0, 16440.0], [106812.5, 50000.0], [106810.0, 8440.0], [106807.5, 4800.0], [106805.0, 7340.0], [106802.5, 3030.0], [106800.0, 10090.0], [106790.0, 7400.0], [106780.0, 2230.0], [106777.5, 7420.0], [106765.0, 7560.0], [106750.0, 26340.0], [106740.0, 7660.0], [106710.0, 6400.0], [106700.0, 7530.0]], "asks": [[106842.5, 4970.0], [106850.0, 2250.0], [106852.5, 7500.0], [106862.5, 2200.0], [106865.0, 7340.0], [106870.0, 10000.0], [106900.0, 7340.0], [106912.5, 7320.0], [106930.0, 7320.0], [106947.5, 6380.0], [106950.0, 20.0], [106952.5, 7320.0], [106990.0, 7340.0], [107032.5, 7600.0], [107035.0, 20.0], [107040.0, 1900.0], [107070.0, 7320.0], [107077.5, 18690.0], [107082.5, 7340.0], [107085.0, 12570.0]]}}}
{"jsonrpc": "2.0", "method": "subscription", "params": {"channel": "book.BTC-13JUN25.none.20.100ms", "data": {"timestamp": 1749760644018, "change_id": 104790148061, "instrument_name": "BTC-13JUN25", "bids": [[106732.5, 9680.0], [106730.0, 5260.0], [106722.5, 7340.0], [106720.0, 26660.0], [106717.5, 7320.0], [106710.0, 16620.0], [106707.5, 50000.0], [106705.0, 5400.0], [106700.0, 10000.0], [106692.5, 5420.0], [106680.0, 5260.0], [106677.5, 2000.0], [106670.0, 26340.0], [106667.5, 5250.0], [106645.0, 5400.0], [106637.5, 12320.0], [106620.0, 5270.0], [106607.5, 5400.0], [106595.0, 5420.0], [106585.0, 14400.0]], "asks": [[106747.5, 1490.0], [106750.0, 4970.0], [106752.5, 4800.0], [106755.0, 16000.0], [106762.5, 8260.0], [106765.0, 160.0], [106775.0, 5260.0], [106807.5, 5300.0], [106835.0, 5300.0], [106852.5, 25550.0], [106862.5, 20.0], [106865.0, 5490.0], [106887.5, 14400.0], [106892.5, 5510.0], [106940.0, 5280.0], [106950.0, 20.0], [106952.5, 5360.0], [107005.0, 116390.0], [107012.5, 5340.0], [107020.0, 10.0]]}}}
{"jsonrpc": "2.0", "method": "subscription", "params": {"channel": "book.BTC-20JUN25.none.20.100ms", "data": {"timestamp": 1749760644338, "change_id": 104790149174, "instrument_name": "BTC-20JUN25", "bids": [[106840.0, 7500.0], [106832.5, 10800.0], [106830.0, 7340.0], [106820.0, 2200.0], [106817.5, 7340.0], [106815.0, 16440.0], [106812.5, 50000.0], [106810.0, 13410.0], [106807.5, 4800.0], [106805.0, 7340.0], [106802.5, 3030.0], [106800.0, 10090.0], [106792.5, 2220.0], [106790.0, 7400.0], [106780.0, 2230.0], [106777.5, 7420.0], [106767.5, 2270.0], [106765.0, 7560.0], [106752.5, 7900.0], [106750.0, 26340.0]], "asks": [[106842.5, 4970.0], [106850.0, 2250.0], [106852.5, 7500.0], [106862.5, 2200.0], [106865.0, 7340.0], [106867.5, 3000.0], [106870.0, 10000.0], [106897.5, 2200.0], [106900.0, 7340.0], [106910.0, 2200.0], [106912.5, 7320.0], [106930.0, 7320.0], [106947.5, 6380.0], [106950.0, 20.0], [106952.5, 7320.0], [106990.0, 7340.0], [107032.5, 7600.0], [107035.0, 20.0], [107040.0, 1900.0], [107070.0, 7320.0]]}}}
{"jsonrpc": "2.0", "method": "subscription", "params": {"channel": "book.BTC-13JUN25.none.20.100ms", "data": {"timestamp": 1749760644177, "change_id": 104790148782, "instrument_name": "BTC-13JUN25", "bids": [[106737.5, 10970.0], [106735.0, 3190.0], [106732.5, 5380.0], [106730.0, 5260.0], [106722.5, 7340.0], [106720.0, 31630.0], [106717.5, 7320.0], [106710.0, 16620.0], [106707.5, 50000.0], [106705.0, 5400.0], [106700.0, 10000.0], [106692.5, 5420.0], [106680.0, 5260.0], [106677.5, 2000.0], [106670.0, 26340.0], [106667.5, 5250.0], [106645.0, 5400.0], [106637.5, 12320.0], [106620.0, 5270.0], [106607.5, 5400.0]], "asks": [[106742.5, 2030.0], [106745.0, 2060.0], [106750.0, 4970.0], [106752.5, 4800.0], [106755.0, 16000.0], [106760.0, 2530.0], [106762.5, 8260.0], [106765.0, 160.0], [106772.5, 1580.0], [106775.0, 5260.0], [106807.5, 5300.0], [106835.0, 5300.0], [106852.5, 25550.0], [106862.5, 20.0], [106865.0, 5490.0], [106887.5, 14400.0], [106892.5, 5510.0], [106940.0, 5280.0], [106950.0, 20.0], [106952.5, 5360.0]]}}}
{"jsonrpc": "2.0", "method": "subscription", "params": {"channel": "book.BTC-13JUN25.none.20.100ms", "data": {"timestamp": 1749760644670, "change_id": 104790150157, "instrument_name": "BTC-13JUN25", "bids": [[106737.5, 10970.0], [106735.0, 3190.0], [106732.5, 5380.0], [106730.0, 5260.0], [106725.0, 8830.0], [106722.5, 20000.0], [106720.0, 11630.0], [106717.5, 7320.0], [106710.0, 16620.0], [106707.5, 50000.0], [106705.0, 5400.0], [106702.5, 3000.0], [106700.0, 10000.0], [106692.5, 5420.0], [106680.0, 5260.0], [106677.5, 2000.0], [106672.5, 7900.0], [106670.0, 26340.0], [106667.5, 5250.0], [106645.0, 5400.0]], "asks": [[106742.5, 2030.0], [106745.0, 2060.0], [106750.0, 4970.0], [106752.5, 4800.0], [106755.0, 16000.0], [106760.0, 2530.0], [106762.5, 8260.0], [106765.0, 160.0], [106772.5, 1580.0], [106775.0, 5260.0], [106805.0, 1590.0], [106807.5, 5300.0], [106835.0, 5300.0], [106850.0, 7670.0], [106852.5, 25550.0], [106862.5, 20.0], [106865.0, 5490.0], [106885.0, 4320.0], [106887.5, 14400.0], [106892.5, 5510.0]]}}}
{"jsonrpc": "2.0", "method": "subscription", "params": {"channel": "book.BTC-20JUN25.none.20.100ms", "data": {"timestamp": 1749760644577, "change_id": 104790149972, "instrument_name": "BTC-20JUN25", "bids": [[106840.0, 12300.0], [106835.0, 5440.0], [106832.5, 10800.0], [106830.0, 7340.0], [106820.0, 2200.0], [106817.5, 7340.0], [106815.0, 16440.0], [106812.5, 50000.0], [106810.0, 8610.0], [106807.5, 4800.0], [106805.0, 7340.0], [106802.5, 3030.0], [106800.0, 10090.0], [106792.5, 2220.0], [106790.0, 7400.0], [106780.0, 2230.0], [106777.5, 7420.0], [106767.5, 2270.0], [106765.0, 7560.0], [106752.5, 7900.0]], "asks": [[106842.5, 4970.0], [106850.0, 2250.0], [106852.5, 7500.0], [106862.5, 2200.0], [106865.0, 7340.0], [106867.5, 3000.0], [106870.0, 10000.0], [106897.5, 2200.0], [106900.0, 7340.0], [106910.0, 2200.0], [106912.5, 7320.0], [106927.5, 2200.0], [106930.0, 7320.0], [106945.0, 1920.0], [106947.5, 6380.0], [106950.0, 2220.0], [106952.5, 7320.0], [106955.0, 2000.0], [106987.5, 2200.0], [106990.0, 7340.0]]}}}
{"jsonrpc": "2.0", "method": "subscription", "params": {"channel": "book.BTC-13JUN25.none.20.100ms", "data": {"timestamp": 1749760644698, "change_id": 104790150182, "instrument_name": "BTC-13JUN25", "bids": [[106737.5, 10970.0], [106735.0, 3190.0], [106732.5, 5380.0], [106730.0, 5260.0], [106725.0, 22730.0], [106722.5, 70000.0], [106720.0, 11630.0], [106717.5, 7320.0], [106705.0, 5400.0], [106702.5, 3000.0], [106700.0, 10000.0], [106692.5, 5420.0], [106680.0, 5260.0], [106677.5, 2000.0], [106672.5, 7900.0], [106670.0, 26340.0], [106667.5, 5250.0], [106645.0, 5400.0], [106640.0, 3700.0], [106637.5, 12320.0]], "asks": [[106742.5, 2030.0], [106745.0, 2060.0], [106750.0, 4970.0], [106752.5, 4800.0], [106755.0, 16000.0], [106760.0, 2530.0], [106762.5, 8260.0], [106765.0, 160.0], [106772.5, 1580.0], [106775.0, 5260.0], [106805.0, 1590.0], [106807.5, 5300.0], [106835.0, 5300.0], [106850.0, 7670.0], [106852.5, 25550.0], [106862.5, 20.0], [106865.0, 5490.0], [106885.0, 4320.0], [106887.5, 14400.0], [106892.5, 5510.0]]}}}
{"jsonrpc": "2.0", "method": "subscription", "params": {"channel": "book.BTC-20JUN25.none.20.100ms", "data": {"timestamp": 1749760645028, "change_id": 104790150653, "instrument_name": "BTC-20JUN25", "bids": [[106840.0, 4800.0], [106835.0, 5440.0], [106832.5, 10800.0], [106830.0, 7340.0], [106820.0, 2200.0], [106817.5, 7340.0], [106815.0, 16440.0], [106812.5, 50000.0], [106810.0, 8610.0], [106807.5, 4800.0], [106805.0, 7340.0], [106802.5, 3030.0], [106800.0, 10090.0], [106792.5, 2220.0], [106790.0, 7400.0], [106780.0, 2230.0], [106777.5, 7420.0], [106767.5, 2270.0], [106765.0, 7560.0], [106752.5, 7900.0]], "asks": [[106842.5, 12470.0], [106850.0, 2250.0], [106852.5, 7500.0], [106862.5, 2200.0], [106865.0, 7340.0], [106867.5, 3000.0], [106870.0, 10000.0], [106897.5, 2200.0], [106900.0, 7340.0], [106910.0, 2200.0], [106912.5, 7320.0], [106927.5, 2200.0], [106930.0, 7320.0], [106945.0, 1920.0], [106947.5, 6380.0], [106950.0, 2220.0], [106952.5, 7320.0], [106955.0, 2000.0], [106987.5, 2200.0], [106990.0, 7340.0]]}}}
{"jsonrpc": "2.0", "method": "subscription", "params": {"channel": "book.BTC-13JUN25.none.20.100ms", "data": {"timestamp": 1749760645131, "change_id": 104790151079, "instrument_name": "BTC-13JUN25", "bids": [[106732.5, 6960.0], [106730.0, 5260.0], [106725.0, 22730.0], [106722.5, 70000.0], [106720.0, 11630.0], [106717.5, 7320.0], [106707.5, 1620.0], [106705.0, 5400.0], [106702.5, 3000.0], [106700.0, 10000.0], [106692.5, 5420.0], [106680.0, 5260.0], [106677.5, 2000.0], [106672.5, 7900.0], [106670.0, 26340.0], [106667.5, 5250.0], [106645.0, 5400.0], [106640.0, 3700.0], [106637.5, 12320.0], [106620.0, 5270.0]], "asks": [[106737.5, 2060.0], [106740.0, 2940.0], [106742.5, 10480.0], [106752.5, 4800.0], [106755.0, 16000.0], [106760.0, 2530.0], [106762.5, 8260.0], [106765.0, 160.0], [106772.5, 1580.0], [106775.0, 5260.0], [106805.0, 1590.0], [106807.5, 5300.0], [106835.0, 5300.0], [106850.0, 7670.0], [106852.5, 25550.0], [106862.5, 20.0], [106865.0, 5490.0], [106885.0, 4320.0], [106887.5, 14400.0], [106892.5, 5510.0]]}}}
{"jsonrpc": "2.0", "method": "subscription", "params": {"channel": "book.BTC-20JUN25.none.20.100ms", "data": {"timestamp": 1749760645631, "change_id": 104790152000, "instrument_name": "BTC-20JUN25", "bids": [[106840.0, 4800.0], [106837.5, 4800.0], [106835.0, 5440.0], [106832.5, 10800.0], [106830.0, 7340.0], [106820.0, 2200.0], [106817.5, 7340.0], [106815.0, 16440.0], [106812.5, 50000.0], [106810.0, 7170.0], [106805.0, 7340.0], [106802.5, 3030.0], [106800.0, 10090.0], [106792.5, 2220.0], [106790.0, 7400.0], [106780.0, 2230.0], [106777.5, 7420.0], [106767.5, 2270.0], [106765.0, 7560.0], [106752.5, 7900.0]], "asks": [[106842.5, 12470.0], [106850.0, 2250.0], [106852.5, 7500.0], [106862.5, 2200.0], [106865.0, 7340.0], [106867.5, 3000.0], [106870.0, 10000.0], [106897.5, 2200.0], [106900.0, 7340.0], [106910.0, 2200.0], [106912.5, 7320.0], [106927.5, 2200.0], [106930.0, 7320.0], [106945.0, 1920.0], [106947.5, 6380.0], [106950.0, 2220.0], [106952.5, 7320.0], [106955.0, 2000.0], [106987.5, 2200.0], [106990.0, 7340.0]]}}}
{"jsonrpc": "2.0", "method": "subscription", "params": {"channel": "book.BTC-13JUN25.none.20.100ms", "data": {"timestamp": 1749760645566, "change_id": 104790151894, "instrument_name": "BTC-13JUN25", "bids": [[106732.5, 11260.0], [106730.0, 5260.0], [106725.0, 22730.0], [106722.5, 70000.0], [106720.0, 11630.0], [106717.5, 7320.0], [106707.5, 1620.0], [106705.0, 5400.0], [106702.5, 3000.0], [106700.0, 10000.0], [106692.5, 5420.0], [106680.0, 5260.0], [106677.5, 2000.0], [106672.5, 7900.0], [106670.0, 26340.0], [106667.5, 5250.0], [106645.0, 5400.0], [106640.0, 3700.0], [106637.5, 12320.0], [106620.0, 5270.0]], "asks": [[106737.5, 2060.0], [106740.0, 1650.0], [106742.5, 4970.0], [106747.5, 1650.0], [106750.0, 5510.0], [106752.5, 4800.0], [106755.0, 16000.0], [106760.0, 2530.0], [106762.5, 8260.0], [106765.0, 160.0], [106772.5, 1580.0], [106775.0, 5260.0], [106835.0, 5300.0], [106850.0, 7670.0], [106852.5, 25550.0], [106862.5, 20.0], [106865.0, 5490.0], [106885.0, 4320.0], [106887.5, 14400.0], [106892.5, 5510.0]]}}}
{"jsonrpc": "2.0", "method": "subscription", "params": {"channel": "book.BTC-13JUN25.none.20.100ms", "data": {"timestamp": 1749760645980, "change_id": 104790152602, "instrument_name": "BTC-13JUN25", "bids": [[106732.5, 11260.0], [106730.0, 5260.0], [106725.0, 22730.0], [106722.5, 70000.0], [106720.0, 11630.0], [106717.5, 7320.0], [106707.5, 1620.0], [106705.0, 5400.0], [106702.5, 3000.0], [106700.0, 10000.0], [106692.5, 5420.0], [106680.0, 5260.0], [106677.5, 2000.0], [106672.5, 7900.0], [106670.0, 26340.0], [106667.5, 5250.0], [106647.5, 1620.0], [106645.0, 5400.0], [106640.0, 3700.0], [106637.5, 12320.0]], "asks": [[106737.5, 2060.0], [106740.0, 1490.0], [106742.5, 4970.0], [106747.5, 1650.0], [106750.0, 5510.0], [106752.5, 4800.0], [106755.0, 16000.0], [106760.0, 2530.0], [106762.5, 8260.0], [106765.0, 160.0], [106772.5, 1580.0], [106775.0, 5260.0], [106832.5, 1590.0], [106835.0, 5300.0], [106850.0, 7670.0], [106852.5, 25550.0], [106862.5, 1670.0], [106865.0, 5490.0], [106885.0, 4320.0], [106887.5, 14400.0]]}}}
{"jsonrpc": "2.0", "method": "subscription", "params": {"channel": "book.BTC-20JUN25.none.20.100ms", "data": {"timestamp": 1749760645967, "change_id": 104790152587, "instrument_name": "BTC-20JUN25", "bids": [[106840.0, 12300.0], [106837.5, 4800.0], [106835.0, 5440.0], [106832.5, 10800.0], [106830.0, 7340.0], [106820.0, 2200.0], [106817.5, 7340.0], [106815.0, 16440.0], [106812.5, 50000.0], [106810.0, 7170.0], [106805.0, 7340.0], [106802.5, 3030.0], [106800.0, 10090.0], [106792.5, 2220.0], [106790.0, 7400.0], [106780.0, 2230.0], [106777.5, 7420.0], [106767.5, 2270.0], [106765.0, 7560.0], [106752.5, 7900.0]], "asks": [[106842.5, 4970.0], [106845.0, 7500.0], [106862.5, 2200.0], [106865.0, 7340.0], [106867.5, 3000.0], [106870.0, 10000.0], [106897.5, 2200.0], [106900.0, 7340.0], [106910.0, 2200.0], [106912.5, 7320.0], [106927.5, 2200.0], [106930.0, 7320.0], [106945.0, 1920.0], [106947.5, 6380.0], [106950.0, 2220.0], [106952.5, 7320.0], [106955.0, 2000.0], [106987.5, 2200.0], [106990.0, 7340.0], [107030.0, 2290.0]]}}}
{"jsonrpc": "2.0", "method": "subscription", "params": {"channel": "book.BTC-13JUN25.none.20.100ms", "data": {"timestamp": 1749760646330, "change_id": 104790153288, "instrument_name": "BTC-13JUN25", "bids": [[106732.5, 1580.0], [106725.0, 22730.0], [106722.5, 70000.0], [106720.0, 11010.0], [106717.5, 5260.0], [106707.5, 1620.0], [106705.0, 5400.0], [106702.5, 3000.0], [106700.0, 10000.0], [106692.5, 5420.0], [106680.0, 5260.0], [106677.5, 2000.0], [106672.5, 7900.0], [106670.0, 26340.0], [106667.5, 5250.0], [106647.5, 1620.0], [106645.0, 5400.0], [106640.0, 3700.0], [106637.5, 12320.0], [106620.0, 5270.0]], "asks": [[106737.5, 2060.0], [106740.0, 1490.0], [106742.5, 4970.0], [106747.5, 1650.0], [106750.0, 5510.0], [106752.5, 4800.0], [106755.0, 16000.0], [106760.0, 2530.0], [106762.5, 8260.0], [106765.0, 160.0], [106772.5, 1580.0], [106775.0, 5260.0], [106832.5, 1590.0], [106835.0, 5300.0], [106850.0, 7670.0], [106852.5, 25550.0], [106862.5, 1670.0], [106865.0, 5490.0], [106885.0, 4320.0], [106887.5, 14400.0]]}}}
{"jsonrpc": "2.0", "method": "subscription", "params": {"channel": "book.BTC-20JUN25.none.20.100ms", "data": {"timestamp": 1749760646331, "change_id": 104790153293, "instrument_name": "BTC-20JUN25", "bids": [[106835.0, 2150.0], [106832.5, 10800.0], [106820.0, 2200.0], [106817.5, 7340.0], [106815.0, 16440.0], [106812.5, 50000.0], [106810.0, 7170.0], [106805.0, 7340.0], [106802.5, 3030.0], [106800.0, 10090.0], [106792.5, 2220.0], [106790.0, 7400.0], [106780.0, 2230.0], [106777.5, 7420.0], [106767.5, 2270.0], [106765.0, 7560.0], [106752.5, 7900.0], [106750.0, 26340.0], [106742.5, 2300.0], [106740.0, 7660.0]], "asks": [[106837.5, 7500.0], [106840.0, 3740.0], [106842.5, 12470.0], [106855.0, 3000.0], [106857.5, 10000.0], [106862.5, 2200.0], [106865.0, 7340.0], [106897.5, 2200.0], [106900.0, 7340.0], [106910.0, 2200.0], [106912.5, 7320.0], [106927.5, 2200.0], [106930.0, 7320.0], [106945.0, 1920.0], [106947.5, 6380.0], [106950.0, 2220.0], [106952.5, 7320.0], [106955.0, 2000.0], [106987.5, 2200.0], [106990.0, 7340.0]]}}}
{"jsonrpc": "2.0", "method": "subscription", "params": {"channel": "book.BTC-13JUN25.none.20.100ms", "data": {"timestamp": 1749760646561, "change_id": 104790154763, "instrument_name": "BTC-13JUN25", "bids": [[106722.5, 24300.0], [106720.0, 4300.0], [106717.5, 5260.0], [106705.0, 7620.0], [106702.5, 4970.0], [106695.0, 50000.0], [106692.5, 5420.0], [106685.0, 10000.0], [106680.0, 5260.0], [106677.5, 2000.0], [106670.0, 26340.0], [106667.5, 5250.0], [106645.0, 5400.0], [106640.0, 12320.0], [106620.0, 5270.0], [106612.5, 35000.0], [106607.5, 5400.0], [106595.0, 5420.0], [106585.0, 14400.0], [106582.5, 5420.0]], "asks": [[106730.0, 2060.0], [106732.5, 4970.0], [106735.0, 5380.0], [106737.5, 5510.0], [106750.0, 5510.0], [106755.0, 16000.0], [106762.5, 8260.0], [106765.0, 160.0], [106775.0, 5260.0], [106835.0, 5300.0], [106852.5, 25550.0], [106862.5, 20.0], [106865.0, 5490.0], [106887.5, 14400.0], [106892.5, 5510.0], [106940.0, 5280.0], [106950.0, 20.0], [106952.5, 5360.0], [107005.0, 116390.0], [107012.5, 5340.0]]}}}
{"jsonrpc": "2.0", "method": "subscription", "params": {"channel": "book.BTC-20JUN25.none.20.100ms", "data": {"timestamp": 1749760646563, "change_id": 104790154766, "instrument_name": "BTC-20JUN25", "bids": [[106827.5, 12300.0], [106822.5, 1440.0], [106820.0, 7000.0], [106817.5, 7340.0], [106807.5, 2200.0], [106805.0, 7340.0], [106792.5, 4970.0], [106790.0, 7400.0], [106787.5, 50000.0], [106785.0, 10000.0], [106782.5, 80.0], [106777.5, 7420.0], [106765.0, 7560.0], [106752.5, 15500.0], [106750.0, 26340.0], [106740.0, 7660.0], [106712.5, 1920.0], [106710.0, 6400.0], [106700.0, 7530.0], [106692.5, 20.0]], "asks": [[106830.0, 4970.0], [106847.5, 2280.0], [106850.0, 7600.0], [106855.0, 3000.0], [106857.5, 10000.0], [106862.5, 2200.0], [106865.0, 7340.0], [106897.5, 2200.0], [106900.0, 7340.0], [106910.0, 2200.0], [106912.5, 7320.0], [106930.0, 7320.0], [106947.5, 6380.0], [106950.0, 20.0], [106952.5, 7320.0], [106955.0, 2000.0], [106987.5, 2200.0], [106990.0, 7340.0], [107030.0, 2290.0], [107032.5, 7600.0]]}}}
{"jsonrpc": "2.0", "method": "subscription", "params": {"channel": "book.BTC-20JUN25.none.20.100ms", "data": {"timestamp": 1749760646702, "change_id": 104790154977, "instrument_name": "BTC-20JUN25", "bids": [[106827.5, 4800.0], [106822.5, 1440.0], [106820.0, 7000.0], [106817.5, 7340.0], [106807.5, 2200.0], [106805.0, 7340.0], [106792.5, 4970.0], [106790.0, 25400.0], [106787.5, 50000.0], [106785.0, 10000.0], [106782.5, 80.0], [106777.5, 7420.0], [106765.0, 7560.0], [106752.5, 15500.0], [106750.0, 26340.0], [106740.0, 7660.0], [106712.5, 1920.0], [106710.0, 6400.0], [106700.0, 7530.0], [106692.5, 20.0]], "asks": [[106830.0, 12470.0], [106847.5, 2280.0], [106850.0, 7600.0], [106855.0, 3000.0], [106857.5, 10000.0], [106862.5, 2200.0], [106865.0, 7340.0], [106897.5, 2200.0], [106900.0, 7340.0], [106910.0, 2200.0], [106912.5, 7320.0], [106930.0, 7320.0], [106947.5, 6380.0], [106950.0, 20.0], [106952.5, 7320.0], [106955.0, 2000.0], [106987.5, 2200.0], [106990.0, 7340.0], [107030.0, 2290.0], [107032.5, 7600.0]]}}}
{"jsonrpc": "2.0", "method": "subscription", "params": {"channel": "book.BTC-13JUN25.none.20.100ms", "data": {"timestamp": 1749760646810, "change_id": 104790155063, "instrument_name": "BTC-13JUN25", "bids": [[106720.0, 20000.0], [106717.5, 5260.0], [106705.0, 7620.0], [106702.5, 4970.0], [106692.5, 5420.0], [106687.5, 50000.0], [106685.0, 10000.0], [106680.0, 5260.0], [106677.5, 2000.0], [106670.0, 26340.0], [106667.5, 5250.0], [106645.0, 5400.0], [106640.0, 12320.0], [106620.0, 5270.0], [106612.5, 35000.0], [106607.5, 5400.0], [106595.0, 5420.0], [106585.0, 14400.0], [106582.5, 5420.0], [106577.5, 24720.0]], "asks": [[106730.0, 7440.0], [106732.5, 4970.0], [106735.0, 5380.0], [106737.5, 5510.0], [106750.0, 5510.0], [106755.0, 16000.0], [106762.5, 8260.0], [106765.0, 160.0], [106775.0, 5260.0], [106835.0, 5300.0], [106852.5, 25550.0], [106862.5, 20.0], [106865.0, 5490.0], [106887.5, 14400.0], [106892.5, 5510.0], [106940.0, 5280.0], [106950.0, 20.0], [106952.5, 5360.0], [107005.0, 116390.0], [107012.5, 5340.0]]}}}
