{"jsonrpc": "2.0", "id": 1, "result": ["book.BTC-6FEB26.none.20.100ms"], "usIn": 1769492010594434, "usOut": 1769492010594636, "usDiff": 202, "testnet": false}
{"jsonrpc": "2.0", "method": "subscription", "params": {"channel": "book.BTC-6FEB26.none.20.100ms", "data": {"timestamp": 1769492010545, "change_id": 137041146978, "instrument_name": "BTC-6FEB26", "bids": [[88565.0, 300.0], [88562.5, 300.0], [88560.0, 1350.0], [88557.5, 1500.0], [88555.0, 2000.0], [88495.0, 900.0], [88492.5, 3140.0], [88490.0, 4890.0], [88487.5, 16370.0], [88452.5, 330.0], [88387.5, 2570.0], [88385.0, 8620.0], [88382.5, 10290.0], [88380.0, 34480.0], [88345.0, 5050.0], [88342.5, 14930.0], [88340.0, 50000.0], [88310.0, 50000.0], [88277.5, 500.0], [88185.0, 15080.0]], "asks": [[88575.0, 1800.0], [88590.0, 300.0], [88592.5, 650.0], [88595.0, 1000.0], [88597.5, 1470.0], [88600.0, 4940.0], [88602.5, 10.0], [88622.5, 300.0], [88625.0, 1000.0], [88635.0, 300.0], [88637.5, 990.0], [88647.5, 4840.0], [88650.0, 16210.0], [88652.5, 300.0], [88655.0, 1000.0], [88710.0, 4420.0], [88712.5, 14710.0], [88715.0, 110.0], [88770.0, 45240.0], [88772.5, 29940.0]]}}}
{"jsonrpc": "2.0", "method": "subscription", "params": {"channel": "book.BTC-6FEB26.none.20.100ms", "data": {"timestamp": 1769492010827, "change_id": 137041147726, "instrument_name": "BTC-6FEB26", "bids": [[88565.0, 300.0], [88562.5, 310.0], [88560.0, 300.0], [88550.0, 1500.0], [88495.0, 900.0], [88492.5, 3140.0], [88490.0, 4890.0], [88487.5, 16370.0], [88452.5, 330.0], [88387.5, 2570.0], [88385.0, 8620.0], [88382.5, 10290.0], [88380.0, 34480.0], [88345.0, 5050.0], [88342.5, 14930.0], [88340.0, 50000.0], [88310.0, 50000.0], [88277.5, 500.0], [88185.0, 15080.0], [88122.5, 137920.0]], "asks": [[88572.5, 840.0], [88575.0, 1800.0], [88582.5, 50.0], [88590.0, 300.0], [88592.5, 600.0], [88595.0, 1000.0], [88597.5, 1470.0], [88600.0, 4940.0], [88602.5, 10.0], [88622.5, 300.0], [88625.0, 1000.0], [88635.0, 300.0], [88637.5, 990.0], [88647.5, 4840.0], [88650.0, 16210.0], [88652.5, 300.0], [88655.0, 1000.0], [88710.0, 4420.0], [88712.5, 14710.0], [88715.0, 110.0]]}}}
{"jsonrpc": "2.0", "method": "subscription", "params": {"channel": "book.BTC-6FEB26.none.20.100ms", "data": {"timestamp": 1769492011144, "change_id": 137041148303, "instrument_name": "BTC-6FEB26", "bids": [[88562.5, 300.0], [88557.5, 10.0], [88545.0, 450.0], [88542.5, 1500.0], [88495.0, 600.0], [88492.5, 2150.0], [88490.0, 4890.0], [88487.5, 16370.0], [88465.0, 300.0], [88462.5, 990.0], [88455.0, 330.0], [88387.5, 2570.0], [88385.0, 8620.0], [88382.5, 10290.0], [88380.0, 34480.0], [88347.5, 5050.0], [88342.5, 14930.0], [88340.0, 50000.0], [88310.0, 50000.0], [88277.5, 500.0]], "asks": [[88567.5, 1800.0], [88572.5, 300.0], [88580.0, 300.0], [88582.5, 50.0], [88590.0, 300.0], [88592.5, 600.0], [88595.0, 1000.0], [88597.5, 1470.0], [88600.0, 4940.0], [88602.5, 10.0], [88622.5, 300.0], [88625.0, 1000.0], [88635.0, 300.0], [88637.5, 990.0], [88647.5, 4840.0], [88650.0, 16210.0], [88652.5, 300.0], [88655.0, 1000.0], [88710.0, 4420.0], [88712.5, 14710.0]]}}}
{"jsonrpc": "2.0", "method": "subscription", "params": {"channel": "book.BTC-6FEB26.none.20.100ms", "data": {"timestamp": 1769492011845, "change_id": 137041149215, "instrument_name": "BTC-6FEB26", "bids": [[88562.5, 300.0], [88557.5, 10.0], [88547.5, 2000.0], [88545.0, 450.0], [88542.5, 1500.0], [88495.0, 600.0], [88492.5, 2150.0], [88490.0, 4890.0], [88487.5, 16370.0], [88465.0, 300.0], [88462.5, 990.0], [88455.0, 330.0], [88387.5, 2570.0], [88385.0, 8620.0], [88382.5, 10290.0], [88380.0, 34480.0], [88347.5, 5050.0], [88342.5, 14930.0], [88340.0, 50000.0], [88310.0, 50000.0]], "asks": [[88567.5, 1800.0], [88572.5, 300.0], [88580.0, 300.0], [88582.5, 50.0], [88590.0, 300.0], [88592.5, 600.0], [88595.0, 1000.0], [88597.5, 1470.0], [88600.0, 4940.0], [88602.5, 10.0], [88622.5, 300.0], [88625.0, 1000.0], [88635.0, 300.0], [88637.5, 990.0], [88647.5, 4840.0], [88650.0, 16210.0], [88652.5, 300.0], [88655.0, 1000.0], [88710.0, 4420.0], [88712.5, 14710.0]]}}}
{"jsonrpc": "2.0", "method": "subscription", "params": {"channel": "book.BTC-6FEB26.none.20.100ms", "data": {"timestamp": 1769492012141, "change_id": 137041149384, "instrument_name": "BTC-6FEB26", "bids": [[88550.0, 310.0], [88547.5, 2000.0], [88545.0, 450.0], [88542.5, 1500.0], [88490.0, 4890.0], [88487.5, 16370.0], [88465.0, 300.0], [88462.5, 990.0], [88455.0, 330.0], [88395.0, 640.0], [88392.5, 2150.0], [88387.5, 2570.0], [88385.0, 8620.0], [88382.5, 10290.0], [88380.0, 34480.0], [88347.5, 5050.0], [88342.5, 14930.0], [88340.0, 50000.0], [88310.0, 50000.0], [88277.5, 500.0]], "asks": [[88567.5, 1800.0], [88580.0, 300.0], [88582.5, 50.0], [88590.0, 300.0], [88592.5, 600.0], [88595.0, 1000.0], [88597.5, 1470.0], [88600.0, 4940.0], [88602.5, 10.0], [88622.5, 300.0], [88625.0, 1000.0], [88635.0, 300.0], [88637.5, 990.0], [88647.5, 4840.0], [88650.0, 16210.0], [88652.5, 300.0], [88655.0, 1000.0], [88710.0, 4420.0], [88712.5, 14710.0], [88715.0, 110.0]]}}}
{"jsonrpc": "2.0", "method": "subscription", "params": {"channel": "book.BTC-6FEB26.none.20.100ms", "data": {"timestamp": 1769492012235, "change_id": 137041149526, "instrument_name": "BTC-6FEB26", "bids": [[88550.0, 300.0], [88547.5, 2010.0], [88545.0, 450.0], [88542.5, 1500.0], [88490.0, 4890.0], [88487.5, 16370.0], [88465.0, 300.0], [88462.5, 990.0], [88455.0, 330.0], [88395.0, 640.0], [88392.5, 2150.0], [88387.5, 2570.0], [88385.0, 8620.0], [88382.5, 10290.0], [88380.0, 34480.0], [88347.5, 5050.0], [88342.5, 14930.0], [88340.0, 50000.0], [88310.0, 50000.0], [88277.5, 500.0]], "asks": [[88567.5, 1800.0], [88580.0, 300.0], [88582.5, 50.0], [88590.0, 300.0], [88592.5, 600.0], [88595.0, 1000.0], [88597.5, 1470.0], [88600.0, 4940.0], [88602.5, 10.0], [88622.5, 300.0], [88625.0, 1000.0], [88635.0, 300.0], [88637.5, 990.0], [88647.5, 4840.0], [88650.0, 16210.0], [88652.5, 300.0], [88655.0, 1000.0], [88710.0, 4420.0], [88712.5, 14710.0], [88715.0, 110.0]]}}}
{"jsonrpc": "2.0", "method": "subscription", "params": {"channel": "book.BTC-6FEB26.none.20.100ms", "data": {"timestamp": 1769492012758, "change_id": 137041150168, "instrument_name": "BTC-6FEB26", "bids": [[88552.5, 300.0], [88550.0, 1360.0], [88547.5, 3500.0], [88490.0, 4890.0], [88487.5, 16370.0], [88465.0, 300.0], [88462.5, 990.0], [88455.0, 330.0], [88395.0, 640.0], [88392.5, 2150.0], [88387.5, 2570.0], [88385.0, 8620.0], [88382.5, 10290.0], [88380.0, 34480.0], [88347.5, 5050.0], [88342.5, 14930.0], [88340.0, 50000.0], [88310.0, 50000.0], [88277.5, 500.0], [88185.0, 15080.0]], "asks": [[88567.5, 1500.0], [88580.0, 300.0], [88582.5, 50.0], [88590.0, 300.0], [88592.5, 600.0], [88595.0, 1000.0], [88597.5, 1470.0], [88600.0, 4940.0], [88602.5, 10.0], [88622.5, 300.0], [88625.0, 1000.0], [88635.0, 300.0], [88637.5, 990.0], [88647.5, 4840.0], [88650.0, 16210.0], [88652.5, 300.0], [88655.0, 1000.0], [88710.0, 4420.0], [88712.5, 14710.0], [88715.0, 110.0]]}}}
{"jsonrpc": "2.0", "method": "subscription", "params": {"channel": "book.BTC-6FEB26.none.20.100ms", "data": {"timestamp": 1769492014752, "change_id": 137041151980, "instrument_name": "BTC-6FEB26", "bids": [[88552.5, 300.0], [88550.0, 1360.0], [88547.5, 3500.0], [88490.0, 4890.0], [88487.5, 16370.0], [88465.0, 300.0], [88462.5, 990.0], [88397.5, 330.0], [88395.0, 640.0], [88392.5, 2150.0], [88387.5, 2570.0], [88385.0, 8620.0], [88382.5, 10290.0], [88380.0, 34480.0], [88350.0, 5050.0], [88342.5, 14930.0], [88340.0, 50000.0], [88310.0, 50000.0], [88277.5, 500.0], [88185.0, 15080.0]], "asks": [[88567.5, 1500.0], [88580.0, 300.0], [88582.5, 50.0], [88590.0, 300.0], [88592.5, 600.0], [88595.0, 1000.0], [88597.5, 1470.0], [88600.0, 4940.0], [88602.5, 10.0], [88622.5, 300.0], [88625.0, 1000.0], [88635.0, 300.0], [88637.5, 990.0], [88647.5, 4840.0], [88650.0, 16210.0], [88652.5, 300.0], [88655.0, 1000.0], [88710.0, 4420.0], [88712.5, 14710.0], [88715.0, 110.0]]}}}
{"jsonrpc": "2.0", "method": "subscription", "params": {"channel": "book.BTC-6FEB26.none.20.100ms", "data": {"timestamp": 1769492016018, "change_id": 137041152965, "instrument_name": "BTC-6FEB26", "bids": [[88555.0, 300.0], [88552.5, 2310.0], [88550.0, 750.0], [88547.5, 1500.0], [88490.0, 4890.0], [88487.5, 16370.0], [88465.0, 300.0], [88462.5, 990.0], [88397.5, 330.0], [88395.0, 640.0], [88392.5, 2150.0], [88387.5, 2570.0], [88385.0, 8620.0], [88382.5, 10290.0], [88380.0, 34480.0], [88350.0, 5050.0], [88342.5, 14930.0], [88340.0, 50000.0], [88310.0, 50000.0], [88277.5, 500.0]], "asks": [[88567.5, 1500.0], [88580.0, 300.0], [88582.5, 50.0], [88590.0, 300.0], [88592.5, 600.0], [88595.0, 1000.0], [88597.5, 1470.0], [88600.0, 4940.0], [88602.5, 10.0], [88622.5, 300.0], [88625.0, 1000.0], [88635.0, 300.0], [88637.5, 990.0], [88647.5, 4840.0], [88650.0, 16210.0], [88652.5, 300.0], [88655.0, 1000.0], [88710.0, 4420.0], [88712.5, 14710.0], [88715.0, 110.0]]}}}
{"jsonrpc": "2.0", "method": "subscription", "params": {"channel": "book.BTC-6FEB26.none.20.100ms", "data": {"timestamp": 1769492016789, "change_id": 137041153869, "instrument_name": "BTC-6FEB26", "bids": [[88557.5, 300.0], [88555.0, 310.0], [88552.5, 3800.0], [88550.0, 300.0], [88490.0, 4890.0], [88487.5, 16370.0], [88465.0, 300.0], [88462.5, 990.0], [88397.5, 330.0], [88395.0, 640.0], [88392.5, 2150.0], [88387.5, 2570.0], [88385.0, 8620.0], [88382.5, 10290.0], [88380.0, 34480.0], [88350.0, 5050.0], [88342.5, 14930.0], [88340.0, 50000.0], [88310.0, 50000.0], [88277.5, 500.0]], "asks": [[88575.0, 1800.0], [88580.0, 300.0], [88582.5, 50.0], [88590.0, 300.0], [88592.5, 600.0], [88595.0, 1000.0], [88597.5, 1470.0], [88600.0, 4940.0], [88602.5, 10.0], [88622.5, 300.0], [88625.0, 1000.0], [88635.0, 300.0], [88637.5, 990.0], [88647.5, 4840.0], [88650.0, 16210.0], [88652.5, 300.0], [88655.0, 1000.0], [88710.0, 4420.0], [88712.5, 14710.0], [88715.0, 110.0]]}}}
{"jsonrpc": "2.0", "method": "subscription", "params": {"channel": "book.BTC-6FEB26.none.20.100ms", "data": {"timestamp": 1769492017069, "change_id": 137041154008, "instrument_name": "BTC-6FEB26", "bids": [[88557.5, 300.0], [88555.0, 310.0], [88552.5, 3500.0], [88490.0, 4890.0], [88487.5, 16370.0], [88465.0, 300.0], [88462.5, 990.0], [88397.5, 330.0], [88395.0, 640.0], [88392.5, 2150.0], [88387.5, 2570.0], [88385.0, 8620.0], [88382.5, 10290.0], [88380.0, 34480.0], [88350.0, 5050.0], [88342.5, 14930.0], [88340.0, 50000.0], [88310.0, 50000.0], [88277.5, 500.0], [88185.0, 15080.0]], "asks": [[88575.0, 1800.0], [88580.0, 300.0], [88582.5, 50.0], [88590.0, 300.0], [88592.5, 600.0], [88595.0, 1000.0], [88597.5, 1470.0], [88600.0, 4940.0], [88602.5, 10.0], [88622.5, 300.0], [88625.0, 1000.0], [88635.0, 300.0], [88637.5, 990.0], [88647.5, 4840.0], [88650.0, 16210.0], [88652.5, 300.0], [88655.0, 1000.0], [88710.0, 4420.0], [88712.5, 14710.0], [88715.0, 110.0]]}}}
{"jsonrpc": "2.0", "method": "subscription", "params": {"channel": "book.BTC-6FEB26.none.20.100ms", "data": {"timestamp": 1769492017756, "change_id": 137041154720, "instrument_name": "BTC-6FEB26", "bids": [[88557.5, 300.0], [88555.0, 310.0], [88552.5, 3500.0], [88490.0, 4890.0], [88487.5, 16370.0], [88465.0, 300.0], [88462.5, 990.0], [88400.0, 330.0], [88395.0, 640.0], [88392.5, 2150.0], [88387.5, 2570.0], [88385.0, 8620.0], [88382.5, 10290.0], [88380.0, 34480.0], [88367.5, 5050.0], [88342.5, 14930.0], [88340.0, 50000.0], [88310.0, 50000.0], [88277.5, 500.0], [88245.0, 15080.0]], "asks": [[88575.0, 1500.0], [88580.0, 300.0], [88582.5, 50.0], [88590.0, 300.0], [88592.5, 600.0], [88595.0, 1000.0], [88597.5, 1470.0], [88600.0, 4940.0], [88602.5, 10.0], [88622.5, 300.0], [88625.0, 1000.0], [88635.0, 300.0], [88637.5, 990.0], [88647.5, 4840.0], [88650.0, 16210.0], [88652.5, 300.0], [88655.0, 1000.0], [88710.0, 4420.0], [88712.5, 14710.0], [88715.0, 110.0]]}}}
{"jsonrpc": "2.0", "method": "subscription", "params": {"channel": "book.BTC-6FEB26.none.20.100ms", "data": {"timestamp": 1769492018058, "change_id": 137041154841, "instrument_name": "BTC-6FEB26", "bids": [[88557.5, 300.0], [88555.0, 310.0], [88552.5, 3500.0], [88490.0, 4890.0], [88487.5, 16370.0], [88465.0, 300.0], [88462.5, 990.0], [88400.0, 330.0], [88395.0, 640.0], [88392.5, 2150.0], [88387.5, 2570.0], [88385.0, 8620.0], [88382.5, 10290.0], [88380.0, 34480.0], [88367.5, 5050.0], [88342.5, 14930.0], [88340.0, 50000.0], [88310.0, 50000.0], [88277.5, 500.0], [88245.0, 15080.0]], "asks": [[88575.0, 1800.0], [88580.0, 300.0], [88582.5, 50.0], [88590.0, 300.0], [88592.5, 600.0], [88595.0, 1000.0], [88597.5, 1470.0], [88600.0, 4940.0], [88602.5, 10.0], [88622.5, 300.0], [88625.0, 1000.0], [88635.0, 300.0], [88637.5, 990.0], [88647.5, 4840.0], [88650.0, 16210.0], [88652.5, 300.0], [88655.0, 1000.0], [88710.0, 4420.0], [88712.5, 14710.0], [88715.0, 110.0]]}}}
{"jsonrpc": "2.0", "method": "subscription", "params": {"channel": "book.BTC-6FEB26.none.20.100ms", "data": {"timestamp": 1769492019268, "change_id": 137041155846, "instrument_name": "BTC-6FEB26", "bids": [[88557.5, 300.0], [88555.0, 310.0], [88552.5, 3500.0], [88490.0, 4890.0], [88487.5, 16370.0], [88465.0, 300.0], [88462.5, 990.0], [88400.0, 330.0], [88395.0, 640.0], [88392.5, 2150.0], [88387.5, 2570.0], [88385.0, 8620.0], [88382.5, 10290.0], [88380.0, 34480.0], [88367.5, 5050.0], [88342.5, 14930.0], [88340.0, 50000.0], [88310.0, 50000.0], [88277.5, 500.0], [88245.0, 15080.0]], "asks": [[88575.0, 1500.0], [88580.0, 300.0], [88582.5, 50.0], [88590.0, 300.0], [88592.5, 600.0], [88595.0, 1000.0], [88597.5, 1470.0], [88600.0, 4940.0], [88602.5, 10.0], [88622.5, 300.0], [88625.0, 1000.0], [88635.0, 300.0], [88637.5, 990.0], [88647.5, 4840.0], [88650.0, 16210.0], [88652.5, 300.0], [88655.0, 1000.0], [88710.0, 4420.0], [88712.5, 14710.0], [88715.0, 110.0]]}}}
{"jsonrpc": "2.0", "method": "subscription", "params": {"channel": "book.BTC-6FEB26.none.20.100ms", "data": {"timestamp": 1769492020038, "change_id": 137041156596, "instrument_name": "BTC-6FEB26", "bids": [[88557.5, 300.0], [88555.0, 1350.0], [88552.5, 3500.0], [88490.0, 4890.0], [88487.5, 16370.0], [88465.0, 300.0], [88462.5, 990.0], [88400.0, 330.0], [88395.0, 640.0], [88392.5, 2150.0], [88387.5, 2570.0], [88385.0, 8620.0], [88382.5, 10290.0], [88380.0, 34480.0], [88367.5, 5050.0], [88342.5, 14930.0], [88340.0, 50000.0], [88310.0, 50000.0], [88277.5, 500.0], [88245.0, 15080.0]], "asks": [[88575.0, 1800.0], [88580.0, 300.0], [88582.5, 50.0], [88590.0, 300.0], [88592.5, 600.0], [88595.0, 1000.0], [88597.5, 1470.0], [88600.0, 4940.0], [88602.5, 10.0], [88622.5, 300.0], [88625.0, 1000.0], [88635.0, 300.0], [88637.5, 990.0], [88647.5, 4840.0], [88650.0, 16210.0], [88652.5, 300.0], [88655.0, 1000.0], [88710.0, 4420.0], [88712.5, 14710.0], [88715.0, 110.0]]}}}
{"jsonrpc": "2.0", "method": "subscription", "params": {"channel": "book.BTC-6FEB26.none.20.100ms", "data": {"timestamp": 1769492020429, "change_id": 137041156990, "instrument_name": "BTC-6FEB26", "bids": [[88560.0, 300.0], [88557.5, 2310.0], [88555.0, 750.0], [88552.5, 1500.0], [88490.0, 4890.0], [88487.5, 16370.0], [88465.0, 300.0], [88462.5, 990.0], [88400.0, 330.0], [88395.0, 640.0], [88392.5, 2150.0], [88387.5, 2570.0], [88385.0, 8620.0], [88382.5, 10290.0], [88380.0, 34480.0], [88367.5, 5050.0], [88342.5, 14930.0], [88340.0, 50000.0], [88310.0, 50000.0], [88277.5, 500.0]], "asks": [[88575.0, 1800.0], [88580.0, 300.0], [88582.5, 50.0], [88590.0, 300.0], [88592.5, 600.0], [88595.0, 1000.0], [88597.5, 1470.0], [88600.0, 4940.0], [88602.5, 10.0], [88622.5, 300.0], [88625.0, 1000.0], [88635.0, 300.0], [88637.5, 990.0], [88647.5, 4840.0], [88650.0, 16210.0], [88652.5, 300.0], [88655.0, 1000.0], [88710.0, 4420.0], [88712.5, 14710.0], [88715.0, 110.0]]}}}
{"jsonrpc": "2.0", "method": "subscription", "params": {"channel": "book.BTC-6FEB26.none.20.100ms", "data": {"timestamp": 1769492020751, "change_id": 137041157373, "instrument_name": "BTC-6FEB26", "bids": [[88560.0, 300.0], [88557.5, 2310.0], [88555.0, 750.0], [88552.5, 1500.0], [88490.0, 4890.0], [88487.5, 16370.0], [88465.0, 300.0], [88462.5, 990.0], [88402.5, 330.0], [88395.0, 640.0], [88392.5, 2150.0], [88387.5, 2570.0], [88385.0, 8620.0], [88382.5, 10290.0], [88380.0, 34480.0], [88367.5, 5050.0], [88342.5, 14930.0], [88340.0, 50000.0], [88310.0, 50000.0], [88277.5, 500.0]], "asks": [[88575.0, 1800.0], [88580.0, 300.0], [88582.5, 50.0], [88590.0, 300.0], [88592.5, 600.0], [88595.0, 1000.0], [88597.5, 1470.0], [88600.0, 4940.0], [88602.5, 10.0], [88622.5, 300.0], [88625.0, 1000.0], [88635.0, 300.0], [88637.5, 990.0], [88647.5, 4840.0], [88650.0, 16210.0], [88652.5, 300.0], [88655.0, 1000.0], [88710.0, 4420.0], [88712.5, 14710.0], [88715.0, 110.0]]}}}
{"jsonrpc": "2.0", "method": "subscription", "params": {"channel": "book.BTC-6FEB26.none.20.100ms", "data": {"timestamp": 1769492022014, "change_id": 137041158320, "instrument_name": "BTC-6FEB26", "bids": [[88560.0, 300.0], [88557.5, 2310.0], [88555.0, 750.0], [88552.5, 1500.0], [88490.0, 4890.0], [88487.5, 16370.0], [88465.0, 300.0], [88462.5, 990.0], [88402.5, 330.0], [88395.0, 640.0], [88392.5, 2150.0], [88387.5, 2570.0], [88385.0, 8620.0], [88382.5, 10290.0], [88380.0, 34480.0], [88367.5, 5050.0], [88342.5, 14930.0], [88340.0, 50000.0], [88310.0, 50000.0], [88277.5, 500.0]], "asks": [[88575.0, 1500.0], [88580.0, 300.0], [88582.5, 50.0], [88590.0, 300.0], [88592.5, 600.0], [88595.0, 1000.0], [88597.5, 1470.0], [88600.0, 4940.0], [88602.5, 10.0], [88622.5, 300.0], [88625.0, 1000.0], [88635.0, 300.0], [88637.5, 990.0], [88647.5, 4840.0], [88650.0, 16210.0], [88652.5, 300.0], [88655.0, 1000.0], [88710.0, 4420.0], [88712.5, 14710.0], [88715.0, 110.0]]}}}
{"jsonrpc": "2.0", "method": "subscription", "params": {"channel": "book.BTC-6FEB26.none.20.100ms", "data": {"timestamp": 1769492023003, "change_id": 137041159108, "instrument_name": "BTC-6FEB26", "bids": [[88560.0, 300.0], [88557.5, 2310.0], [88555.0, 750.0], [88552.5, 1500.0], [88490.0, 4890.0], [88487.5, 16370.0], [88465.0, 300.0], [88462.5, 990.0], [88402.5, 330.0], [88395.0, 640.0], [88392.5, 2150.0], [88387.5, 2570.0], [88385.0, 8620.0], [88382.5, 10290.0], [88380.0, 34480.0], [88367.5, 5050.0], [88342.5, 14930.0], [88340.0, 50000.0], [88310.0, 50000.0], [88277.5, 500.0]], "asks": [[88575.0, 1800.0], [88580.0, 300.0], [88582.5, 50.0], [88590.0, 300.0], [88592.5, 600.0], [88595.0, 1000.0], [88597.5, 1470.0], [88600.0, 4940.0], [88602.5, 10.0], [88622.5, 300.0], [88625.0, 1000.0], [88635.0, 300.0], [88637.5, 990.0], [88647.5, 4840.0], [88650.0, 16210.0], [88652.5, 300.0], [88655.0, 1000.0], [88710.0, 4420.0], [88712.5, 14710.0], [88715.0, 110.0]]}}}
{"jsonrpc": "2.0", "method": "subscription", "params": {"channel": "book.BTC-6FEB26.none.20.100ms", "data": {"timestamp": 1769492023753, "change_id": 137041159869, "instrument_name": "BTC-6FEB26", "bids": [[88560.0, 300.0], [88557.5, 2310.0], [88555.0, 750.0], [88552.5, 1500.0], [88490.0, 4890.0], [88487.5, 16370.0], [88465.0, 300.0], [88462.5, 990.0], [88405.0, 330.0], [88395.0, 640.0], [88392.5, 2150.0], [88387.5, 2570.0], [88385.0, 8620.0], [88382.5, 10290.0], [88380.0, 34480.0], [88367.5, 5050.0], [88342.5, 14930.0], [88340.0, 50000.0], [88310.0, 50000.0], [88277.5, 500.0]], "asks": [[88575.0, 1800.0], [88580.0, 300.0], [88582.5, 50.0], [88590.0, 300.0], [88592.5, 600.0], [88595.0, 1000.0], [88597.5, 1470.0], [88600.0, 4940.0], [88602.5, 10.0], [88622.5, 300.0], [88625.0, 1000.0], [88635.0, 300.0], [88637.5, 990.0], [88647.5, 4840.0], [88650.0, 16210.0], [88652.5, 300.0], [88655.0, 1000.0], [88710.0, 4420.0], [88712.5, 14710.0], [88715.0, 110.0]]}}}
{"jsonrpc": "2.0", "method": "subscription", "params": {"channel": "book.BTC-6FEB26.none.20.100ms", "data": {"timestamp": 1769492024980, "change_id": 137041160762, "instrument_name": "BTC-6FEB26", "bids": [[88560.0, 300.0], [88557.5, 2310.0], [88555.0, 750.0], [88552.5, 1500.0], [88490.0, 4890.0], [88487.5, 16370.0], [88465.0, 300.0], [88462.5, 990.0], [88405.0, 330.0], [88395.0, 640.0], [88392.5, 2150.0], [88387.5, 2570.0], [88385.0, 8620.0], [88382.5, 10290.0], [88380.0, 34480.0], [88367.5, 5050.0], [88342.5, 14930.0], [88340.0, 50000.0], [88310.0, 50000.0], [88277.5, 500.0]], "asks": [[88575.0, 1500.0], [88580.0, 300.0], [88582.5, 50.0], [88590.0, 300.0], [88592.5, 600.0], [88595.0, 1000.0], [88597.5, 1470.0], [88600.0, 4940.0], [88602.5, 10.0], [88622.5, 300.0], [88625.0, 1000.0], [88635.0, 300.0], [88637.5, 990.0], [88647.5, 4840.0], [88650.0, 16210.0], [88652.5, 300.0], [88655.0, 1000.0], [88710.0, 4420.0], [88712.5, 14710.0], [88715.0, 110.0]]}}}
{"jsonrpc": "2.0", "method": "subscription", "params": {"channel": "book.BTC-6FEB26.none.20.100ms", "data": {"timestamp": 1769492025970, "change_id": 137041161579, "instrument_name": "BTC-6FEB26", "bids": [[88560.0, 300.0], [88557.5, 2310.0], [88555.0, 750.0], [88552.5, 1500.0], [88490.0, 4890.0], [88487.5, 16370.0], [88465.0, 300.0], [88462.5, 990.0], [88405.0, 330.0], [88395.0, 640.0], [88392.5, 2150.0], [88387.5, 2570.0], [88385.0, 8620.0], [88382.5, 10290.0], [88380.0, 34480.0], [88367.5, 5050.0], [88342.5, 14930.0], [88340.0, 50000.0], [88310.0, 50000.0], [88277.5, 500.0]], "asks": [[88575.0, 1800.0], [88580.0, 300.0], [88582.5, 50.0], [88590.0, 300.0], [88592.5, 600.0], [88595.0, 1000.0], [88597.5, 1470.0], [88600.0, 4940.0], [88602.5, 10.0], [88622.5, 300.0], [88625.0, 1000.0], [88635.0, 300.0], [88637.5, 990.0], [88647.5, 4840.0], [88650.0, 16210.0], [88652.5, 300.0], [88655.0, 1000.0], [88710.0, 4420.0], [88712.5, 14710.0], [88715.0, 110.0]]}}}
{"jsonrpc": "2.0", "method": "subscription", "params": {"channel": "book.BTC-6FEB26.none.20.100ms", "data": {"timestamp": 1769492026757, "change_id": 137041162409, "instrument_name": "BTC-6FEB26", "bids": [[88560.0, 300.0], [88557.5, 2310.0], [88555.0, 750.0], [88552.5, 1500.0], [88490.0, 4890.0], [88487.5, 16370.0], [88465.0, 300.0], [88462.5, 990.0], [88407.5, 330.0], [88395.0, 640.0], [88392.5, 2150.0], [88387.5, 2570.0], [88385.0, 8620.0], [88382.5, 10290.0], [88380.0, 34480.0], [88367.5, 5050.0], [88342.5, 14930.0], [88340.0, 50000.0], [88310.0, 50000.0], [88277.5, 500.0]], "asks": [[88575.0, 1800.0], [88580.0, 300.0], [88582.5, 50.0], [88590.0, 300.0], [88592.5, 600.0], [88595.0, 1000.0], [88597.5, 1470.0], [88600.0, 4940.0], [88602.5, 10.0], [88622.5, 300.0], [88625.0, 1000.0], [88635.0, 300.0], [88637.5, 990.0], [88647.5, 4840.0], [88650.0, 16210.0], [88652.5, 300.0], [88655.0, 1000.0], [88710.0, 4420.0], [88712.5, 14710.0], [88715.0, 110.0]]}}}
{"jsonrpc": "2.0", "method": "subscription", "params": {"channel": "book.BTC-6FEB26.none.20.100ms", "data": {"timestamp": 1769492027424, "change_id": 137041162864, "instrument_name": "BTC-6FEB26", "bids": [[88560.0, 300.0], [88557.5, 310.0], [88555.0, 1290.0], [88552.5, 1500.0], [88550.0, 2000.0], [88490.0, 4890.0], [88487.5, 16370.0], [88465.0, 300.0], [88462.5, 990.0], [88407.5, 330.0], [88395.0, 640.0], [88392.5, 2150.0], [88387.5, 2570.0], [88385.0, 8620.0], [88382.5, 10290.0], [88380.0, 34480.0], [88367.5, 5050.0], [88342.5, 14930.0], [88340.0, 50000.0], [88310.0, 50000.0]], "asks": [[88575.0, 1800.0], [88580.0, 300.0], [88582.5, 50.0], [88590.0, 300.0], [88592.5, 600.0], [88595.0, 1000.0], [88597.5, 1470.0], [88600.0, 4940.0], [88602.5, 10.0], [88622.5, 300.0], [88625.0, 1000.0], [88635.0, 300.0], [88637.5, 990.0], [88647.5, 4840.0], [88650.0, 16210.0], [88652.5, 300.0], [88655.0, 1000.0], [88710.0, 4420.0], [88712.5, 14710.0], [88715.0, 110.0]]}}}
{"jsonrpc": "2.0", "method": "subscription", "params": {"channel": "book.BTC-6FEB26.none.20.100ms", "data": {"timestamp": 1769492027947, "change_id": 137041163320, "instrument_name": "BTC-6FEB26", "bids": [[88560.0, 300.0], [88557.5, 310.0], [88555.0, 1290.0], [88552.5, 1800.0], [88550.0, 2000.0], [88490.0, 4890.0], [88487.5, 16370.0], [88465.0, 300.0], [88462.5, 990.0], [88407.5, 330.0], [88395.0, 640.0], [88392.5, 2150.0], [88387.5, 2570.0], [88385.0, 8620.0], [88382.5, 10290.0], [88380.0, 34480.0], [88367.5, 5050.0], [88342.5, 14930.0], [88340.0, 50000.0], [88310.0, 50000.0]], "asks": [[88575.0, 1500.0], [88580.0, 300.0], [88582.5, 50.0], [88590.0, 300.0], [88592.5, 600.0], [88595.0, 1000.0], [88597.5, 1470.0], [88600.0, 4940.0], [88602.5, 10.0], [88622.5, 300.0], [88625.0, 1000.0], [88635.0, 300.0], [88637.5, 990.0], [88647.5, 4840.0], [88650.0, 16210.0], [88652.5, 300.0], [88655.0, 1000.0], [88710.0, 4420.0], [88712.5, 14710.0], [88715.0, 110.0]]}}}
{"jsonrpc": "2.0", "method": "subscription", "params": {"channel": "book.BTC-6FEB26.none.20.100ms", "data": {"timestamp": 1769492028936, "change_id": 137041164115, "instrument_name": "BTC-6FEB26", "bids": [[88560.0, 300.0], [88557.5, 310.0], [88555.0, 1290.0], [88552.5, 1800.0], [88550.0, 2000.0], [88490.0, 4890.0], [88487.5, 16370.0], [88465.0, 300.0], [88462.5, 990.0], [88407.5, 330.0], [88395.0, 640.0], [88392.5, 2150.0], [88387.5, 2570.0], [88385.0, 8620.0], [88382.5, 10290.0], [88380.0, 34480.0], [88367.5, 5050.0], [88342.5, 14930.0], [88340.0, 50000.0], [88310.0, 50000.0]], "asks": [[88575.0, 1800.0], [88580.0, 300.0], [88582.5, 50.0], [88590.0, 300.0], [88592.5, 600.0], [88595.0, 1000.0], [88597.5, 1470.0], [88600.0, 4940.0], [88602.5, 10.0], [88622.5, 300.0], [88625.0, 1000.0], [88635.0, 300.0], [88637.5, 990.0], [88647.5, 4840.0], [88650.0, 16210.0], [88652.5, 300.0], [88655.0, 1000.0], [88710.0, 4420.0], [88712.5, 14710.0], [88715.0, 110.0]]}}}
{"jsonrpc": "2.0", "method": "subscription", "params": {"channel": "book.BTC-6FEB26.none.20.100ms", "data": {"timestamp": 1769492029643, "change_id": 137041164860, "instrument_name": "BTC-6FEB26", "bids": [[88560.0, 300.0], [88557.5, 310.0], [88555.0, 300.0], [88552.5, 1800.0], [88550.0, 2000.0], [88490.0, 4890.0], [88487.5, 16370.0], [88465.0, 300.0], [88462.5, 990.0], [88407.5, 330.0], [88395.0, 640.0], [88392.5, 2150.0], [88387.5, 2570.0], [88385.0, 8620.0], [88382.5, 10290.0], [88380.0, 34480.0], [88367.5, 5050.0], [88342.5, 14930.0], [88340.0, 50000.0], [88310.0, 50000.0]], "asks": [[88575.0, 1800.0], [88580.0, 300.0], [88582.5, 50.0], [88590.0, 300.0], [88592.5, 600.0], [88595.0, 1000.0], [88597.5, 1470.0], [88600.0, 4940.0], [88602.5, 10.0], [88622.5, 300.0], [88625.0, 1000.0], [88635.0, 300.0], [88637.5, 990.0], [88647.5, 4840.0], [88650.0, 16210.0], [88652.5, 300.0], [88655.0, 1000.0], [88710.0, 4420.0], [88712.5, 14710.0], [88715.0, 110.0]]}}}
{"jsonrpc": "2.0", "method": "subscription", "params": {"channel": "book.BTC-6FEB26.none.20.100ms", "data": {"timestamp": 1769492029925, "change_id": 137041165096, "instrument_name": "BTC-6FEB26", "bids": [[88557.5, 300.0], [88555.0, 310.0], [88552.5, 1800.0], [88550.0, 2000.0], [88490.0, 4890.0], [88487.5, 16370.0], [88465.0, 300.0], [88462.5, 990.0], [88410.0, 330.0], [88395.0, 640.0], [88392.5, 2150.0], [88387.5, 2570.0], [88385.0, 8620.0], [88382.5, 10290.0], [88380.0, 34480.0], [88367.5, 5050.0], [88342.5, 14930.0], [88340.0, 50000.0], [88310.0, 50000.0], [88277.5, 500.0]], "asks": [[88570.0, 1800.0], [88580.0, 300.0], [88582.5, 50.0], [88590.0, 300.0], [88592.5, 600.0], [88595.0, 1000.0], [88597.5, 1470.0], [88600.0, 4940.0], [88602.5, 10.0], [88622.5, 300.0], [88625.0, 1000.0], [88635.0, 300.0], [88637.5, 990.0], [88647.5, 4840.0], [88650.0, 16210.0], [88652.5, 300.0], [88655.0, 1000.0], [88710.0, 4420.0], [88712.5, 14710.0], [88715.0, 110.0]]}}}
{"jsonrpc": "2.0", "method": "subscription", "params": {"channel": "book.BTC-6FEB26.none.20.100ms", "data": {"timestamp": 1769492030913, "change_id": 137041165937, "instrument_name": "BTC-6FEB26", "bids": [[88557.5, 300.0], [88555.0, 310.0], [88552.5, 1800.0], [88550.0, 2000.0], [88490.0, 4890.0], [88487.5, 16370.0], [88465.0, 300.0], [88462.5, 990.0], [88410.0, 330.0], [88395.0, 640.0], [88392.5, 2150.0], [88387.5, 2570.0], [88385.0, 8620.0], [88382.5, 10290.0], [88380.0, 34480.0], [88367.5, 5050.0], [88342.5, 14930.0], [88340.0, 50000.0], [88310.0, 50000.0], [88277.5, 500.0]], "asks": [[88570.0, 1500.0], [88580.0, 300.0], [88582.5, 50.0], [88590.0, 300.0], [88592.5, 600.0], [88595.0, 1000.0], [88597.5, 1470.0], [88600.0, 4940.0], [88602.5, 10.0], [88622.5, 300.0], [88625.0, 1000.0], [88635.0, 300.0], [88637.5, 990.0], [88647.5, 4840.0], [88650.0, 16210.0], [88652.5, 300.0], [88655.0, 1000.0], [88710.0, 4420.0], [88712.5, 14710.0], [88715.0, 110.0]]}}}
{"jsonrpc": "2.0", "method": "subscription", "params": {"channel": "book.BTC-6FEB26.none.20.100ms", "data": {"timestamp": 1769492031903, "change_id": 137041166710, "instrument_name": "BTC-6FEB26", "bids": [[88557.5, 300.0], [88555.0, 310.0], [88552.5, 1800.0], [88550.0, 2000.0], [88490.0, 4890.0], [88487.5, 16370.0], [88465.0, 300.0], [88462.5, 990.0], [88410.0, 330.0], [88395.0, 640.0], [88392.5, 2150.0], [88387.5, 2570.0], [88385.0, 8620.0], [88382.5, 10290.0], [88380.0, 34480.0], [88367.5, 5050.0], [88342.5, 14930.0], [88340.0, 50000.0], [88310.0, 50000.0], [88277.5, 500.0]], "asks": [[88570.0, 1800.0], [88580.0, 300.0], [88582.5, 50.0], [88590.0, 300.0], [88592.5, 600.0], [88595.0, 1000.0], [88597.5, 1470.0], [88600.0, 4940.0], [88602.5, 10.0], [88622.5, 300.0], [88625.0, 1000.0], [88635.0, 300.0], [88637.5, 990.0], [88647.5, 4840.0], [88650.0, 16210.0], [88652.5, 300.0], [88655.0, 1000.0], [88710.0, 4420.0], [88712.5, 14710.0], [88715.0, 110.0]]}}}
{"jsonrpc": "2.0", "method": "subscription", "params": {"channel": "book.BTC-6FEB26.none.20.100ms", "data": {"timestamp": 1769492032761, "change_id": 137041167478, "instrument_name": "BTC-6FEB26", "bids": [[88557.5, 300.0], [88555.0, 310.0], [88552.5, 1800.0], [88550.0, 2000.0], [88490.0, 4890.0], [88487.5, 16370.0], [88465.0, 300.0], [88462.5, 990.0], [88412.5, 330.0], [88395.0, 640.0], [88392.5, 2150.0], [88387.5, 2570.0], [88385.0, 8620.0], [88382.5, 10290.0], [88380.0, 34480.0], [88367.5, 5050.0], [88342.5, 14930.0], [88340.0, 50000.0], [88310.0, 50000.0], [88277.5, 500.0]], "asks": [[88570.0, 1800.0], [88580.0, 300.0], [88582.5, 50.0], [88590.0, 300.0], [88592.5, 600.0], [88595.0, 1000.0], [88597.5, 1470.0], [88600.0, 4940.0], [88602.5, 10.0], [88622.5, 300.0], [88625.0, 1000.0], [88635.0, 300.0], [88637.5, 990.0], [88647.5, 4840.0], [88650.0, 16210.0], [88652.5, 300.0], [88655.0, 1000.0], [88710.0, 4420.0], [88712.5, 14710.0], [88715.0, 110.0]]}}}
{"jsonrpc": "2.0", "method": "subscription", "params": {"channel": "book.BTC-6FEB26.none.20.100ms", "data": {"timestamp": 1769492033880, "change_id": 137041168325, "instrument_name": "BTC-6FEB26", "bids": [[88557.5, 300.0], [88555.0, 310.0], [88552.5, 1800.0], [88550.0, 2000.0], [88490.0, 4890.0], [88487.5, 16370.0], [88465.0, 300.0], [88462.5, 990.0], [88412.5, 330.0], [88395.0, 640.0], [88392.5, 2150.0], [88387.5, 2570.0], [88385.0, 8620.0], [88382.5, 10290.0], [88380.0, 34480.0], [88367.5, 5050.0], [88342.5, 14930.0], [88340.0, 50000.0], [88310.0, 50000.0], [88277.5, 500.0]], "asks": [[88570.0, 1500.0], [88580.0, 300.0], [88582.5, 50.0], [88590.0, 300.0], [88592.5, 600.0], [88595.0, 1000.0], [88597.5, 1470.0], [88600.0, 4940.0], [88602.5, 10.0], [88622.5, 300.0], [88625.0, 1000.0], [88635.0, 300.0], [88637.5, 990.0], [88647.5, 4840.0], [88650.0, 16210.0], [88652.5, 300.0], [88655.0, 1000.0], [88710.0, 4420.0], [88712.5, 14710.0], [88715.0, 110.0]]}}}
{"jsonrpc": "2.0", "method": "subscription", "params": {"channel": "book.BTC-6FEB26.none.20.100ms", "data": {"timestamp": 1769492035158, "change_id": 137041170084, "instrument_name": "BTC-6FEB26", "bids": [[88555.0, 300.0], [88552.5, 310.0], [88487.5, 15990.0], [88465.0, 300.0], [88462.5, 990.0], [88415.0, 330.0], [88395.0, 640.0], [88392.5, 2150.0], [88387.5, 2570.0], [88385.0, 8620.0], [88382.5, 10290.0], [88380.0, 34480.0], [88345.0, 5050.0], [88342.5, 14930.0], [88340.0, 50000.0], [88310.0, 50000.0], [88277.5, 500.0], [88245.0, 15080.0], [88122.5, 137920.0], [88120.0, 29780.0]], "asks": [[88567.5, 840.0], [88570.0, 1800.0], [88572.5, 50.0], [88580.0, 300.0], [88590.0, 300.0], [88592.5, 600.0], [88595.0, 1000.0], [88597.5, 1470.0], [88600.0, 4940.0], [88602.5, 10.0], [88622.5, 300.0], [88625.0, 1000.0], [88635.0, 300.0], [88637.5, 990.0], [88647.5, 4840.0], [88650.0, 16210.0], [88652.5, 300.0], [88655.0, 1000.0], [88710.0, 4420.0], [88712.5, 14710.0]]}}}
{"jsonrpc": "2.0", "method": "subscription", "params": {"channel": "book.BTC-6FEB26.none.20.100ms", "data": {"timestamp": 1769492035432, "change_id": 137041171171, "instrument_name": "BTC-6FEB26", "bids": [[88555.0, 300.0], [88552.5, 300.0], [88550.0, 10.0], [88540.0, 2000.0], [88537.5, 450.0], [88535.0, 1500.0], [88487.5, 15990.0], [88465.0, 300.0], [88462.5, 990.0], [88415.0, 330.0], [88395.0, 640.0], [88392.5, 2150.0], [88387.5, 2570.0], [88385.0, 8620.0], [88382.5, 10290.0], [88380.0, 34480.0], [88345.0, 5050.0], [88342.5, 14930.0], [88340.0, 50000.0], [88310.0, 50000.0]], "asks": [[88557.5, 1800.0], [88562.5, 600.0], [88565.0, 1300.0], [88567.5, 300.0], [88570.0, 300.0], [88572.5, 50.0], [88590.0, 300.0], [88592.5, 600.0], [88595.0, 1000.0], [88597.5, 1470.0], [88600.0, 4940.0], [88602.5, 10.0], [88622.5, 300.0], [88625.0, 1000.0], [88635.0, 300.0], [88637.5, 990.0], [88647.5, 4840.0], [88650.0, 16210.0], [88710.0, 4420.0], [88712.5, 14710.0]]}}}
{"jsonrpc": "2.0", "method": "subscription", "params": {"channel": "book.BTC-6FEB26.none.20.100ms", "data": {"timestamp": 1769492036158, "change_id": 137041171962, "instrument_name": "BTC-6FEB26", "bids": [[88552.5, 300.0], [88547.5, 10.0], [88540.0, 2000.0], [88537.5, 450.0], [88535.0, 1500.0], [88485.0, 4670.0], [88482.5, 15650.0], [88465.0, 300.0], [88462.5, 990.0], [88415.0, 330.0], [88395.0, 640.0], [88392.5, 2150.0], [88387.5, 2570.0], [88385.0, 8620.0], [88382.5, 10290.0], [88380.0, 34480.0], [88345.0, 5050.0], [88342.5, 14930.0], [88340.0, 50000.0], [88310.0, 50000.0]], "asks": [[88557.5, 1800.0], [88562.5, 600.0], [88565.0, 1300.0], [88567.5, 300.0], [88570.0, 300.0], [88572.5, 50.0], [88590.0, 300.0], [88592.5, 600.0], [88595.0, 1000.0], [88597.5, 1470.0], [88600.0, 4940.0], [88602.5, 10.0], [88622.5, 300.0], [88625.0, 1000.0], [88635.0, 300.0], [88637.5, 990.0], [88647.5, 4840.0], [88650.0, 16210.0], [88710.0, 4420.0], [88712.5, 14710.0]]}}}
{"jsonrpc": "2.0", "method": "subscription", "params": {"channel": "book.BTC-6FEB26.none.20.100ms", "data": {"timestamp": 1769492036261, "change_id": 137041172107, "instrument_name": "BTC-6FEB26", "bids": [[88552.5, 300.0], [88547.5, 10.0], [88540.0, 2000.0], [88537.5, 450.0], [88535.0, 1500.0], [88485.0, 4670.0], [88482.5, 15650.0], [88465.0, 300.0], [88462.5, 990.0], [88415.0, 330.0], [88395.0, 640.0], [88392.5, 2150.0], [88387.5, 2570.0], [88385.0, 8620.0], [88347.5, 34480.0], [88345.0, 5050.0], [88342.5, 14930.0], [88340.0, 50000.0], [88310.0, 50000.0], [88277.5, 500.0]], "asks": [[88557.5, 1800.0], [88562.5, 600.0], [88565.0, 1300.0], [88567.5, 300.0], [88570.0, 300.0], [88572.5, 50.0], [88590.0, 300.0], [88592.5, 600.0], [88595.0, 1000.0], [88597.5, 1470.0], [88600.0, 4940.0], [88602.5, 10.0], [88622.5, 300.0], [88625.0, 1000.0], [88635.0, 300.0], [88637.5, 990.0], [88647.5, 4840.0], [88650.0, 16210.0], [88710.0, 4420.0], [88712.5, 14710.0]]}}}
{"jsonrpc": "2.0", "method": "subscription", "params": {"channel": "book.BTC-6FEB26.none.20.100ms", "data": {"timestamp": 1769492036988, "change_id": 137041172927, "instrument_name": "BTC-6FEB26", "bids": [[88542.5, 600.0], [88540.0, 2010.0], [88537.5, 450.0], [88535.0, 1500.0], [88485.0, 4670.0], [88482.5, 15650.0], [88465.0, 300.0], [88462.5, 990.0], [88417.5, 330.0], [88395.0, 640.0], [88392.5, 2150.0], [88387.5, 2570.0], [88385.0, 8620.0], [88355.0, 1510.0], [88352.5, 5050.0], [88350.0, 11800.0], [88347.5, 34480.0], [88342.5, 14930.0], [88340.0, 50000.0], [88310.0, 50000.0]], "asks": [[88557.5, 1800.0], [88562.5, 600.0], [88565.0, 1000.0], [88570.0, 300.0], [88572.5, 50.0], [88590.0, 300.0], [88592.5, 600.0], [88595.0, 1000.0], [88597.5, 1470.0], [88600.0, 4940.0], [88602.5, 10.0], [88622.5, 300.0], [88625.0, 1000.0], [88635.0, 300.0], [88637.5, 990.0], [88647.5, 4840.0], [88650.0, 16210.0], [88710.0, 4420.0], [88712.5, 14710.0], [88715.0, 110.0]]}}}
{"jsonrpc": "2.0", "method": "subscription", "params": {"channel": "book.BTC-6FEB26.none.20.100ms", "data": {"timestamp": 1769492037462, "change_id": 137041173580, "instrument_name": "BTC-6FEB26", "bids": [[88545.0, 300.0], [88542.5, 610.0], [88540.0, 2000.0], [88537.5, 450.0], [88535.0, 1500.0], [88485.0, 4670.0], [88482.5, 15650.0], [88465.0, 300.0], [88462.5, 990.0], [88417.5, 330.0], [88395.0, 640.0], [88392.5, 2150.0], [88387.5, 2570.0], [88385.0, 8620.0], [88355.0, 1510.0], [88352.5, 5050.0], [88350.0, 11800.0], [88347.5, 34480.0], [88342.5, 14930.0], [88340.0, 50000.0]], "asks": [[88557.5, 1800.0], [88562.5, 600.0], [88565.0, 1000.0], [88570.0, 300.0], [88572.5, 50.0], [88590.0, 300.0], [88592.5, 600.0], [88595.0, 1000.0], [88597.5, 1470.0], [88600.0, 4940.0], [88602.5, 10.0], [88622.5, 300.0], [88625.0, 1000.0], [88635.0, 300.0], [88637.5, 990.0], [88647.5, 4840.0], [88650.0, 16210.0], [88710.0, 4420.0], [88712.5, 14710.0], [88715.0, 110.0]]}}}
{"jsonrpc": "2.0", "method": "subscription", "params": {"channel": "book.BTC-6FEB26.none.20.100ms", "data": {"timestamp": 1769492037836, "change_id": 137041173850, "instrument_name": "BTC-6FEB26", "bids": [[88545.0, 300.0], [88542.5, 910.0], [88540.0, 2000.0], [88537.5, 450.0], [88535.0, 1500.0], [88485.0, 4670.0], [88482.5, 15650.0], [88465.0, 300.0], [88462.5, 990.0], [88417.5, 330.0], [88395.0, 640.0], [88392.5, 2150.0], [88387.5, 2570.0], [88385.0, 8620.0], [88355.0, 1510.0], [88352.5, 5050.0], [88350.0, 11800.0], [88347.5, 34480.0], [88342.5, 14930.0], [88340.0, 50000.0]], "asks": [[88557.5, 1800.0], [88562.5, 600.0], [88565.0, 1000.0], [88570.0, 300.0], [88572.5, 50.0], [88590.0, 300.0], [88592.5, 600.0], [88595.0, 1000.0], [88597.5, 1470.0], [88600.0, 4940.0], [88602.5, 10.0], [88622.5, 300.0], [88625.0, 1000.0], [88635.0, 300.0], [88637.5, 990.0], [88647.5, 4840.0], [88650.0, 16210.0], [88710.0, 4420.0], [88712.5, 14710.0], [88715.0, 110.0]]}}}
{"jsonrpc": "2.0", "method": "subscription", "params": {"channel": "book.BTC-6FEB26.none.20.100ms", "data": {"timestamp": 1769492038787, "change_id": 137041174790, "instrument_name": "BTC-6FEB26", "bids": [[88545.0, 300.0], [88542.5, 910.0], [88540.0, 2300.0], [88537.5, 450.0], [88535.0, 1500.0], [88485.0, 4670.0], [88482.5, 15650.0], [88465.0, 300.0], [88462.5, 990.0], [88417.5, 330.0], [88395.0, 640.0], [88392.5, 2150.0], [88387.5, 2570.0], [88385.0, 8620.0], [88355.0, 1510.0], [88352.5, 5050.0], [88350.0, 11800.0], [88347.5, 34480.0], [88342.5, 14930.0], [88340.0, 50000.0]], "asks": [[88557.5, 1800.0], [88562.5, 600.0], [88565.0, 1000.0], [88570.0, 300.0], [88572.5, 50.0], [88590.0, 300.0], [88592.5, 600.0], [88595.0, 1000.0], [88597.5, 1470.0], [88600.0, 4940.0], [88602.5, 10.0], [88622.5, 300.0], [88625.0, 1000.0], [88635.0, 300.0], [88637.5, 990.0], [88647.5, 4840.0], [88650.0, 16210.0], [88710.0, 4420.0], [88712.5, 14710.0], [88715.0, 110.0]]}}}
{"jsonrpc": "2.0", "method": "subscription", "params": {"channel": "book.BTC-6FEB26.none.20.100ms", "data": {"timestamp": 1769492039679, "change_id": 137041175596, "instrument_name": "BTC-6FEB26", "bids": [[88545.0, 300.0], [88542.5, 910.0], [88540.0, 2300.0], [88537.5, 750.0], [88535.0, 1500.0], [88485.0, 4670.0], [88482.5, 15650.0], [88465.0, 300.0], [88462.5, 990.0], [88417.5, 330.0], [88395.0, 640.0], [88392.5, 2150.0], [88387.5, 2570.0], [88385.0, 8620.0], [88355.0, 1510.0], [88352.5, 5050.0], [88350.0, 11800.0], [88347.5, 34480.0], [88342.5, 14930.0], [88340.0, 50000.0]], "asks": [[88557.5, 1800.0], [88562.5, 600.0], [88565.0, 1000.0], [88570.0, 300.0], [88572.5, 50.0], [88590.0, 300.0], [88592.5, 600.0], [88595.0, 1000.0], [88597.5, 1470.0], [88600.0, 4940.0], [88602.5, 10.0], [88622.5, 300.0], [88625.0, 1000.0], [88635.0, 300.0], [88637.5, 990.0], [88647.5, 4840.0], [88650.0, 16210.0], [88710.0, 4420.0], [88712.5, 14710.0], [88715.0, 110.0]]}}}
{"jsonrpc": "2.0", "method": "subscription", "params": {"channel": "book.BTC-6FEB26.none.20.100ms", "data": {"timestamp": 1769492041771, "change_id": 137041177828, "instrument_name": "BTC-6FEB26", "bids": [[88545.0, 300.0], [88542.5, 910.0], [88540.0, 2300.0], [88537.5, 750.0], [88535.0, 1500.0], [88485.0, 4670.0], [88482.5, 15650.0], [88465.0, 300.0], [88462.5, 990.0], [88420.0, 330.0], [88395.0, 640.0], [88392.5, 2150.0], [88387.5, 2570.0], [88385.0, 8620.0], [88360.0, 1510.0], [88357.5, 5050.0], [88350.0, 11800.0], [88347.5, 34480.0], [88342.5, 14930.0], [88340.0, 50000.0]], "asks": [[88557.5, 1800.0], [88562.5, 600.0], [88565.0, 1000.0], [88570.0, 300.0], [88572.5, 50.0], [88590.0, 300.0], [88592.5, 600.0], [88595.0, 1000.0], [88597.5, 1470.0], [88600.0, 4940.0], [88602.5, 10.0], [88622.5, 300.0], [88625.0, 1000.0], [88635.0, 300.0], [88637.5, 990.0], [88647.5, 4840.0], [88650.0, 16210.0], [88710.0, 4420.0], [88712.5, 14710.0], [88715.0, 110.0]]}}}
{"jsonrpc": "2.0", "method": "subscription", "params": {"channel": "book.BTC-6FEB26.none.20.100ms", "data": {"timestamp": 1769492044859, "change_id": 137041180692, "instrument_name": "BTC-6FEB26", "bids": [[88545.0, 1090.0], [88542.5, 2300.0], [88540.0, 300.0], [88537.5, 750.0], [88535.0, 1500.0], [88485.0, 4670.0], [88482.5, 15650.0], [88465.0, 300.0], [88462.5, 990.0], [88397.5, 330.0], [88395.0, 640.0], [88392.5, 2150.0], [88387.5, 2570.0], [88385.0, 8620.0], [88360.0, 1510.0], [88357.5, 5050.0], [88350.0, 11800.0], [88347.5, 34480.0], [88342.5, 14930.0], [88340.0, 50000.0]], "asks": [[88562.5, 300.0], [88565.0, 1000.0], [88570.0, 300.0], [88572.5, 50.0], [88590.0, 300.0], [88592.5, 600.0], [88595.0, 1000.0], [88597.5, 1470.0], [88600.0, 4940.0], [88602.5, 10.0], [88622.5, 300.0], [88625.0, 1000.0], [88635.0, 300.0], [88637.5, 990.0], [88647.5, 4840.0], [88650.0, 16210.0], [88710.0, 4420.0], [88712.5, 14710.0], [88715.0, 110.0], [88770.0, 45240.0]]}}}
{"jsonrpc": "2.0", "method": "subscription", "params": {"channel": "book.BTC-6FEB26.none.20.100ms", "data": {"timestamp": 1769492045165, "change_id": 137041180961, "instrument_name": "BTC-6FEB26", "bids": [[88547.5, 1810.0], [88545.0, 1080.0], [88542.5, 2300.0], [88540.0, 300.0], [88537.5, 300.0], [88485.0, 4670.0], [88482.5, 15650.0], [88465.0, 300.0], [88462.5, 990.0], [88397.5, 330.0], [88395.0, 640.0], [88392.5, 2150.0], [88387.5, 2570.0], [88385.0, 8620.0], [88360.0, 1510.0], [88357.5, 5050.0], [88350.0, 11800.0], [88347.5, 34480.0], [88342.5, 14930.0], [88340.0, 50000.0]], "asks": [[88562.5, 300.0], [88567.5, 1500.0], [88570.0, 300.0], [88572.5, 50.0], [88577.5, 300.0], [88580.0, 1000.0], [88590.0, 300.0], [88592.5, 300.0], [88597.5, 1470.0], [88600.0, 4940.0], [88602.5, 10.0], [88607.5, 300.0], [88610.0, 1000.0], [88635.0, 560.0], [88637.5, 990.0], [88640.0, 1000.0], [88647.5, 4840.0], [88650.0, 16210.0], [88710.0, 4420.0], [88712.5, 14710.0]]}}}
{"jsonrpc": "2.0", "method": "subscription", "params": {"channel": "book.BTC-6FEB26.none.20.100ms", "data": {"timestamp": 1769492045757, "change_id": 137041181651, "instrument_name": "BTC-6FEB26", "bids": [[88550.0, 310.0], [88547.5, 1800.0], [88545.0, 1080.0], [88542.5, 2000.0], [88485.0, 4670.0], [88482.5, 15650.0], [88465.0, 300.0], [88462.5, 990.0], [88397.5, 330.0], [88395.0, 640.0], [88392.5, 2150.0], [88387.5, 2570.0], [88385.0, 8620.0], [88360.0, 1510.0], [88357.5, 5050.0], [88350.0, 11800.0], [88347.5, 34480.0], [88342.5, 14930.0], [88340.0, 50000.0], [88310.0, 50000.0]], "asks": [[88562.5, 300.0], [88565.0, 300.0], [88567.5, 1500.0], [88570.0, 300.0], [88572.5, 50.0], [88577.5, 300.0], [88580.0, 1000.0], [88597.5, 1470.0], [88600.0, 4940.0], [88602.5, 10.0], [88607.5, 300.0], [88610.0, 1000.0], [88635.0, 560.0], [88637.5, 990.0], [88640.0, 1000.0], [88647.5, 4840.0], [88650.0, 16210.0], [88710.0, 4420.0], [88712.5, 14710.0], [88715.0, 110.0]]}}}
{"jsonrpc": "2.0", "method": "subscription", "params": {"channel": "book.BTC-6FEB26.none.20.100ms", "data": {"timestamp": 1769492046735, "change_id": 137041182449, "instrument_name": "BTC-6FEB26", "bids": [[88550.0, 310.0], [88547.5, 1800.0], [88545.0, 1080.0], [88542.5, 2000.0], [88485.0, 4670.0], [88482.5, 15650.0], [88465.0, 300.0], [88462.5, 990.0], [88397.5, 330.0], [88395.0, 640.0], [88392.5, 2150.0], [88387.5, 2570.0], [88385.0, 8620.0], [88362.5, 10290.0], [88360.0, 35990.0], [88357.5, 5050.0], [88342.5, 14930.0], [88340.0, 50000.0], [88310.0, 50000.0], [88277.5, 500.0]], "asks": [[88562.5, 300.0], [88565.0, 300.0], [88567.5, 1500.0], [88570.0, 300.0], [88572.5, 50.0], [88575.0, 300.0], [88577.5, 300.0], [88580.0, 1000.0], [88597.5, 1470.0], [88600.0, 4940.0], [88602.5, 10.0], [88607.5, 300.0], [88610.0, 1000.0], [88635.0, 560.0], [88637.5, 990.0], [88640.0, 1000.0], [88647.5, 4840.0], [88650.0, 16210.0], [88710.0, 4420.0], [88712.5, 14710.0]]}}}
{"jsonrpc": "2.0", "method": "subscription", "params": {"channel": "book.BTC-6FEB26.none.20.100ms", "data": {"timestamp": 1769492047773, "change_id": 137041183363, "instrument_name": "BTC-6FEB26", "bids": [[88552.5, 310.0], [88550.0, 300.0], [88547.5, 1800.0], [88545.0, 1080.0], [88542.5, 2000.0], [88485.0, 4670.0], [88482.5, 15650.0], [88465.0, 300.0], [88462.5, 990.0], [88400.0, 330.0], [88395.0, 640.0], [88392.5, 2150.0], [88387.5, 2570.0], [88385.0, 8620.0], [88362.5, 10290.0], [88360.0, 41040.0], [88342.5, 14930.0], [88340.0, 50000.0], [88310.0, 50000.0], [88277.5, 500.0]], "asks": [[88565.0, 300.0], [88567.5, 1500.0], [88570.0, 300.0], [88572.5, 50.0], [88575.0, 300.0], [88577.5, 600.0], [88580.0, 1000.0], [88597.5, 1470.0], [88600.0, 4940.0], [88602.5, 10.0], [88607.5, 300.0], [88610.0, 1000.0], [88635.0, 560.0], [88637.5, 990.0], [88640.0, 1000.0], [88647.5, 4840.0], [88650.0, 16210.0], [88710.0, 4420.0], [88712.5, 14710.0], [88715.0, 110.0]]}}}
{"jsonrpc": "2.0", "method": "subscription", "params": {"channel": "book.BTC-6FEB26.none.20.100ms", "data": {"timestamp": 1769492048243, "change_id": 137041183638, "instrument_name": "BTC-6FEB26", "bids": [[88552.5, 310.0], [88550.0, 300.0], [88547.5, 1800.0], [88545.0, 2300.0], [88485.0, 4670.0], [88482.5, 15650.0], [88465.0, 300.0], [88462.5, 990.0], [88400.0, 330.0], [88395.0, 640.0], [88392.5, 2150.0], [88387.5, 2570.0], [88385.0, 8620.0], [88362.5, 10290.0], [88360.0, 41040.0], [88342.5, 14930.0], [88340.0, 50000.0], [88310.0, 50000.0], [88277.5, 500.0], [88245.0, 15080.0]], "asks": [[88565.0, 300.0], [88567.5, 1500.0], [88570.0, 300.0], [88572.5, 50.0], [88575.0, 300.0], [88577.5, 600.0], [88580.0, 1000.0], [88597.5, 1470.0], [88600.0, 4940.0], [88602.5, 10.0], [88607.5, 300.0], [88610.0, 1000.0], [88635.0, 560.0], [88637.5, 990.0], [88640.0, 1000.0], [88647.5, 4840.0], [88650.0, 16210.0], [88710.0, 4420.0], [88712.5, 14710.0], [88715.0, 110.0]]}}}
{"jsonrpc": "2.0", "method": "subscription", "params": {"channel": "book.BTC-6FEB26.none.20.100ms", "data": {"timestamp": 1769492048713, "change_id": 137041184250, "instrument_name": "BTC-6FEB26", "bids": [[88552.5, 310.0], [88550.0, 300.0], [88547.5, 1800.0], [88545.0, 2000.0], [88485.0, 4670.0], [88482.5, 15650.0], [88465.0, 300.0], [88462.5, 990.0], [88400.0, 330.0], [88395.0, 640.0], [88392.5, 2150.0], [88387.5, 2570.0], [88385.0, 8620.0], [88362.5, 10290.0], [88360.0, 41040.0], [88342.5, 14930.0], [88340.0, 50000.0], [88310.0, 50000.0], [88277.5, 500.0], [88245.0, 15080.0]], "asks": [[88565.0, 300.0], [88567.5, 1500.0], [88570.0, 300.0], [88572.5, 50.0], [88575.0, 300.0], [88577.5, 600.0], [88580.0, 1000.0], [88597.5, 1470.0], [88600.0, 4940.0], [88602.5, 10.0], [88607.5, 300.0], [88610.0, 1000.0], [88635.0, 560.0], [88637.5, 990.0], [88640.0, 1000.0], [88647.5, 4840.0], [88650.0, 16210.0], [88710.0, 4420.0], [88712.5, 14710.0], [88715.0, 110.0]]}}}
{"jsonrpc": "2.0", "method": "subscription", "params": {"channel": "book.BTC-6FEB26.none.20.100ms", "data": {"timestamp": 1769492049551, "change_id": 137041184938, "instrument_name": "BTC-6FEB26", "bids": [[88552.5, 10.0], [88550.0, 300.0], [88547.5, 1800.0], [88545.0, 2000.0], [88485.0, 4670.0], [88482.5, 15650.0], [88465.0, 300.0], [88462.5, 990.0], [88400.0, 330.0], [88395.0, 640.0], [88392.5, 2150.0], [88387.5, 2570.0], [88385.0, 8620.0], [88362.5, 10290.0], [88360.0, 41040.0], [88342.5, 14930.0], [88340.0, 50000.0], [88310.0, 50000.0], [88277.5, 500.0], [88245.0, 15080.0]], "asks": [[88565.0, 300.0], [88567.5, 1500.0], [88570.0, 300.0], [88572.5, 50.0], [88575.0, 300.0], [88577.5, 600.0], [88580.0, 1000.0], [88597.5, 1470.0], [88600.0, 4940.0], [88602.5, 10.0], [88607.5, 300.0], [88610.0, 1000.0], [88635.0, 560.0], [88637.5, 990.0], [88640.0, 1000.0], [88647.5, 4840.0], [88650.0, 16210.0], [88710.0, 4420.0], [88712.5, 14710.0], [88715.0, 110.0]]}}}
{"jsonrpc": "2.0", "method": "subscription", "params": {"channel": "book.BTC-6FEB26.none.20.100ms", "data": {"timestamp": 1769492049751, "change_id": 137041185057, "instrument_name": "BTC-6FEB26", "bids": [[88552.5, 310.0], [88550.0, 300.0], [88547.5, 1800.0], [88545.0, 2000.0], [88485.0, 4670.0], [88482.5, 15650.0], [88465.0, 300.0], [88462.5, 990.0], [88400.0, 330.0], [88395.0, 640.0], [88392.5, 2150.0], [88387.5, 2570.0], [88385.0, 8620.0], [88362.5, 10290.0], [88360.0, 41040.0], [88342.5, 14930.0], [88340.0, 50000.0], [88310.0, 50000.0], [88277.5, 500.0], [88245.0, 15080.0]], "asks": [[88565.0, 300.0], [88567.5, 1500.0], [88570.0, 300.0], [88572.5, 50.0], [88575.0, 300.0], [88577.5, 600.0], [88580.0, 1000.0], [88597.5, 1470.0], [88600.0, 4940.0], [88602.5, 10.0], [88607.5, 300.0], [88610.0, 1000.0], [88635.0, 560.0], [88637.5, 990.0], [88640.0, 1000.0], [88647.5, 4840.0], [88650.0, 16210.0], [88710.0, 4420.0], [88712.5, 14710.0], [88715.0, 110.0]]}}}
{"jsonrpc": "2.0", "method": "subscription", "params": {"channel": "book.BTC-6FEB26.none.20.100ms", "data": {"timestamp": 1769492050480, "change_id": 137041185800, "instrument_name": "BTC-6FEB26", "bids": [[88552.5, 310.0], [88550.0, 300.0], [88547.5, 300.0], [88545.0, 2000.0], [88542.5, 450.0], [88540.0, 1500.0], [88485.0, 4670.0], [88482.5, 15650.0], [88465.0, 300.0], [88462.5, 990.0], [88400.0, 330.0], [88395.0, 640.0], [88392.5, 2150.0], [88387.5, 2570.0], [88385.0, 8620.0], [88362.5, 10290.0], [88360.0, 41040.0], [88342.5, 14930.0], [88340.0, 50000.0], [88310.0, 50000.0]], "asks": [[88565.0, 300.0], [88567.5, 1500.0], [88570.0, 300.0], [88572.5, 50.0], [88575.0, 300.0], [88577.5, 600.0], [88580.0, 1000.0], [88597.5, 1470.0], [88600.0, 4940.0], [88602.5, 10.0], [88607.5, 300.0], [88610.0, 1000.0], [88635.0, 560.0], [88637.5, 990.0], [88640.0, 1000.0], [88647.5, 4840.0], [88650.0, 16210.0], [88710.0, 4420.0], [88712.5, 14710.0], [88715.0, 110.0]]}}}
{"jsonrpc": "2.0", "method": "subscription", "params": {"channel": "book.BTC-6FEB26.none.20.100ms", "data": {"timestamp": 1769492050691, "change_id": 137041186003, "instrument_name": "BTC-6FEB26", "bids": [[88552.5, 310.0], [88547.5, 300.0], [88545.0, 2300.0], [88542.5, 450.0], [88540.0, 1500.0], [88485.0, 4670.0], [88482.5, 15650.0], [88465.0, 300.0], [88462.5, 990.0], [88400.0, 330.0], [88395.0, 640.0], [88392.5, 2150.0], [88387.5, 2570.0], [88385.0, 8620.0], [88362.5, 10290.0], [88360.0, 41040.0], [88342.5, 14930.0], [88340.0, 50000.0], [88310.0, 50000.0], [88277.5, 500.0]], "asks": [[88565.0, 300.0], [88567.5, 1500.0], [88570.0, 300.0], [88572.5, 50.0], [88575.0, 300.0], [88577.5, 600.0], [88580.0, 1000.0], [88597.5, 1470.0], [88600.0, 4940.0], [88602.5, 10.0], [88607.5, 300.0], [88610.0, 1000.0], [88635.0, 560.0], [88637.5, 990.0], [88640.0, 1000.0], [88647.5, 4840.0], [88650.0, 16210.0], [88710.0, 4420.0], [88712.5, 14710.0], [88715.0, 110.0]]}}}
{"jsonrpc": "2.0", "method": "subscription", "params": {"channel": "book.BTC-6FEB26.none.20.100ms", "data": {"timestamp": 1769492051140, "change_id": 137041186252, "instrument_name": "BTC-6FEB26", "bids": [[88552.5, 310.0], [88547.5, 300.0], [88545.0, 3800.0], [88485.0, 4670.0], [88482.5, 15650.0], [88465.0, 300.0], [88462.5, 990.0], [88400.0, 330.0], [88395.0, 640.0], [88392.5, 2150.0], [88387.5, 2570.0], [88385.0, 8620.0], [88362.5, 10290.0], [88360.0, 41040.0], [88342.5, 14930.0], [88340.0, 50000.0], [88310.0, 50000.0], [88277.5, 500.0], [88245.0, 15080.0], [88122.5, 137920.0]], "asks": [[88565.0, 300.0], [88567.5, 1500.0], [88570.0, 300.0], [88572.5, 50.0], [88575.0, 300.0], [88577.5, 600.0], [88580.0, 1000.0], [88597.5, 1470.0], [88600.0, 4940.0], [88602.5, 10.0], [88607.5, 300.0], [88610.0, 1000.0], [88635.0, 560.0], [88637.5, 990.0], [88640.0, 1000.0], [88647.5, 4840.0], [88650.0, 16210.0], [88710.0, 4420.0], [88712.5, 14710.0], [88715.0, 110.0]]}}}
{"jsonrpc": "2.0", "method": "subscription", "params": {"channel": "book.BTC-6FEB26.none.20.100ms", "data": {"timestamp": 1769492051482, "change_id": 137041186739, "instrument_name": "BTC-6FEB26", "bids": [[88555.0, 300.0], [88547.5, 310.0], [88545.0, 3800.0], [88485.0, 4670.0], [88482.5, 15650.0], [88465.0, 300.0], [88462.5, 990.0], [88400.0, 330.0], [88395.0, 640.0], [88392.5, 2150.0], [88387.5, 2570.0], [88385.0, 8620.0], [88362.5, 10290.0], [88360.0, 41040.0], [88342.5, 14930.0], [88340.0, 50000.0], [88310.0, 50000.0], [88277.5, 500.0], [88245.0, 15080.0], [88122.5, 137920.0]], "asks": [[88565.0, 300.0], [88567.5, 1500.0], [88570.0, 300.0], [88572.5, 50.0], [88575.0, 300.0], [88577.5, 600.0], [88580.0, 1000.0], [88597.5, 1470.0], [88600.0, 4940.0], [88602.5, 10.0], [88607.5, 300.0], [88610.0, 1000.0], [88635.0, 560.0], [88637.5, 990.0], [88640.0, 1000.0], [88647.5, 4840.0], [88650.0, 16210.0], [88710.0, 4420.0], [88712.5, 14710.0], [88715.0, 110.0]]}}}
{"jsonrpc": "2.0", "method": "subscription", "params": {"channel": "book.BTC-6FEB26.none.20.100ms", "data": {"timestamp": 1769492051679, "change_id": 137041186866, "instrument_name": "BTC-6FEB26", "bids": [[88555.0, 310.0], [88547.5, 300.0], [88545.0, 3500.0], [88485.0, 4670.0], [88482.5, 15650.0], [88465.0, 300.0], [88462.5, 990.0], [88400.0, 330.0], [88395.0, 640.0], [88392.5, 2150.0], [88387.5, 2570.0], [88385.0, 8620.0], [88362.5, 10290.0], [88360.0, 41040.0], [88342.5, 14930.0], [88340.0, 50000.0], [88310.0, 50000.0], [88277.5, 500.0], [88245.0, 15080.0], [88122.5, 137920.0]], "asks": [[88565.0, 300.0], [88567.5, 1500.0], [88570.0, 300.0], [88572.5, 50.0], [88575.0, 300.0], [88577.5, 600.0], [88580.0, 1000.0], [88597.5, 1470.0], [88600.0, 4940.0], [88602.5, 10.0], [88607.5, 300.0], [88610.0, 1000.0], [88635.0, 560.0], [88637.5, 990.0], [88640.0, 1000.0], [88647.5, 4840.0], [88650.0, 16210.0], [88710.0, 4420.0], [88712.5, 14710.0], [88715.0, 110.0]]}}}
{"jsonrpc": "2.0", "method": "subscription", "params": {"channel": "book.BTC-6FEB26.none.20.100ms", "data": {"timestamp": 1769492052781, "change_id": 137041187796, "instrument_name": "BTC-6FEB26", "bids": [[88550.0, 310.0], [88547.5, 1340.0], [88545.0, 3500.0], [88485.0, 4670.0], [88482.5, 15650.0], [88465.0, 300.0], [88462.5, 990.0], [88400.0, 330.0], [88395.0, 640.0], [88392.5, 2150.0], [88387.5, 2570.0], [88385.0, 8620.0], [88362.5, 10290.0], [88360.0, 41040.0], [88342.5, 14930.0], [88340.0, 50000.0], [88310.0, 50000.0], [88277.5, 500.0], [88245.0, 15080.0], [88122.5, 137920.0]], "asks": [[88565.0, 300.0], [88567.5, 1500.0], [88570.0, 300.0], [88572.5, 50.0], [88575.0, 300.0], [88577.5, 600.0], [88580.0, 1000.0], [88597.5, 1470.0], [88600.0, 4940.0], [88602.5, 10.0], [88607.5, 300.0], [88610.0, 1000.0], [88635.0, 560.0], [88637.5, 990.0], [88640.0, 1000.0], [88647.5, 4840.0], [88650.0, 16210.0], [88710.0, 4420.0], [88712.5, 14710.0], [88715.0, 110.0]]}}}
{"jsonrpc": "2.0", "method": "subscription", "params": {"channel": "book.BTC-6FEB26.none.20.100ms", "data": {"timestamp": 1769492053062, "change_id": 137041187921, "instrument_name": "BTC-6FEB26", "bids": [[88550.0, 310.0], [88547.5, 300.0], [88545.0, 3500.0], [88485.0, 4670.0], [88482.5, 15650.0], [88465.0, 300.0], [88462.5, 990.0], [88400.0, 330.0], [88395.0, 640.0], [88392.5, 2150.0], [88387.5, 2570.0], [88385.0, 8620.0], [88362.5, 10290.0], [88360.0, 41040.0], [88342.5, 14930.0], [88340.0, 50000.0], [88310.0, 50000.0], [88277.5, 500.0], [88245.0, 15080.0], [88122.5, 137920.0]], "asks": [[88565.0, 300.0], [88567.5, 1500.0], [88570.0, 300.0], [88572.5, 50.0], [88575.0, 300.0], [88577.5, 600.0], [88580.0, 1000.0], [88597.5, 1470.0], [88600.0, 4940.0], [88602.5, 10.0], [88607.5, 300.0], [88610.0, 1000.0], [88635.0, 560.0], [88637.5, 990.0], [88640.0, 1000.0], [88647.5, 4840.0], [88650.0, 16210.0], [88710.0, 4420.0], [88712.5, 14710.0], [88715.0, 110.0]]}}}
{"jsonrpc": "2.0", "method": "subscription", "params": {"channel": "book.BTC-6FEB26.none.20.100ms", "data": {"timestamp": 1769492053777, "change_id": 137041188610, "instrument_name": "BTC-6FEB26", "bids": [[88550.0, 310.0], [88547.5, 1340.0], [88545.0, 3500.0], [88485.0, 4670.0], [88482.5, 15650.0], [88465.0, 300.0], [88462.5, 990.0], [88397.5, 330.0], [88395.0, 640.0], [88392.5, 2150.0], [88387.5, 2570.0], [88385.0, 8620.0], [88362.5, 10290.0], [88360.0, 35990.0], [88345.0, 5050.0], [88342.5, 14930.0], [88340.0, 50000.0], [88310.0, 50000.0], [88277.5, 500.0], [88245.0, 15080.0]], "asks": [[88565.0, 300.0], [88567.5, 1500.0], [88570.0, 300.0], [88572.5, 50.0], [88575.0, 300.0], [88577.5, 600.0], [88580.0, 1000.0], [88597.5, 1470.0], [88600.0, 4940.0], [88602.5, 10.0], [88607.5, 300.0], [88610.0, 1000.0], [88635.0, 560.0], [88637.5, 990.0], [88640.0, 1000.0], [88647.5, 4840.0], [88650.0, 16210.0], [88710.0, 4420.0], [88712.5, 14710.0], [88715.0, 110.0]]}}}
{"jsonrpc": "2.0", "method": "subscription", "params": {"channel": "book.BTC-6FEB26.none.20.100ms", "data": {"timestamp": 1769492055890, "change_id": 137041190253, "instrument_name": "BTC-6FEB26", "bids": [[88550.0, 310.0], [88547.5, 1340.0], [88545.0, 3500.0], [88465.0, 300.0], [88462.5, 990.0], [88457.5, 4870.0], [88455.0, 16300.0], [88397.5, 330.0], [88395.0, 640.0], [88392.5, 2150.0], [88387.5, 2570.0], [88385.0, 8620.0], [88362.5, 10290.0], [88360.0, 35990.0], [88345.0, 5050.0], [88342.5, 14930.0], [88340.0, 50000.0], [88310.0, 50000.0], [88277.5, 500.0], [88245.0, 15080.0]], "asks": [[88565.0, 300.0], [88567.5, 1500.0], [88570.0, 300.0], [88572.5, 50.0], [88575.0, 300.0], [88577.5, 600.0], [88580.0, 1000.0], [88597.5, 1470.0], [88600.0, 4940.0], [88602.5, 10.0], [88607.5, 300.0], [88610.0, 1000.0], [88635.0, 560.0], [88637.5, 990.0], [88640.0, 1000.0], [88647.5, 4840.0], [88650.0, 16210.0], [88710.0, 4420.0], [88712.5, 14710.0], [88715.0, 110.0]]}}}
{"jsonrpc": "2.0", "method": "subscription", "params": {"channel": "book.BTC-6FEB26.none.20.100ms", "data": {"timestamp": 1769492062176, "change_id": 137041195116, "instrument_name": "BTC-6FEB26", "bids": [[88550.0, 2310.0], [88547.5, 750.0], [88545.0, 1500.0], [88465.0, 300.0], [88462.5, 990.0], [88457.5, 4870.0], [88455.0, 16300.0], [88397.5, 330.0], [88395.0, 640.0], [88392.5, 2150.0], [88387.5, 2570.0], [88385.0, 8620.0], [88362.5, 10290.0], [88360.0, 35990.0], [88345.0, 5050.0], [88342.5, 14930.0], [88340.0, 50000.0], [88310.0, 50000.0], [88277.5, 500.0], [88245.0, 15080.0]], "asks": [[88565.0, 300.0], [88567.5, 1500.0], [88570.0, 300.0], [88572.5, 50.0], [88575.0, 300.0], [88577.5, 600.0], [88580.0, 1000.0], [88597.5, 1470.0], [88600.0, 4940.0], [88602.5, 10.0], [88607.5, 300.0], [88610.0, 1000.0], [88635.0, 560.0], [88637.5, 990.0], [88640.0, 1000.0], [88647.5, 4840.0], [88650.0, 16210.0], [88710.0, 4420.0], [88712.5, 14710.0], [88715.0, 110.0]]}}}
{"jsonrpc": "2.0", "method": "subscription", "params": {"channel": "book.BTC-6FEB26.none.20.100ms", "data": {"timestamp": 1769492062565, "change_id": 137041195597, "instrument_name": "BTC-6FEB26", "bids": [[88552.5, 310.0], [88550.0, 2300.0], [88547.5, 750.0], [88545.0, 1500.0], [88465.0, 300.0], [88462.5, 990.0], [88457.5, 4870.0], [88455.0, 16300.0], [88397.5, 330.0], [88395.0, 640.0], [88392.5, 2150.0], [88387.5, 2570.0], [88385.0, 8620.0], [88362.5, 10290.0], [88360.0, 35990.0], [88345.0, 5050.0], [88342.5, 14930.0], [88340.0, 50000.0], [88310.0, 50000.0], [88277.5, 500.0]], "asks": [[88565.0, 300.0], [88567.5, 1500.0], [88570.0, 300.0], [88572.5, 50.0], [88575.0, 300.0], [88577.5, 600.0], [88580.0, 1000.0], [88597.5, 1470.0], [88600.0, 4940.0], [88602.5, 10.0], [88607.5, 300.0], [88610.0, 1000.0], [88635.0, 560.0], [88637.5, 990.0], [88640.0, 1000.0], [88647.5, 4840.0], [88650.0, 16210.0], [88710.0, 4420.0], [88712.5, 14710.0], [88715.0, 110.0]]}}}
{"jsonrpc": "2.0", "method": "subscription", "params": {"channel": "book.BTC-6FEB26.none.20.100ms", "data": {"timestamp": 1769492062778, "change_id": 137041195758, "instrument_name": "BTC-6FEB26", "bids": [[88552.5, 310.0], [88550.0, 2300.0], [88547.5, 750.0], [88545.0, 1500.0], [88465.0, 300.0], [88462.5, 990.0], [88457.5, 4870.0], [88455.0, 16300.0], [88397.5, 330.0], [88395.0, 640.0], [88392.5, 2150.0], [88387.5, 2570.0], [88385.0, 8620.0], [88362.5, 10290.0], [88360.0, 41040.0], [88342.5, 14930.0], [88340.0, 50000.0], [88310.0, 50000.0], [88277.5, 500.0], [88245.0, 15080.0]], "asks": [[88565.0, 300.0], [88567.5, 1500.0], [88570.0, 300.0], [88572.5, 50.0], [88575.0, 300.0], [88577.5, 600.0], [88580.0, 1000.0], [88597.5, 1470.0], [88600.0, 4940.0], [88602.5, 10.0], [88607.5, 300.0], [88610.0, 1000.0], [88635.0, 560.0], [88637.5, 990.0], [88640.0, 1000.0], [88647.5, 4840.0], [88650.0, 16210.0], [88710.0, 4420.0], [88712.5, 14710.0], [88715.0, 110.0]]}}}
{"jsonrpc": "2.0", "method": "subscription", "params": {"channel": "book.BTC-6FEB26.none.20.100ms", "data": {"timestamp": 1769492063312, "change_id": 137041196033, "instrument_name": "BTC-6FEB26", "bids": [[88552.5, 310.0], [88550.0, 2300.0], [88547.5, 750.0], [88545.0, 1500.0], [88467.5, 640.0], [88465.0, 2450.0], [88462.5, 990.0], [88457.5, 4870.0], [88455.0, 16300.0], [88397.5, 330.0], [88387.5, 2570.0], [88385.0, 8620.0], [88362.5, 10290.0], [88360.0, 41040.0], [88342.5, 14930.0], [88340.0, 50000.0], [88310.0, 50000.0], [88277.5, 500.0], [88245.0, 15080.0], [88122.5, 137920.0]], "asks": [[88565.0, 300.0], [88567.5, 1500.0], [88570.0, 300.0], [88572.5, 50.0], [88575.0, 300.0], [88577.5, 600.0], [88580.0, 1000.0], [88597.5, 1470.0], [88600.0, 4940.0], [88602.5, 10.0], [88607.5, 300.0], [88610.0, 1000.0], [88635.0, 560.0], [88637.5, 990.0], [88640.0, 1000.0], [88647.5, 4840.0], [88650.0, 16210.0], [88710.0, 4420.0], [88712.5, 14710.0], [88715.0, 110.0]]}}}
{"jsonrpc": "2.0", "method": "subscription", "params": {"channel": "book.BTC-6FEB26.none.20.100ms", "data": {"timestamp": 1769492063438, "change_id": 137041196134, "instrument_name": "BTC-6FEB26", "bids": [[88552.5, 310.0], [88550.0, 2300.0], [88547.5, 750.0], [88545.0, 1500.0], [88467.5, 640.0], [88465.0, 2450.0], [88462.5, 990.0], [88457.5, 4870.0], [88455.0, 16300.0], [88397.5, 330.0], [88387.5, 2570.0], [88385.0, 8620.0], [88367.5, 10290.0], [88365.0, 34480.0], [88360.0, 5050.0], [88342.5, 14930.0], [88340.0, 50000.0], [88310.0, 50000.0], [88277.5, 500.0], [88245.0, 15080.0]], "asks": [[88565.0, 300.0], [88567.5, 1500.0], [88570.0, 300.0], [88572.5, 50.0], [88575.0, 300.0], [88577.5, 600.0], [88580.0, 1000.0], [88597.5, 1470.0], [88600.0, 4940.0], [88602.5, 10.0], [88607.5, 300.0], [88610.0, 1000.0], [88635.0, 560.0], [88637.5, 990.0], [88640.0, 1000.0], [88647.5, 4840.0], [88650.0, 16210.0], [88710.0, 4420.0], [88712.5, 14710.0], [88715.0, 110.0]]}}}
{"jsonrpc": "2.0", "method": "subscription", "params": {"channel": "book.BTC-6FEB26.none.20.100ms", "data": {"timestamp": 1769492065779, "change_id": 137041198279, "instrument_name": "BTC-6FEB26", "bids": [[88552.5, 310.0], [88550.0, 2300.0], [88547.5, 750.0], [88545.0, 1500.0], [88467.5, 640.0], [88465.0, 2450.0], [88462.5, 990.0], [88457.5, 4870.0], [88455.0, 16300.0], [88400.0, 330.0], [88387.5, 2570.0], [88385.0, 8620.0], [88367.5, 10290.0], [88365.0, 34480.0], [88360.0, 5050.0], [88342.5, 14930.0], [88340.0, 50000.0], [88310.0, 50000.0], [88277.5, 500.0], [88245.0, 15080.0]], "asks": [[88565.0, 300.0], [88567.5, 1500.0], [88570.0, 300.0], [88572.5, 50.0], [88575.0, 300.0], [88577.5, 600.0], [88580.0, 1000.0], [88597.5, 1470.0], [88600.0, 4940.0], [88602.5, 10.0], [88607.5, 300.0], [88610.0, 1000.0], [88635.0, 560.0], [88637.5, 990.0], [88640.0, 1000.0], [88647.5, 4840.0], [88650.0, 16210.0], [88710.0, 4420.0], [88712.5, 14710.0], [88715.0, 110.0]]}}}
{"jsonrpc": "2.0", "method": "subscription", "params": {"channel": "book.BTC-6FEB26.none.20.100ms", "data": {"timestamp": 1769492066940, "change_id": 137041199091, "instrument_name": "BTC-6FEB26", "bids": [[88552.5, 310.0], [88550.0, 2300.0], [88547.5, 750.0], [88545.0, 1500.0], [88467.5, 640.0], [88465.0, 2450.0], [88462.5, 990.0], [88457.5, 4870.0], [88455.0, 16300.0], [88400.0, 330.0], [88387.5, 2570.0], [88385.0, 8620.0], [88367.5, 10290.0], [88365.0, 34480.0], [88360.0, 5050.0], [88342.5, 14930.0], [88340.0, 50000.0], [88310.0, 50000.0], [88277.5, 500.0], [88245.0, 15080.0]], "asks": [[88565.0, 300.0], [88567.5, 1500.0], [88570.0, 300.0], [88572.5, 50.0], [88575.0, 300.0], [88577.5, 600.0], [88580.0, 1000.0], [88597.5, 1470.0], [88600.0, 4940.0], [88602.5, 10.0], [88607.5, 300.0], [88610.0, 1000.0], [88635.0, 560.0], [88637.5, 990.0], [88640.0, 1000.0], [88647.5, 4840.0], [88650.0, 16210.0], [88710.0, 4420.0], [88712.5, 14710.0], [88715.0, 110.0]]}}}
{"jsonrpc": "2.0", "method": "subscription", "params": {"channel": "book.BTC-6FEB26.none.20.100ms", "data": {"timestamp": 1769492068781, "change_id": 137041200705, "instrument_name": "BTC-6FEB26", "bids": [[88552.5, 310.0], [88550.0, 2300.0], [88547.5, 750.0], [88545.0, 1500.0], [88467.5, 640.0], [88465.0, 2450.0], [88462.5, 990.0], [88457.5, 4870.0], [88455.0, 16300.0], [88397.5, 330.0], [88387.5, 2570.0], [88385.0, 8620.0], [88367.5, 10290.0], [88365.0, 34480.0], [88360.0, 5050.0], [88342.5, 14930.0], [88340.0, 50000.0], [88310.0, 50000.0], [88277.5, 500.0], [88245.0, 15080.0]], "asks": [[88565.0, 300.0], [88567.5, 1500.0], [88570.0, 300.0], [88572.5, 50.0], [88575.0, 300.0], [88577.5, 600.0], [88580.0, 1000.0], [88597.5, 1470.0], [88600.0, 4940.0], [88602.5, 10.0], [88607.5, 300.0], [88610.0, 1000.0], [88635.0, 560.0], [88637.5, 990.0], [88640.0, 1000.0], [88647.5, 4840.0], [88650.0, 16210.0], [88710.0, 4420.0], [88712.5, 14710.0], [88715.0, 110.0]]}}}
{"jsonrpc": "2.0", "method": "subscription", "params": {"channel": "book.BTC-6FEB26.none.20.100ms", "data": {"timestamp": 1769492069757, "change_id": 137041201482, "instrument_name": "BTC-6FEB26", "bids": [[88552.5, 310.0], [88550.0, 2300.0], [88547.5, 300.0], [88545.0, 1500.0], [88467.5, 640.0], [88465.0, 2450.0], [88462.5, 990.0], [88457.5, 4870.0], [88455.0, 16300.0], [88397.5, 330.0], [88387.5, 2570.0], [88385.0, 8620.0], [88367.5, 10290.0], [88365.0, 34480.0], [88360.0, 5050.0], [88342.5, 14930.0], [88340.0, 50000.0], [88310.0, 50000.0], [88277.5, 500.0], [88245.0, 15080.0]], "asks": [[88565.0, 300.0], [88567.5, 1500.0], [88570.0, 300.0], [88572.5, 50.0], [88575.0, 300.0], [88577.5, 600.0], [88580.0, 1000.0], [88597.5, 1470.0], [88600.0, 4940.0], [88602.5, 10.0], [88607.5, 300.0], [88610.0, 1000.0], [88635.0, 560.0], [88637.5, 990.0], [88640.0, 1000.0], [88647.5, 4840.0], [88650.0, 16210.0], [88710.0, 4420.0], [88712.5, 14710.0], [88715.0, 110.0]]}}}
{"jsonrpc": "2.0", "method": "subscription", "params": {"channel": "book.BTC-6FEB26.none.20.100ms", "data": {"timestamp": 1769492070470, "change_id": 137041202038, "instrument_name": "BTC-6FEB26", "bids": [[88552.5, 310.0], [88550.0, 2000.0], [88547.5, 750.0], [88545.0, 1500.0], [88467.5, 640.0], [88465.0, 2450.0], [88462.5, 990.0], [88457.5, 4870.0], [88455.0, 16300.0], [88397.5, 330.0], [88387.5, 2570.0], [88385.0, 8620.0], [88367.5, 10290.0], [88365.0, 34480.0], [88360.0, 5050.0], [88342.5, 14930.0], [88340.0, 50000.0], [88310.0, 50000.0], [88277.5, 500.0], [88245.0, 15080.0]], "asks": [[88565.0, 300.0], [88567.5, 1500.0], [88570.0, 300.0], [88572.5, 50.0], [88575.0, 300.0], [88577.5, 600.0], [88580.0, 1000.0], [88597.5, 1470.0], [88600.0, 4940.0], [88602.5, 10.0], [88607.5, 300.0], [88610.0, 1000.0], [88635.0, 560.0], [88637.5, 990.0], [88640.0, 1000.0], [88647.5, 4840.0], [88650.0, 16210.0], [88710.0, 4420.0], [88712.5, 14710.0], [88715.0, 110.0]]}}}
{"jsonrpc": "2.0", "method": "subscription", "params": {"channel": "book.BTC-6FEB26.none.20.100ms", "data": {"timestamp": 1769492070777, "change_id": 137041202346, "instrument_name": "BTC-6FEB26", "bids": [[88552.5, 310.0], [88550.0, 2000.0], [88547.5, 300.0], [88545.0, 1500.0], [88467.5, 640.0], [88465.0, 2450.0], [88462.5, 990.0], [88457.5, 4870.0], [88455.0, 16300.0], [88397.5, 330.0], [88387.5, 2570.0], [88385.0, 8620.0], [88367.5, 10290.0], [88365.0, 34480.0], [88360.0, 5050.0], [88342.5, 14930.0], [88340.0, 50000.0], [88310.0, 50000.0], [88277.5, 500.0], [88245.0, 15080.0]], "asks": [[88565.0, 300.0], [88567.5, 1500.0], [88570.0, 300.0], [88572.5, 50.0], [88575.0, 300.0], [88577.5, 600.0], [88580.0, 1000.0], [88597.5, 1470.0], [88600.0, 4940.0], [88602.5, 10.0], [88607.5, 300.0], [88610.0, 1000.0], [88635.0, 560.0], [88637.5, 990.0], [88640.0, 1000.0], [88647.5, 4840.0], [88650.0, 16210.0], [88710.0, 4420.0], [88712.5, 14710.0], [88715.0, 110.0]]}}}
{"jsonrpc": "2.0", "method": "subscription", "params": {"channel": "book.BTC-6FEB26.none.20.100ms", "data": {"timestamp": 1769492071783, "change_id": 137041203152, "instrument_name": "BTC-6FEB26", "bids": [[88552.5, 310.0], [88550.0, 2000.0], [88547.5, 300.0], [88545.0, 1500.0], [88467.5, 640.0], [88465.0, 2450.0], [88462.5, 990.0], [88457.5, 4870.0], [88455.0, 16300.0], [88400.0, 330.0], [88387.5, 2570.0], [88385.0, 8620.0], [88367.5, 10290.0], [88365.0, 34480.0], [88360.0, 5050.0], [88342.5, 14930.0], [88340.0, 50000.0], [88310.0, 50000.0], [88277.5, 500.0], [88245.0, 15080.0]], "asks": [[88565.0, 300.0], [88567.5, 1500.0], [88570.0, 300.0], [88572.5, 50.0], [88575.0, 300.0], [88577.5, 600.0], [88580.0, 1000.0], [88597.5, 1470.0], [88600.0, 4940.0], [88602.5, 10.0], [88607.5, 300.0], [88610.0, 1000.0], [88635.0, 560.0], [88637.5, 990.0], [88640.0, 1000.0], [88647.5, 4840.0], [88650.0, 16210.0], [88710.0, 4420.0], [88712.5, 14710.0], [88715.0, 110.0]]}}}
{"jsonrpc": "2.0", "method": "subscription", "params": {"channel": "book.BTC-6FEB26.none.20.100ms", "data": {"timestamp": 1769492074785, "change_id": 137041205508, "instrument_name": "BTC-6FEB26", "bids": [[88552.5, 310.0], [88550.0, 2000.0], [88547.5, 750.0], [88545.0, 1500.0], [88467.5, 640.0], [88465.0, 2450.0], [88462.5, 990.0], [88457.5, 4870.0], [88455.0, 16300.0], [88397.5, 330.0], [88387.5, 2570.0], [88385.0, 8620.0], [88367.5, 10290.0], [88365.0, 34480.0], [88360.0, 5050.0], [88342.5, 14930.0], [88340.0, 50000.0], [88310.0, 50000.0], [88277.5, 500.0], [88245.0, 15080.0]], "asks": [[88565.0, 300.0], [88567.5, 1500.0], [88570.0, 300.0], [88572.5, 50.0], [88575.0, 300.0], [88577.5, 600.0], [88580.0, 1000.0], [88597.5, 1470.0], [88600.0, 4940.0], [88602.5, 10.0], [88607.5, 300.0], [88610.0, 1000.0], [88635.0, 560.0], [88637.5, 990.0], [88640.0, 1000.0], [88647.5, 4840.0], [88650.0, 16210.0], [88710.0, 4420.0], [88712.5, 14710.0], [88715.0, 110.0]]}}}
{"jsonrpc": "2.0", "method": "subscription", "params": {"channel": "book.BTC-6FEB26.none.20.100ms", "data": {"timestamp": 1769492076991, "change_id": 137041207303, "instrument_name": "BTC-6FEB26", "bids": [[88555.0, 2000.0], [88552.5, 300.0], [88550.0, 10.0], [88547.5, 750.0], [88545.0, 1500.0], [88502.5, 4820.0], [88500.0, 16140.0], [88467.5, 640.0], [88465.0, 2450.0], [88462.5, 990.0], [88397.5, 330.0], [88387.5, 2570.0], [88385.0, 8620.0], [88367.5, 10290.0], [88365.0, 34480.0], [88360.0, 5050.0], [88342.5, 14930.0], [88340.0, 50000.0], [88310.0, 50000.0], [88277.5, 500.0]], "asks": [[88575.0, 300.0], [88577.5, 600.0], [88580.0, 1000.0], [88587.5, 50.0], [88597.5, 1470.0], [88600.0, 4940.0], [88602.5, 10.0], [88607.5, 300.0], [88610.0, 1000.0], [88635.0, 560.0], [88637.5, 990.0], [88640.0, 1000.0], [88647.5, 4840.0], [88650.0, 16210.0], [88710.0, 4420.0], [88712.5, 14710.0], [88715.0, 110.0], [88770.0, 45240.0], [88772.5, 29940.0], [88802.5, 500.0]]}}}
{"jsonrpc": "2.0", "method": "subscription", "params": {"channel": "book.BTC-6FEB26.none.20.100ms", "data": {"timestamp": 1769492077300, "change_id": 137041207659, "instrument_name": "BTC-6FEB26", "bids": [[88552.5, 300.0], [88550.0, 10.0], [88547.5, 750.0], [88545.0, 1500.0], [88502.5, 4820.0], [88500.0, 16140.0], [88467.5, 640.0], [88465.0, 2450.0], [88462.5, 990.0], [88397.5, 330.0], [88387.5, 2570.0], [88385.0, 8620.0], [88367.5, 10290.0], [88365.0, 34480.0], [88360.0, 5050.0], [88342.5, 14930.0], [88340.0, 50000.0], [88310.0, 50000.0], [88277.5, 500.0], [88245.0, 15080.0]], "asks": [[88572.5, 1800.0], [88575.0, 300.0], [88577.5, 600.0], [88580.0, 1000.0], [88587.5, 50.0], [88597.5, 1470.0], [88600.0, 4940.0], [88602.5, 10.0], [88607.5, 300.0], [88610.0, 1000.0], [88635.0, 560.0], [88637.5, 990.0], [88640.0, 1000.0], [88647.5, 4840.0], [88650.0, 16210.0], [88710.0, 4420.0], [88712.5, 14710.0], [88715.0, 110.0], [88770.0, 45240.0], [88772.5, 29940.0]]}}}
{"jsonrpc": "2.0", "method": "subscription", "params": {"channel": "book.BTC-6FEB26.none.20.100ms", "data": {"timestamp": 1769492077786, "change_id": 137041208249, "instrument_name": "BTC-6FEB26", "bids": [[88552.5, 300.0], [88550.0, 10.0], [88547.5, 750.0], [88545.0, 1500.0], [88502.5, 4820.0], [88500.0, 16140.0], [88467.5, 640.0], [88465.0, 2450.0], [88462.5, 990.0], [88400.0, 330.0], [88387.5, 2570.0], [88385.0, 8620.0], [88367.5, 10290.0], [88365.0, 34480.0], [88360.0, 5050.0], [88342.5, 14930.0], [88340.0, 50000.0], [88310.0, 50000.0], [88277.5, 500.0], [88245.0, 15080.0]], "asks": [[88572.5, 1800.0], [88575.0, 300.0], [88577.5, 600.0], [88580.0, 1000.0], [88587.5, 50.0], [88597.5, 1470.0], [88600.0, 4940.0], [88602.5, 10.0], [88607.5, 300.0], [88610.0, 1000.0], [88635.0, 560.0], [88637.5, 990.0], [88640.0, 1000.0], [88647.5, 4840.0], [88650.0, 16210.0], [88710.0, 4420.0], [88712.5, 14710.0], [88715.0, 110.0], [88770.0, 45240.0], [88772.5, 29940.0]]}}}
{"jsonrpc": "2.0", "method": "subscription", "params": {"channel": "book.BTC-6FEB26.none.20.100ms", "data": {"timestamp": 1769492078265, "change_id": 137041208501, "instrument_name": "BTC-6FEB26", "bids": [[88552.5, 300.0], [88550.0, 10.0], [88547.5, 750.0], [88545.0, 1500.0], [88502.5, 4820.0], [88500.0, 16140.0], [88467.5, 640.0], [88465.0, 2450.0], [88462.5, 990.0], [88400.0, 330.0], [88387.5, 2570.0], [88385.0, 8620.0], [88367.5, 10290.0], [88365.0, 34480.0], [88360.0, 5050.0], [88342.5, 14930.0], [88340.0, 50000.0], [88310.0, 50000.0], [88277.5, 500.0], [88245.0, 15080.0]], "asks": [[88567.5, 1800.0], [88572.5, 300.0], [88575.0, 300.0], [88577.5, 650.0], [88580.0, 1000.0], [88597.5, 1470.0], [88600.0, 4940.0], [88602.5, 10.0], [88607.5, 300.0], [88610.0, 1000.0], [88635.0, 560.0], [88637.5, 990.0], [88640.0, 1000.0], [88647.5, 4840.0], [88650.0, 16210.0], [88710.0, 4420.0], [88712.5, 14710.0], [88715.0, 110.0], [88770.0, 45240.0], [88772.5, 29940.0]]}}}
{"jsonrpc": "2.0", "method": "subscription", "params": {"channel": "book.BTC-6FEB26.none.20.100ms", "data": {"timestamp": 1769492078639, "change_id": 137041209112, "instrument_name": "BTC-6FEB26", "bids": [[88552.5, 300.0], [88550.0, 10.0], [88547.5, 750.0], [88545.0, 2000.0], [88502.5, 4820.0], [88500.0, 16140.0], [88467.5, 640.0], [88465.0, 2450.0], [88462.5, 990.0], [88400.0, 330.0], [88387.5, 2570.0], [88385.0, 8620.0], [88367.5, 10290.0], [88365.0, 34480.0], [88360.0, 5050.0], [88342.5, 14930.0], [88340.0, 50000.0], [88310.0, 50000.0], [88277.5, 500.0], [88245.0, 15080.0]], "asks": [[88567.5, 1800.0], [88575.0, 300.0], [88577.5, 650.0], [88580.0, 1000.0], [88597.5, 1470.0], [88600.0, 4940.0], [88602.5, 10.0], [88607.5, 300.0], [88610.0, 1000.0], [88635.0, 560.0], [88637.5, 990.0], [88640.0, 1000.0], [88647.5, 4840.0], [88650.0, 16210.0], [88710.0, 4420.0], [88712.5, 14710.0], [88715.0, 110.0], [88770.0, 45240.0], [88772.5, 29940.0], [88802.5, 500.0]]}}}
{"jsonrpc": "2.0", "method": "subscription", "params": {"channel": "book.BTC-6FEB26.none.20.100ms", "data": {"timestamp": 1769492078716, "change_id": 137041209209, "instrument_name": "BTC-6FEB26", "bids": [[88552.5, 300.0], [88550.0, 10.0], [88547.5, 750.0], [88545.0, 2450.0], [88542.5, 1500.0], [88502.5, 4820.0], [88500.0, 16140.0], [88467.5, 640.0], [88465.0, 2450.0], [88462.5, 990.0], [88400.0, 330.0], [88387.5, 2570.0], [88385.0, 8620.0], [88367.5, 10290.0], [88365.0, 34480.0], [88360.0, 5050.0], [88342.5, 14930.0], [88340.0, 50000.0], [88310.0, 50000.0], [88277.5, 500.0]], "asks": [[88567.5, 1800.0], [88575.0, 300.0], [88577.5, 650.0], [88580.0, 1000.0], [88597.5, 1470.0], [88600.0, 4940.0], [88602.5, 10.0], [88607.5, 300.0], [88610.0, 1000.0], [88635.0, 560.0], [88637.5, 990.0], [88640.0, 1000.0], [88647.5, 4840.0], [88650.0, 16210.0], [88710.0, 4420.0], [88712.5, 14710.0], [88715.0, 110.0], [88770.0, 45240.0], [88772.5, 29940.0], [88802.5, 500.0]]}}}
{"jsonrpc": "2.0", "method": "subscription", "params": {"channel": "book.BTC-6FEB26.none.20.100ms", "data": {"timestamp": 1769492079221, "change_id": 137041209515, "instrument_name": "BTC-6FEB26", "bids": [[88552.5, 300.0], [88550.0, 10.0], [88547.5, 300.0], [88545.0, 450.0], [88542.5, 1500.0], [88502.5, 4820.0], [88500.0, 16140.0], [88467.5, 640.0], [88465.0, 2450.0], [88462.5, 990.0], [88400.0, 330.0], [88387.5, 2570.0], [88385.0, 8620.0], [88367.5, 10290.0], [88365.0, 34480.0], [88360.0, 5050.0], [88342.5, 14930.0], [88340.0, 50000.0], [88310.0, 50000.0], [88277.5, 500.0]], "asks": [[88567.5, 1800.0], [88575.0, 300.0], [88577.5, 650.0], [88580.0, 1000.0], [88597.5, 1470.0], [88600.0, 4940.0], [88602.5, 10.0], [88607.5, 300.0], [88610.0, 1000.0], [88635.0, 560.0], [88637.5, 990.0], [88640.0, 1000.0], [88647.5, 4840.0], [88650.0, 16210.0], [88710.0, 4420.0], [88712.5, 14710.0], [88715.0, 110.0], [88770.0, 45240.0], [88772.5, 29940.0], [88802.5, 500.0]]}}}
{"jsonrpc": "2.0", "method": "subscription", "params": {"channel": "book.BTC-6FEB26.none.20.100ms", "data": {"timestamp": 1769492079367, "change_id": 137041209626, "instrument_name": "BTC-6FEB26", "bids": [[88552.5, 300.0], [88550.0, 10.0], [88547.5, 300.0], [88545.0, 450.0], [88542.5, 1500.0], [88502.5, 4820.0], [88500.0, 16140.0], [88467.5, 640.0], [88465.0, 2450.0], [88462.5, 990.0], [88400.0, 330.0], [88387.5, 2570.0], [88385.0, 8620.0], [88367.5, 10290.0], [88365.0, 34480.0], [88360.0, 5050.0], [88342.5, 14930.0], [88340.0, 50000.0], [88310.0, 50000.0], [88277.5, 500.0]], "asks": [[88567.5, 1500.0], [88575.0, 300.0], [88577.5, 650.0], [88580.0, 1000.0], [88597.5, 1470.0], [88600.0, 4940.0], [88602.5, 10.0], [88607.5, 300.0], [88610.0, 1000.0], [88635.0, 560.0], [88637.5, 990.0], [88640.0, 1000.0], [88647.5, 4840.0], [88650.0, 16210.0], [88710.0, 4420.0], [88712.5, 14710.0], [88715.0, 110.0], [88770.0, 45240.0], [88772.5, 29940.0], [88802.5, 500.0]]}}}
{"jsonrpc": "2.0", "method": "subscription", "params": {"channel": "book.BTC-6FEB26.none.20.100ms", "data": {"timestamp": 1769492080356, "change_id": 137041210445, "instrument_name": "BTC-6FEB26", "bids": [[88552.5, 300.0], [88550.0, 10.0], [88547.5, 300.0], [88545.0, 450.0], [88542.5, 1500.0], [88502.5, 4820.0], [88500.0, 16140.0], [88467.5, 640.0], [88465.0, 2450.0], [88462.5, 990.0], [88400.0, 330.0], [88387.5, 2570.0], [88385.0, 8620.0], [88367.5, 10290.0], [88365.0, 34480.0], [88360.0, 5050.0], [88342.5, 14930.0], [88340.0, 50000.0], [88310.0, 50000.0], [88277.5, 500.0]], "asks": [[88567.5, 1800.0], [88575.0, 300.0], [88577.5, 650.0], [88580.0, 1000.0], [88597.5, 1470.0], [88600.0, 4940.0], [88602.5, 10.0], [88607.5, 300.0], [88610.0, 1000.0], [88635.0, 560.0], [88637.5, 990.0], [88640.0, 1000.0], [88647.5, 4840.0], [88650.0, 16210.0], [88710.0, 4420.0], [88712.5, 14710.0], [88715.0, 110.0], [88770.0, 45240.0], [88772.5, 29940.0], [88802.5, 500.0]]}}}
{"jsonrpc": "2.0", "method": "subscription", "params": {"channel": "book.BTC-6FEB26.none.20.100ms", "data": {"timestamp": 1769492080845, "change_id": 137041211040, "instrument_name": "BTC-6FEB26", "bids": [[88552.5, 300.0], [88550.0, 2010.0], [88547.5, 300.0], [88545.0, 450.0], [88542.5, 1500.0], [88502.5, 4820.0], [88500.0, 16140.0], [88467.5, 640.0], [88465.0, 2450.0], [88462.5, 990.0], [88402.5, 330.0], [88387.5, 2570.0], [88385.0, 8620.0], [88367.5, 10290.0], [88365.0, 34480.0], [88360.0, 5050.0], [88342.5, 14930.0], [88340.0, 50000.0], [88310.0, 50000.0], [88277.5, 500.0]], "asks": [[88567.5, 1800.0], [88575.0, 300.0], [88577.5, 650.0], [88580.0, 1000.0], [88597.5, 1470.0], [88600.0, 4940.0], [88602.5, 10.0], [88607.5, 300.0], [88610.0, 1000.0], [88635.0, 560.0], [88637.5, 990.0], [88640.0, 1000.0], [88647.5, 4840.0], [88650.0, 16210.0], [88710.0, 4420.0], [88712.5, 14710.0], [88715.0, 110.0], [88770.0, 45240.0], [88772.5, 29940.0], [88802.5, 500.0]]}}}
{"jsonrpc": "2.0", "method": "subscription", "params": {"channel": "book.BTC-6FEB26.none.20.100ms", "data": {"timestamp": 1769492081060, "change_id": 137041211173, "instrument_name": "BTC-6FEB26", "bids": [[88552.5, 300.0], [88550.0, 2010.0], [88547.5, 1800.0], [88502.5, 4820.0], [88500.0, 16140.0], [88467.5, 640.0], [88465.0, 2450.0], [88462.5, 990.0], [88402.5, 330.0], [88387.5, 2570.0], [88385.0, 8620.0], [88367.5, 10290.0], [88365.0, 34480.0], [88360.0, 5050.0], [88342.5, 14930.0], [88340.0, 50000.0], [88310.0, 50000.0], [88277.5, 500.0], [88245.0, 15080.0], [88122.5, 137920.0]], "asks": [[88567.5, 1800.0], [88575.0, 300.0], [88577.5, 650.0], [88580.0, 1000.0], [88597.5, 1470.0], [88600.0, 4940.0], [88602.5, 10.0], [88607.5, 300.0], [88610.0, 1000.0], [88635.0, 560.0], [88637.5, 990.0], [88640.0, 1000.0], [88647.5, 4840.0], [88650.0, 16210.0], [88710.0, 4420.0], [88712.5, 14710.0], [88715.0, 110.0], [88770.0, 45240.0], [88772.5, 29940.0], [88802.5, 500.0]]}}}
{"jsonrpc": "2.0", "method": "subscription", "params": {"channel": "book.BTC-6FEB26.none.20.100ms", "data": {"timestamp": 1769492081347, "change_id": 137041211345, "instrument_name": "BTC-6FEB26", "bids": [[88552.5, 300.0], [88550.0, 2460.0], [88547.5, 1500.0], [88502.5, 4820.0], [88500.0, 16140.0], [88467.5, 640.0], [88465.0, 2450.0], [88462.5, 990.0], [88402.5, 330.0], [88387.5, 2570.0], [88385.0, 8620.0], [88367.5, 10290.0], [88365.0, 34480.0], [88360.0, 5050.0], [88342.5, 14930.0], [88340.0, 50000.0], [88310.0, 50000.0], [88277.5, 500.0], [88245.0, 15080.0], [88122.5, 137920.0]], "asks": [[88567.5, 1800.0], [88575.0, 300.0], [88577.5, 650.0], [88580.0, 1000.0], [88597.5, 1470.0], [88600.0, 4940.0], [88602.5, 10.0], [88607.5, 300.0], [88610.0, 1000.0], [88635.0, 560.0], [88637.5, 990.0], [88640.0, 1000.0], [88647.5, 4840.0], [88650.0, 16210.0], [88710.0, 4420.0], [88712.5, 14710.0], [88715.0, 110.0], [88770.0, 45240.0], [88772.5, 29940.0], [88802.5, 500.0]]}}}
{"jsonrpc": "2.0", "method": "subscription", "params": {"channel": "book.BTC-6FEB26.none.20.100ms", "data": {"timestamp": 1769492082334, "change_id": 137041212137, "instrument_name": "BTC-6FEB26", "bids": [[88552.5, 300.0], [88550.0, 2460.0], [88547.5, 1500.0], [88502.5, 4820.0], [88500.0, 16140.0], [88467.5, 640.0], [88465.0, 2450.0], [88462.5, 990.0], [88402.5, 330.0], [88387.5, 2570.0], [88385.0, 8620.0], [88372.5, 10290.0], [88370.0, 34480.0], [88360.0, 5050.0], [88342.5, 14930.0], [88340.0, 50000.0], [88310.0, 50000.0], [88277.5, 500.0], [88245.0, 15080.0], [88122.5, 137920.0]], "asks": [[88567.5, 1500.0], [88575.0, 300.0], [88577.5, 650.0], [88580.0, 1000.0], [88597.5, 1470.0], [88600.0, 4940.0], [88602.5, 10.0], [88607.5, 300.0], [88610.0, 1000.0], [88635.0, 560.0], [88637.5, 990.0], [88640.0, 1000.0], [88647.5, 4840.0], [88650.0, 16210.0], [88710.0, 4420.0], [88712.5, 14710.0], [88715.0, 110.0], [88770.0, 45240.0], [88772.5, 29940.0], [88802.5, 500.0]]}}}
{"jsonrpc": "2.0", "method": "subscription", "params": {"channel": "book.BTC-6FEB26.none.20.100ms", "data": {"timestamp": 1769492083811, "change_id": 137041213472, "instrument_name": "BTC-6FEB26", "bids": [[88552.5, 300.0], [88550.0, 2460.0], [88547.5, 1500.0], [88502.5, 4820.0], [88500.0, 16140.0], [88467.5, 640.0], [88465.0, 2450.0], [88462.5, 990.0], [88405.0, 330.0], [88387.5, 2570.0], [88385.0, 8620.0], [88372.5, 10290.0], [88370.0, 34480.0], [88345.0, 5050.0], [88342.5, 14930.0], [88340.0, 50000.0], [88310.0, 50000.0], [88277.5, 500.0], [88245.0, 15080.0], [88122.5, 137920.0]], "asks": [[88567.5, 1500.0], [88575.0, 300.0], [88577.5, 650.0], [88580.0, 1000.0], [88597.5, 1470.0], [88600.0, 4940.0], [88602.5, 10.0], [88607.5, 300.0], [88610.0, 1000.0], [88635.0, 560.0], [88637.5, 990.0], [88640.0, 1000.0], [88647.5, 4840.0], [88650.0, 16210.0], [88710.0, 4420.0], [88712.5, 14710.0], [88715.0, 110.0], [88770.0, 45240.0], [88772.5, 29940.0], [88802.5, 500.0]]}}}
{"jsonrpc": "2.0", "method": "subscription", "params": {"channel": "book.BTC-6FEB26.none.20.100ms", "data": {"timestamp": 1769492086810, "change_id": 137041215909, "instrument_name": "BTC-6FEB26", "bids": [[88552.5, 300.0], [88550.0, 2460.0], [88547.5, 1500.0], [88502.5, 4820.0], [88500.0, 16140.0], [88467.5, 640.0], [88465.0, 2450.0], [88462.5, 990.0], [88390.0, 330.0], [88387.5, 2570.0], [88385.0, 8620.0], [88372.5, 10290.0], [88370.0, 34480.0], [88345.0, 5050.0], [88342.5, 14930.0], [88340.0, 50000.0], [88310.0, 50000.0], [88277.5, 500.0], [88245.0, 15080.0], [88122.5, 137920.0]], "asks": [[88567.5, 1500.0], [88575.0, 300.0], [88577.5, 650.0], [88580.0, 1000.0], [88597.5, 1470.0], [88600.0, 4940.0], [88602.5, 10.0], [88607.5, 300.0], [88610.0, 1000.0], [88635.0, 560.0], [88637.5, 990.0], [88640.0, 1000.0], [88647.5, 4840.0], [88650.0, 16210.0], [88710.0, 4420.0], [88712.5, 14710.0], [88715.0, 110.0], [88770.0, 45240.0], [88772.5, 29940.0], [88802.5, 500.0]]}}}
{"jsonrpc": "2.0", "method": "subscription", "params": {"channel": "book.BTC-6FEB26.none.20.100ms", "data": {"timestamp": 1769492087719, "change_id": 137041216636, "instrument_name": "BTC-6FEB26", "bids": [[88552.5, 300.0], [88550.0, 2460.0], [88547.5, 1500.0], [88485.0, 4870.0], [88482.5, 16320.0], [88467.5, 640.0], [88465.0, 2450.0], [88462.5, 990.0], [88390.0, 330.0], [88387.5, 2570.0], [88385.0, 8620.0], [88372.5, 10290.0], [88370.0, 34480.0], [88345.0, 5050.0], [88342.5, 14930.0], [88340.0, 50000.0], [88310.0, 50000.0], [88277.5, 500.0], [88245.0, 15080.0], [88122.5, 137920.0]], "asks": [[88567.5, 1500.0], [88575.0, 300.0], [88577.5, 650.0], [88580.0, 1000.0], [88597.5, 1470.0], [88600.0, 4940.0], [88602.5, 10.0], [88607.5, 300.0], [88610.0, 1000.0], [88630.0, 4850.0], [88632.5, 16260.0], [88635.0, 560.0], [88637.5, 990.0], [88640.0, 1000.0], [88710.0, 4420.0], [88712.5, 14710.0], [88715.0, 110.0], [88770.0, 45240.0], [88772.5, 29940.0], [88802.5, 500.0]]}}}
{"jsonrpc": "2.0", "method": "subscription", "params": {"channel": "book.BTC-6FEB26.none.20.100ms", "data": {"timestamp": 1769492088267, "change_id": 137041216922, "instrument_name": "BTC-6FEB26", "bids": [[88552.5, 300.0], [88550.0, 2460.0], [88547.5, 1500.0], [88485.0, 4870.0], [88482.5, 16320.0], [88467.5, 640.0], [88465.0, 2450.0], [88462.5, 990.0], [88390.0, 330.0], [88387.5, 2570.0], [88385.0, 8620.0], [88372.5, 10290.0], [88370.0, 34480.0], [88345.0, 5050.0], [88342.5, 14930.0], [88340.0, 50000.0], [88310.0, 50000.0], [88277.5, 500.0], [88245.0, 15080.0], [88122.5, 137920.0]], "asks": [[88567.5, 1800.0], [88575.0, 300.0], [88577.5, 650.0], [88580.0, 1000.0], [88597.5, 1470.0], [88600.0, 4940.0], [88602.5, 10.0], [88607.5, 300.0], [88610.0, 1000.0], [88630.0, 4850.0], [88632.5, 16260.0], [88635.0, 560.0], [88637.5, 990.0], [88640.0, 1000.0], [88710.0, 4420.0], [88712.5, 14710.0], [88715.0, 110.0], [88770.0, 45240.0], [88772.5, 29940.0], [88802.5, 500.0]]}}}
{"jsonrpc": "2.0", "method": "subscription", "params": {"channel": "book.BTC-6FEB26.none.20.100ms", "data": {"timestamp": 1769492088524, "change_id": 137041217375, "instrument_name": "BTC-6FEB26", "bids": [[88552.5, 300.0], [88550.0, 2010.0], [88547.5, 1500.0], [88485.0, 4870.0], [88482.5, 16320.0], [88467.5, 640.0], [88465.0, 2450.0], [88462.5, 990.0], [88390.0, 330.0], [88387.5, 2570.0], [88385.0, 8620.0], [88372.5, 10290.0], [88370.0, 34480.0], [88345.0, 5050.0], [88342.5, 14930.0], [88340.0, 50000.0], [88310.0, 50000.0], [88277.5, 500.0], [88245.0, 15080.0], [88122.5, 137920.0]], "asks": [[88567.5, 1800.0], [88575.0, 300.0], [88577.5, 650.0], [88580.0, 1000.0], [88597.5, 1470.0], [88600.0, 4940.0], [88602.5, 10.0], [88607.5, 300.0], [88610.0, 1000.0], [88630.0, 4850.0], [88632.5, 16260.0], [88635.0, 560.0], [88637.5, 990.0], [88640.0, 1000.0], [88710.0, 4420.0], [88712.5, 14710.0], [88715.0, 110.0], [88770.0, 45240.0], [88772.5, 29940.0], [88802.5, 500.0]]}}}
{"jsonrpc": "2.0", "method": "subscription", "params": {"channel": "book.BTC-6FEB26.none.20.100ms", "data": {"timestamp": 1769492089773, "change_id": 137041218313, "instrument_name": "BTC-6FEB26", "bids": [[88552.5, 300.0], [88550.0, 2010.0], [88547.5, 1500.0], [88485.0, 4870.0], [88482.5, 16320.0], [88467.5, 640.0], [88465.0, 2450.0], [88462.5, 990.0], [88390.0, 330.0], [88387.5, 2570.0], [88385.0, 8620.0], [88372.5, 10290.0], [88370.0, 34480.0], [88345.0, 5050.0], [88342.5, 14930.0], [88340.0, 50000.0], [88310.0, 50000.0], [88277.5, 500.0], [88245.0, 15080.0], [88122.5, 137920.0]], "asks": [[88567.5, 1500.0], [88575.0, 300.0], [88577.5, 650.0], [88580.0, 1000.0], [88597.5, 1470.0], [88600.0, 4940.0], [88602.5, 10.0], [88607.5, 300.0], [88610.0, 1000.0], [88630.0, 4850.0], [88632.5, 16260.0], [88635.0, 560.0], [88637.5, 990.0], [88640.0, 1000.0], [88710.0, 4420.0], [88712.5, 14710.0], [88715.0, 110.0], [88770.0, 45240.0], [88772.5, 29940.0], [88802.5, 500.0]]}}}
{"jsonrpc": "2.0", "method": "subscription", "params": {"channel": "book.BTC-6FEB26.none.20.100ms", "data": {"timestamp": 1769492089815, "change_id": 137041218375, "instrument_name": "BTC-6FEB26", "bids": [[88552.5, 300.0], [88550.0, 2460.0], [88547.5, 1500.0], [88485.0, 4870.0], [88482.5, 16320.0], [88467.5, 640.0], [88465.0, 2450.0], [88462.5, 990.0], [88392.5, 330.0], [88387.5, 2570.0], [88385.0, 8620.0], [88372.5, 10290.0], [88370.0, 34480.0], [88347.5, 5050.0], [88342.5, 14930.0], [88340.0, 50000.0], [88310.0, 50000.0], [88277.5, 500.0], [88245.0, 15080.0], [88122.5, 137920.0]], "asks": [[88567.5, 1500.0], [88575.0, 300.0], [88577.5, 650.0], [88580.0, 1000.0], [88597.5, 1470.0], [88600.0, 4940.0], [88602.5, 10.0], [88607.5, 300.0], [88610.0, 1000.0], [88630.0, 4850.0], [88632.5, 16260.0], [88635.0, 560.0], [88637.5, 990.0], [88640.0, 1000.0], [88710.0, 4420.0], [88712.5, 14710.0], [88715.0, 110.0], [88770.0, 45240.0], [88772.5, 29940.0], [88802.5, 500.0]]}}}
{"jsonrpc": "2.0", "method": "subscription", "params": {"channel": "book.BTC-6FEB26.none.20.100ms", "data": {"timestamp": 1769492091649, "change_id": 137041219866, "instrument_name": "BTC-6FEB26", "bids": [[88552.5, 300.0], [88550.0, 2460.0], [88547.5, 1500.0], [88485.0, 4870.0], [88482.5, 16320.0], [88465.0, 300.0], [88462.5, 990.0], [88405.0, 640.0], [88402.5, 2150.0], [88392.5, 330.0], [88387.5, 2570.0], [88385.0, 8620.0], [88372.5, 10290.0], [88370.0, 34480.0], [88347.5, 5050.0], [88342.5, 14930.0], [88340.0, 50000.0], [88310.0, 50000.0], [88277.5, 500.0], [88245.0, 15080.0]], "asks": [[88567.5, 1500.0], [88575.0, 300.0], [88577.5, 650.0], [88580.0, 1000.0], [88597.5, 1470.0], [88600.0, 4940.0], [88602.5, 10.0], [88607.5, 300.0], [88610.0, 1000.0], [88630.0, 4850.0], [88632.5, 16260.0], [88635.0, 560.0], [88637.5, 990.0], [88640.0, 1000.0], [88710.0, 4420.0], [88712.5, 14710.0], [88715.0, 110.0], [88770.0, 45240.0], [88772.5, 29940.0], [88802.5, 500.0]]}}}
{"jsonrpc": "2.0", "method": "subscription", "params": {"channel": "book.BTC-6FEB26.none.20.100ms", "data": {"timestamp": 1769492092811, "change_id": 137041220790, "instrument_name": "BTC-6FEB26", "bids": [[88552.5, 300.0], [88550.0, 2460.0], [88547.5, 1500.0], [88485.0, 4870.0], [88482.5, 16320.0], [88465.0, 300.0], [88462.5, 990.0], [88405.0, 640.0], [88402.5, 2150.0], [88392.5, 330.0], [88387.5, 2570.0], [88385.0, 8620.0], [88372.5, 10290.0], [88370.0, 34480.0], [88342.5, 14930.0], [88340.0, 50000.0], [88310.0, 50000.0], [88277.5, 500.0], [88245.0, 15080.0], [88122.5, 137920.0]], "asks": [[88567.5, 1500.0], [88575.0, 300.0], [88577.5, 650.0], [88580.0, 1000.0], [88597.5, 1470.0], [88600.0, 4940.0], [88602.5, 10.0], [88607.5, 300.0], [88610.0, 1000.0], [88630.0, 4850.0], [88632.5, 16260.0], [88635.0, 560.0], [88637.5, 990.0], [88640.0, 1000.0], [88710.0, 4420.0], [88712.5, 14710.0], [88715.0, 110.0], [88770.0, 45240.0], [88772.5, 29940.0], [88802.5, 500.0]]}}}
{"jsonrpc": "2.0", "method": "subscription", "params": {"channel": "book.BTC-6FEB26.none.20.100ms", "data": {"timestamp": 1769492093116, "change_id": 137041221004, "instrument_name": "BTC-6FEB26", "bids": [[88552.5, 2300.0], [88550.0, 460.0], [88547.5, 1500.0], [88485.0, 4870.0], [88482.5, 16320.0], [88465.0, 300.0], [88462.5, 990.0], [88405.0, 640.0], [88402.5, 2150.0], [88390.0, 330.0], [88387.5, 2570.0], [88385.0, 8620.0], [88372.5, 10290.0], [88370.0, 34480.0], [88345.0, 5050.0], [88342.5, 14930.0], [88340.0, 50000.0], [88310.0, 50000.0], [88277.5, 500.0], [88245.0, 15080.0]], "asks": [[88567.5, 1500.0], [88575.0, 300.0], [88577.5, 650.0], [88580.0, 1000.0], [88597.5, 1470.0], [88600.0, 4940.0], [88602.5, 10.0], [88607.5, 300.0], [88610.0, 1000.0], [88630.0, 4850.0], [88632.5, 16260.0], [88635.0, 560.0], [88637.5, 990.0], [88640.0, 1000.0], [88710.0, 4420.0], [88712.5, 14710.0], [88715.0, 110.0], [88770.0, 45240.0], [88772.5, 29940.0], [88802.5, 500.0]]}}}
{"jsonrpc": "2.0", "method": "subscription", "params": {"channel": "book.BTC-6FEB26.none.20.100ms", "data": {"timestamp": 1769492093362, "change_id": 137041221140, "instrument_name": "BTC-6FEB26", "bids": [[88552.5, 2300.0], [88550.0, 460.0], [88547.5, 1500.0], [88485.0, 4870.0], [88482.5, 16320.0], [88465.0, 300.0], [88462.5, 990.0], [88405.0, 640.0], [88402.5, 2150.0], [88390.0, 330.0], [88387.5, 2570.0], [88385.0, 8620.0], [88372.5, 10290.0], [88370.0, 34480.0], [88345.0, 5050.0], [88342.5, 14930.0], [88340.0, 50000.0], [88310.0, 50000.0], [88277.5, 500.0], [88245.0, 15080.0]], "asks": [[88567.5, 1500.0], [88575.0, 300.0], [88577.5, 650.0], [88580.0, 1000.0], [88597.5, 1470.0], [88600.0, 4940.0], [88602.5, 10.0], [88607.5, 300.0], [88610.0, 1000.0], [88630.0, 4850.0], [88632.5, 16260.0], [88635.0, 560.0], [88637.5, 990.0], [88640.0, 1000.0], [88710.0, 4420.0], [88712.5, 14710.0], [88715.0, 110.0], [88770.0, 45240.0], [88772.5, 29940.0], [88802.5, 500.0]]}}}
{"jsonrpc": "2.0", "method": "subscription", "params": {"channel": "book.BTC-6FEB26.none.20.100ms", "data": {"timestamp": 1769492093694, "change_id": 137041221587, "instrument_name": "BTC-6FEB26", "bids": [[88555.0, 10.0], [88552.5, 2300.0], [88550.0, 450.0], [88547.5, 1500.0], [88485.0, 4870.0], [88482.5, 16320.0], [88465.0, 300.0], [88462.5, 990.0], [88405.0, 640.0], [88402.5, 2150.0], [88390.0, 330.0], [88387.5, 2570.0], [88385.0, 8620.0], [88372.5, 10290.0], [88370.0, 34480.0], [88345.0, 5050.0], [88342.5, 14930.0], [88340.0, 50000.0], [88310.0, 50000.0], [88277.5, 500.0]], "asks": [[88567.5, 1500.0], [88575.0, 300.0], [88577.5, 650.0], [88580.0, 1000.0], [88597.5, 1470.0], [88600.0, 4940.0], [88602.5, 10.0], [88607.5, 300.0], [88610.0, 1000.0], [88630.0, 4850.0], [88632.5, 16260.0], [88635.0, 560.0], [88637.5, 990.0], [88640.0, 1000.0], [88710.0, 4420.0], [88712.5, 14710.0], [88715.0, 110.0], [88770.0, 45240.0], [88772.5, 29940.0], [88802.5, 500.0]]}}}
{"jsonrpc": "2.0", "method": "subscription", "params": {"channel": "book.BTC-6FEB26.none.20.100ms", "data": {"timestamp": 1769492093843, "change_id": 137041221673, "instrument_name": "BTC-6FEB26", "bids": [[88552.5, 2300.0], [88550.0, 460.0], [88547.5, 1500.0], [88485.0, 4870.0], [88482.5, 16320.0], [88465.0, 300.0], [88462.5, 990.0], [88405.0, 640.0], [88402.5, 2150.0], [88390.0, 330.0], [88387.5, 2570.0], [88385.0, 8620.0], [88372.5, 10290.0], [88370.0, 34480.0], [88345.0, 5050.0], [88342.5, 14930.0], [88340.0, 50000.0], [88310.0, 50000.0], [88277.5, 500.0], [88245.0, 15080.0]], "asks": [[88567.5, 1500.0], [88575.0, 300.0], [88577.5, 650.0], [88580.0, 1000.0], [88597.5, 1470.0], [88600.0, 4940.0], [88602.5, 10.0], [88607.5, 300.0], [88610.0, 1000.0], [88630.0, 4850.0], [88632.5, 16260.0], [88635.0, 560.0], [88637.5, 990.0], [88640.0, 1000.0], [88710.0, 4420.0], [88712.5, 14710.0], [88715.0, 110.0], [88770.0, 45240.0], [88772.5, 29940.0], [88802.5, 500.0]]}}}
{"jsonrpc": "2.0", "method": "subscription", "params": {"channel": "book.BTC-6FEB26.none.20.100ms", "data": {"timestamp": 1769492094159, "change_id": 137041221805, "instrument_name": "BTC-6FEB26", "bids": [[88555.0, 10.0], [88552.5, 2300.0], [88550.0, 450.0], [88547.5, 1500.0], [88485.0, 4870.0], [88482.5, 16320.0], [88465.0, 300.0], [88462.5, 990.0], [88405.0, 640.0], [88402.5, 2150.0], [88390.0, 330.0], [88387.5, 2570.0], [88385.0, 8620.0], [88372.5, 10290.0], [88370.0, 34480.0], [88345.0, 5050.0], [88342.5, 14930.0], [88340.0, 50000.0], [88310.0, 50000.0], [88277.5, 500.0]], "asks": [[88567.5, 1500.0], [88575.0, 300.0], [88577.5, 650.0], [88580.0, 1000.0], [88597.5, 1470.0], [88600.0, 4940.0], [88602.5, 10.0], [88607.5, 300.0], [88610.0, 1000.0], [88630.0, 4850.0], [88632.5, 16260.0], [88635.0, 560.0], [88637.5, 990.0], [88640.0, 1000.0], [88710.0, 4420.0], [88712.5, 14710.0], [88715.0, 110.0], [88770.0, 45240.0], [88772.5, 29940.0], [88802.5, 500.0]]}}}
{"jsonrpc": "2.0", "method": "subscription", "params": {"channel": "book.BTC-6FEB26.none.20.100ms", "data": {"timestamp": 1769492094653, "change_id": 137041222310, "instrument_name": "BTC-6FEB26", "bids": [[88555.0, 10.0], [88552.5, 2300.0], [88550.0, 450.0], [88547.5, 1500.0], [88485.0, 4870.0], [88482.5, 16320.0], [88465.0, 300.0], [88462.5, 990.0], [88405.0, 640.0], [88402.5, 2150.0], [88390.0, 330.0], [88387.5, 2570.0], [88385.0, 8620.0], [88372.5, 10290.0], [88370.0, 34480.0], [88345.0, 5050.0], [88342.5, 14930.0], [88340.0, 50000.0], [88310.0, 50000.0], [88277.5, 500.0]], "asks": [[88567.5, 1500.0], [88575.0, 300.0], [88577.5, 650.0], [88580.0, 1000.0], [88597.5, 1470.0], [88600.0, 4940.0], [88602.5, 10.0], [88607.5, 300.0], [88610.0, 1000.0], [88630.0, 4850.0], [88632.5, 16260.0], [88635.0, 560.0], [88637.5, 990.0], [88640.0, 1000.0], [88710.0, 4420.0], [88712.5, 14710.0], [88715.0, 110.0], [88770.0, 45240.0], [88772.5, 29940.0], [88802.5, 500.0]]}}}
{"jsonrpc": "2.0", "method": "subscription", "params": {"channel": "book.BTC-6FEB26.none.20.100ms", "data": {"timestamp": 1769492095013, "change_id": 137041222492, "instrument_name": "BTC-6FEB26", "bids": [[88555.0, 10.0], [88552.5, 2300.0], [88550.0, 450.0], [88547.5, 1500.0], [88485.0, 4870.0], [88482.5, 16320.0], [88465.0, 300.0], [88462.5, 990.0], [88405.0, 640.0], [88402.5, 2150.0], [88390.0, 330.0], [88387.5, 2570.0], [88385.0, 8620.0], [88372.5, 10290.0], [88370.0, 34480.0], [88345.0, 5050.0], [88342.5, 14930.0], [88340.0, 50000.0], [88310.0, 50000.0], [88277.5, 500.0]], "asks": [[88567.5, 1500.0], [88575.0, 300.0], [88577.5, 650.0], [88580.0, 1000.0], [88597.5, 1470.0], [88600.0, 4940.0], [88602.5, 10.0], [88607.5, 300.0], [88610.0, 1000.0], [88630.0, 4850.0], [88632.5, 16260.0], [88635.0, 560.0], [88637.5, 990.0], [88640.0, 1000.0], [88710.0, 4420.0], [88712.5, 14710.0], [88715.0, 110.0], [88770.0, 45240.0], [88772.5, 29940.0], [88802.5, 500.0]]}}}
