{"jsonrpc": "2.0", "id": 1, "result": ["book.BTC-20MAR26.none.20.100ms"], "usIn": 1773455656793729, "usOut": 1773455656793928, "usDiff": 199, "testnet": false}
{"jsonrpc": "2.0", "method": "subscription", "params": {"channel": "book.BTC-20MAR26.none.20.100ms", "data": {"timestamp": 1773455656768, "change_id": 145485700179, "instrument_name": "BTC-20MAR26", "bids": [[70797.5, 4510.0], [70795.0, 2080.0], [70792.5, 2080.0], [70790.0, 2490.0], [70787.5, 6400.0], [70785.0, 10000.0], [70767.5, 14020.0], [70765.0, 46970.0], [70760.0, 600.0], [70757.5, 2000.0], [70750.0, 3810.0], [70747.5, 3000.0], [70697.5, 3000.0], [70695.0, 10060.0], [70662.5, 6040.0], [70660.0, 20220.0], [70630.0, 50.0], [70627.5, 7670.0], [70625.0, 40790.0], [70582.5, 105000.0]], "asks": [[70800.0, 990.0], [70802.5, 2910.0], [70807.5, 1500.0], [70810.0, 400.0], [70852.5, 5810.0], [70855.0, 19480.0], [70870.0, 3010.0], [70872.5, 10940.0], [70875.0, 2920.0], [70887.5, 50000.0], [70895.0, 6060.0], [70897.5, 20310.0], [70940.0, 31340.0], [70942.5, 105000.0], [70987.5, 7670.0], [70990.0, 39510.0], [71035.0, 42200.0], [71050.0, 50000.0], [71062.5, 40440.0], [71112.5, 160.0]]}}}
{"jsonrpc": "2.0", "method": "subscription", "params": {"channel": "book.BTC-20MAR26.none.20.100ms", "data": {"timestamp": 1773455656768, "change_id": 145485700179, "instrument_name": "BTC-20MAR26", "bids": [[70797.5, 4510.0], [70795.0, 2080.0], [70792.5, 2080.0], [70790.0, 2490.0], [70787.5, 6400.0], [70785.0, 10000.0], [70767.5, 14020.0], [70765.0, 46970.0], [70760.0, 600.0], [70757.5, 2000.0], [70750.0, 3810.0], [70747.5, 3000.0], [70697.5, 3000.0], [70695.0, 10060.0], [70662.5, 6040.0], [70660.0, 20220.0], [70630.0, 50.0], [70627.5, 7670.0], [70625.0, 40790.0], [70582.5, 105000.0]], "asks": [[70800.0, 990.0], [70802.5, 2910.0], [70807.5, 1500.0], [70810.0, 400.0], [70852.5, 5810.0], [70855.0, 19480.0], [70870.0, 3010.0], [70872.5, 10940.0], [70875.0, 2920.0], [70887.5, 50000.0], [70895.0, 6060.0], [70897.5, 20310.0], [70940.0, 31340.0], [70942.5, 105000.0], [70987.5, 7670.0], [70990.0, 39510.0], [71035.0, 42200.0], [71050.0, 50000.0], [71062.5, 40440.0], [71112.5, 160.0]]}}}
{"jsonrpc": "2.0", "method": "subscription", "params": {"channel": "book.BTC-20MAR26.none.20.100ms", "data": {"timestamp": 1773455657347, "change_id": 145485701331, "instrument_name": "BTC-20MAR26", "bids": [[70797.5, 4510.0], [70795.0, 2080.0], [70792.5, 2080.0], [70790.0, 2490.0], [70787.5, 6400.0], [70785.0, 10000.0], [70767.5, 14020.0], [70765.0, 46970.0], [70752.5, 2870.0], [70750.0, 3810.0], [70747.5, 3000.0], [70697.5, 3000.0], [70695.0, 10060.0], [70662.5, 6040.0], [70660.0, 20220.0], [70630.0, 50.0], [70627.5, 7670.0], [70625.0, 40790.0], [70582.5, 105000.0], [70580.0, 100.0]], "asks": [[70800.0, 990.0], [70802.5, 2910.0], [70807.5, 1500.0], [70810.0, 400.0], [70852.5, 5810.0], [70855.0, 19480.0], [70870.0, 3010.0], [70872.5, 10940.0], [70875.0, 2920.0], [70882.5, 50000.0], [70895.0, 6060.0], [70897.5, 20310.0], [70940.0, 31340.0], [70942.5, 105000.0], [70987.5, 7670.0], [70990.0, 39510.0], [71035.0, 42200.0], [71050.0, 50000.0], [71062.5, 40440.0], [71112.5, 160.0]]}}}
{"jsonrpc": "2.0", "method": "subscription", "params": {"channel": "book.BTC-20MAR26.none.20.100ms", "data": {"timestamp": 1773455658353, "change_id": 145485702870, "instrument_name": "BTC-20MAR26", "bids": [[70797.5, 4510.0], [70795.0, 2080.0], [70792.5, 2080.0], [70790.0, 2490.0], [70787.5, 6400.0], [70785.0, 10000.0], [70767.5, 14020.0], [70765.0, 46970.0], [70755.0, 600.0], [70752.5, 2870.0], [70750.0, 3810.0], [70747.5, 3000.0], [70697.5, 3000.0], [70695.0, 10060.0], [70662.5, 6040.0], [70660.0, 20220.0], [70630.0, 50.0], [70627.5, 7670.0], [70625.0, 40790.0], [70582.5, 105000.0]], "asks": [[70800.0, 3900.0], [70807.5, 1500.0], [70810.0, 400.0], [70852.5, 5810.0], [70855.0, 19480.0], [70870.0, 3010.0], [70872.5, 10940.0], [70875.0, 2920.0], [70892.5, 50000.0], [70895.0, 6060.0], [70897.5, 20310.0], [70940.0, 31340.0], [70942.5, 105000.0], [70987.5, 7670.0], [70990.0, 39510.0], [71035.0, 42200.0], [71050.0, 50000.0], [71062.5, 40440.0], [71112.5, 160.0], [71125.0, 58960.0]]}}}
{"jsonrpc": "2.0", "method": "subscription", "params": {"channel": "book.BTC-20MAR26.none.20.100ms", "data": {"timestamp": 1773455658866, "change_id": 145485703774, "instrument_name": "BTC-20MAR26", "bids": [[70797.5, 4510.0], [70795.0, 2080.0], [70792.5, 2080.0], [70790.0, 2490.0], [70787.5, 6400.0], [70785.0, 10000.0], [70767.5, 14020.0], [70765.0, 46970.0], [70755.0, 600.0], [70752.5, 2870.0], [70750.0, 3810.0], [70747.5, 3000.0], [70697.5, 3000.0], [70695.0, 10060.0], [70662.5, 6040.0], [70660.0, 20220.0], [70630.0, 50.0], [70627.5, 7670.0], [70625.0, 40790.0], [70582.5, 105000.0]], "asks": [[70800.0, 990.0], [70807.5, 1500.0], [70810.0, 400.0], [70852.5, 5810.0], [70855.0, 19480.0], [70870.0, 3010.0], [70872.5, 10940.0], [70875.0, 5830.0], [70892.5, 50000.0], [70895.0, 6060.0], [70897.5, 20310.0], [70940.0, 31340.0], [70942.5, 105000.0], [70987.5, 7670.0], [70990.0, 39510.0], [71035.0, 42200.0], [71050.0, 50000.0], [71062.5, 40440.0], [71112.5, 160.0], [71125.0, 58960.0]]}}}
{"jsonrpc": "2.0", "method": "subscription", "params": {"channel": "book.BTC-20MAR26.none.20.100ms", "data": {"timestamp": 1773455660398, "change_id": 145485705650, "instrument_name": "BTC-20MAR26", "bids": [[70797.5, 4510.0], [70795.0, 2080.0], [70792.5, 2080.0], [70790.0, 2490.0], [70787.5, 6400.0], [70785.0, 10000.0], [70767.5, 14020.0], [70765.0, 46970.0], [70755.0, 600.0], [70752.5, 2870.0], [70750.0, 3810.0], [70747.5, 3000.0], [70702.5, 5930.0], [70700.0, 19850.0], [70697.5, 3000.0], [70695.0, 10060.0], [70662.5, 6040.0], [70660.0, 20220.0], [70630.0, 50.0], [70627.5, 7670.0]], "asks": [[70800.0, 990.0], [70807.5, 1500.0], [70810.0, 400.0], [70852.5, 5810.0], [70855.0, 19480.0], [70870.0, 3010.0], [70872.5, 11700.0], [70875.0, 5830.0], [70892.5, 50000.0], [70895.0, 6060.0], [70897.5, 20310.0], [70940.0, 31340.0], [70942.5, 105000.0], [70987.5, 7670.0], [70990.0, 39510.0], [71035.0, 42200.0], [71050.0, 50000.0], [71062.5, 40440.0], [71112.5, 160.0], [71125.0, 58960.0]]}}}
{"jsonrpc": "2.0", "method": "subscription", "params": {"channel": "book.BTC-20MAR26.none.20.100ms", "data": {"timestamp": 1773455660894, "change_id": 145485706509, "instrument_name": "BTC-20MAR26", "bids": [[70797.5, 4510.0], [70795.0, 2080.0], [70792.5, 2080.0], [70790.0, 2490.0], [70787.5, 6400.0], [70785.0, 10000.0], [70767.5, 14020.0], [70765.0, 46970.0], [70760.0, 600.0], [70757.5, 2000.0], [70752.5, 870.0], [70750.0, 3810.0], [70747.5, 3000.0], [70702.5, 5930.0], [70700.0, 19850.0], [70697.5, 3000.0], [70695.0, 10060.0], [70662.5, 6040.0], [70660.0, 20220.0], [70630.0, 50.0]], "asks": [[70800.0, 990.0], [70807.5, 1500.0], [70810.0, 400.0], [70852.5, 5810.0], [70855.0, 19480.0], [70870.0, 3010.0], [70872.5, 11700.0], [70875.0, 5830.0], [70892.5, 50000.0], [70895.0, 6060.0], [70897.5, 20310.0], [70940.0, 31340.0], [70942.5, 105000.0], [70987.5, 7670.0], [70990.0, 39510.0], [71035.0, 42200.0], [71050.0, 50000.0], [71062.5, 40440.0], [71112.5, 160.0], [71125.0, 58960.0]]}}}
{"jsonrpc": "2.0", "method": "subscription", "params": {"channel": "book.BTC-20MAR26.none.20.100ms", "data": {"timestamp": 1773455661278, "change_id": 145485706938, "instrument_name": "BTC-20MAR26", "bids": [[70797.5, 4510.0], [70795.0, 2080.0], [70792.5, 2080.0], [70790.0, 2490.0], [70787.5, 6400.0], [70785.0, 10000.0], [70767.5, 14020.0], [70765.0, 46970.0], [70760.0, 600.0], [70757.5, 2000.0], [70752.5, 870.0], [70750.0, 3810.0], [70747.5, 3000.0], [70702.5, 5930.0], [70700.0, 19850.0], [70697.5, 3000.0], [70695.0, 10060.0], [70662.5, 6040.0], [70660.0, 20220.0], [70630.0, 50.0]], "asks": [[70800.0, 990.0], [70807.5, 1500.0], [70810.0, 400.0], [70852.5, 5810.0], [70855.0, 19480.0], [70870.0, 3010.0], [70872.5, 11700.0], [70875.0, 5830.0], [70892.5, 50000.0], [70895.0, 6060.0], [70897.5, 20310.0], [70940.0, 31340.0], [70942.5, 105000.0], [70987.5, 7670.0], [70990.0, 39510.0], [71035.0, 42200.0], [71050.0, 50000.0], [71062.5, 40440.0], [71112.5, 160.0], [71125.0, 58960.0]]}}}
{"jsonrpc": "2.0", "method": "subscription", "params": {"channel": "book.BTC-20MAR26.none.20.100ms", "data": {"timestamp": 1773455663292, "change_id": 145485709628, "instrument_name": "BTC-20MAR26", "bids": [[70797.5, 4510.0], [70795.0, 2080.0], [70792.5, 2080.0], [70790.0, 2490.0], [70787.5, 6400.0], [70785.0, 10000.0], [70767.5, 14020.0], [70765.0, 46970.0], [70760.0, 600.0], [70757.5, 2000.0], [70752.5, 870.0], [70750.0, 3810.0], [70747.5, 3000.0], [70702.5, 5930.0], [70700.0, 19850.0], [70697.5, 3000.0], [70695.0, 10060.0], [70662.5, 6040.0], [70660.0, 20220.0], [70630.0, 50.0]], "asks": [[70800.0, 990.0], [70807.5, 1500.0], [70810.0, 400.0], [70852.5, 5810.0], [70855.0, 19480.0], [70870.0, 3010.0], [70872.5, 11700.0], [70875.0, 5830.0], [70892.5, 50000.0], [70895.0, 6060.0], [70897.5, 20310.0], [70940.0, 31340.0], [70942.5, 105000.0], [70987.5, 7670.0], [70990.0, 39510.0], [71035.0, 42200.0], [71050.0, 50000.0], [71062.5, 40440.0], [71112.5, 160.0], [71125.0, 58960.0]]}}}
{"jsonrpc": "2.0", "method": "subscription", "params": {"channel": "book.BTC-20MAR26.none.20.100ms", "data": {"timestamp": 1773455668314, "change_id": 145485715977, "instrument_name": "BTC-20MAR26", "bids": [[70797.5, 4510.0], [70795.0, 2080.0], [70792.5, 2080.0], [70790.0, 5240.0], [70787.5, 13660.0], [70767.5, 14020.0], [70765.0, 46970.0], [70760.0, 600.0], [70757.5, 2000.0], [70752.5, 870.0], [70750.0, 3810.0], [70747.5, 3000.0], [70702.5, 5930.0], [70700.0, 19850.0], [70697.5, 3000.0], [70695.0, 10060.0], [70662.5, 6040.0], [70660.0, 20220.0], [70630.0, 50.0], [70627.5, 7670.0]], "asks": [[70800.0, 990.0], [70807.5, 1500.0], [70810.0, 400.0], [70852.5, 5810.0], [70855.0, 19480.0], [70870.0, 3010.0], [70872.5, 11700.0], [70875.0, 5830.0], [70892.5, 50000.0], [70895.0, 6060.0], [70897.5, 20310.0], [70940.0, 31340.0], [70942.5, 105000.0], [70987.5, 7670.0], [70990.0, 39510.0], [71035.0, 42200.0], [71050.0, 50000.0], [71062.5, 40440.0], [71112.5, 160.0], [71125.0, 58960.0]]}}}
{"jsonrpc": "2.0", "method": "subscription", "params": {"channel": "book.BTC-20MAR26.none.20.100ms", "data": {"timestamp": 1773455668905, "change_id": 145485716935, "instrument_name": "BTC-20MAR26", "bids": [[70797.5, 4510.0], [70795.0, 2080.0], [70792.5, 2080.0], [70790.0, 5240.0], [70787.5, 12060.0], [70767.5, 14020.0], [70765.0, 46970.0], [70760.0, 600.0], [70757.5, 2000.0], [70752.5, 870.0], [70750.0, 3810.0], [70747.5, 3000.0], [70702.5, 5930.0], [70700.0, 19850.0], [70697.5, 3000.0], [70695.0, 10060.0], [70662.5, 6040.0], [70660.0, 20220.0], [70630.0, 50.0], [70627.5, 7670.0]], "asks": [[70800.0, 990.0], [70807.5, 1500.0], [70810.0, 400.0], [70852.5, 5810.0], [70855.0, 19480.0], [70870.0, 3010.0], [70872.5, 11700.0], [70875.0, 5830.0], [70892.5, 50000.0], [70895.0, 6060.0], [70897.5, 20310.0], [70940.0, 31340.0], [70942.5, 105000.0], [70987.5, 7670.0], [70990.0, 39510.0], [71035.0, 42200.0], [71050.0, 50000.0], [71062.5, 40440.0], [71112.5, 160.0], [71125.0, 58960.0]]}}}
{"jsonrpc": "2.0", "method": "subscription", "params": {"channel": "book.BTC-20MAR26.none.20.100ms", "data": {"timestamp": 1773455669467, "change_id": 145485717404, "instrument_name": "BTC-20MAR26", "bids": [[70797.5, 4510.0], [70795.0, 2080.0], [70792.5, 2080.0], [70790.0, 5240.0], [70787.5, 12060.0], [70767.5, 14020.0], [70765.0, 46970.0], [70760.0, 600.0], [70757.5, 2000.0], [70752.5, 870.0], [70750.0, 3810.0], [70747.5, 3000.0], [70702.5, 5930.0], [70700.0, 19850.0], [70697.5, 3000.0], [70695.0, 10060.0], [70662.5, 6040.0], [70660.0, 20220.0], [70630.0, 50.0], [70627.5, 7670.0]], "asks": [[70800.0, 990.0], [70807.5, 1500.0], [70810.0, 400.0], [70852.5, 5810.0], [70855.0, 19480.0], [70870.0, 3010.0], [70872.5, 11700.0], [70875.0, 5830.0], [70892.5, 50000.0], [70895.0, 6060.0], [70897.5, 20310.0], [70940.0, 31340.0], [70942.5, 105000.0], [70987.5, 7670.0], [70990.0, 39510.0], [71035.0, 42200.0], [71050.0, 50000.0], [71062.5, 40440.0], [71112.5, 160.0], [71125.0, 58960.0]]}}}
{"jsonrpc": "2.0", "method": "subscription", "params": {"channel": "book.BTC-20MAR26.none.20.100ms", "data": {"timestamp": 1773455672345, "change_id": 145485720950, "instrument_name": "BTC-20MAR26", "bids": [[70797.5, 4510.0], [70795.0, 2080.0], [70792.5, 2080.0], [70790.0, 5240.0], [70787.5, 12060.0], [70767.5, 14020.0], [70765.0, 46970.0], [70762.5, 600.0], [70760.0, 2000.0], [70752.5, 870.0], [70750.0, 3810.0], [70747.5, 3000.0], [70702.5, 5930.0], [70700.0, 19850.0], [70697.5, 3000.0], [70695.0, 10060.0], [70662.5, 6040.0], [70660.0, 20220.0], [70630.0, 50.0], [70627.5, 7670.0]], "asks": [[70800.0, 990.0], [70807.5, 1500.0], [70810.0, 400.0], [70852.5, 5810.0], [70855.0, 19480.0], [70870.0, 3010.0], [70872.5, 11700.0], [70875.0, 5830.0], [70892.5, 50000.0], [70895.0, 6060.0], [70897.5, 20310.0], [70940.0, 31340.0], [70942.5, 105000.0], [70987.5, 7670.0], [70990.0, 39510.0], [71035.0, 42200.0], [71050.0, 50000.0], [71062.5, 40440.0], [71112.5, 160.0], [71125.0, 58960.0]]}}}
{"jsonrpc": "2.0", "method": "subscription", "params": {"channel": "book.BTC-20MAR26.none.20.100ms", "data": {"timestamp": 1773455673020, "change_id": 145485722404, "instrument_name": "BTC-20MAR26", "bids": [[70805.0, 4510.0], [70802.5, 480.0], [70800.0, 2080.0], [70797.5, 4840.0], [70795.0, 12540.0], [70792.5, 3580.0], [70790.0, 1600.0], [70780.0, 900.0], [70777.5, 3000.0], [70767.5, 14020.0], [70765.0, 46970.0], [70762.5, 600.0], [70760.0, 2000.0], [70752.5, 870.0], [70750.0, 2910.0], [70702.5, 5930.0], [70700.0, 19850.0], [70697.5, 3000.0], [70695.0, 10060.0], [70662.5, 6040.0]], "asks": [[70807.5, 1500.0], [70810.0, 400.0], [70817.5, 100.0], [70852.5, 5810.0], [70855.0, 19480.0], [70870.0, 3010.0], [70872.5, 11700.0], [70875.0, 20760.0], [70877.5, 50000.0], [70895.0, 6060.0], [70897.5, 20310.0], [70940.0, 31340.0], [70942.5, 105000.0], [70987.5, 7670.0], [70990.0, 39510.0], [71035.0, 42200.0], [71050.0, 50000.0], [71062.5, 40440.0], [71112.5, 160.0], [71125.0, 58960.0]]}}}
{"jsonrpc": "2.0", "method": "subscription", "params": {"channel": "book.BTC-20MAR26.none.20.100ms", "data": {"timestamp": 1773455673684, "change_id": 145485723777, "instrument_name": "BTC-20MAR26", "bids": [[70807.5, 4510.0], [70805.0, 1600.0], [70802.5, 480.0], [70800.0, 2080.0], [70797.5, 4840.0], [70795.0, 12540.0], [70792.5, 3580.0], [70790.0, 1600.0], [70780.0, 900.0], [70777.5, 3000.0], [70767.5, 14020.0], [70765.0, 46970.0], [70752.5, 870.0], [70750.0, 2910.0], [70697.5, 3000.0], [70695.0, 10060.0], [70662.5, 6040.0], [70660.0, 20220.0], [70630.0, 50.0], [70627.5, 7670.0]], "asks": [[70810.0, 400.0], [70817.5, 1600.0], [70870.0, 3010.0], [70872.5, 10940.0], [70875.0, 17840.0], [70877.5, 50000.0], [70940.0, 31340.0], [70942.5, 105000.0], [70987.5, 7670.0], [70990.0, 39510.0], [71035.0, 42200.0], [71050.0, 50000.0], [71062.5, 40440.0], [71112.5, 160.0], [71125.0, 58960.0], [71137.5, 24570.0], [71140.0, 210000.0], [71230.0, 60170.0], [71257.5, 50000.0], [71307.5, 200.0]]}}}
{"jsonrpc": "2.0", "method": "subscription", "params": {"channel": "book.BTC-20MAR26.none.20.100ms", "data": {"timestamp": 1773455674005, "change_id": 145485724925, "instrument_name": "BTC-20MAR26", "bids": [[70802.5, 1600.0], [70800.0, 4990.0], [70797.5, 4380.0], [70795.0, 10560.0], [70790.0, 450.0], [70787.5, 1500.0], [70782.5, 450.0], [70780.0, 2500.0], [70777.5, 3000.0], [70767.5, 14020.0], [70765.0, 46970.0], [70752.5, 870.0], [70750.0, 2910.0], [70732.5, 2960.0], [70730.0, 9910.0], [70702.5, 5930.0], [70700.0, 19850.0], [70662.5, 6040.0], [70660.0, 20220.0], [70630.0, 50.0]], "asks": [[70805.0, 2910.0], [70807.5, 460.0], [70810.0, 2450.0], [70812.5, 1500.0], [70817.5, 100.0], [70870.0, 3010.0], [70872.5, 10940.0], [70875.0, 2910.0], [70882.5, 14930.0], [70885.0, 55810.0], [70887.5, 19480.0], [70932.5, 6060.0], [70935.0, 20310.0], [70940.0, 31340.0], [70942.5, 105000.0], [70987.5, 7670.0], [70990.0, 39510.0], [71035.0, 42200.0], [71050.0, 50000.0], [71062.5, 40440.0]]}}}
{"jsonrpc": "2.0", "method": "subscription", "params": {"channel": "book.BTC-20MAR26.none.20.100ms", "data": {"timestamp": 1773455674223, "change_id": 145485725157, "instrument_name": "BTC-20MAR26", "bids": [[70802.5, 4510.0], [70800.0, 2080.0], [70797.5, 4380.0], [70795.0, 10560.0], [70790.0, 450.0], [70787.5, 1500.0], [70782.5, 450.0], [70780.0, 2500.0], [70777.5, 3000.0], [70767.5, 14020.0], [70765.0, 46970.0], [70752.5, 870.0], [70750.0, 2910.0], [70732.5, 2960.0], [70730.0, 9910.0], [70702.5, 5930.0], [70700.0, 19850.0], [70662.5, 6040.0], [70660.0, 20220.0], [70630.0, 50.0]], "asks": [[70805.0, 2910.0], [70807.5, 460.0], [70810.0, 2450.0], [70812.5, 1500.0], [70817.5, 100.0], [70870.0, 3010.0], [70872.5, 10940.0], [70875.0, 2910.0], [70882.5, 14930.0], [70885.0, 55810.0], [70887.5, 19480.0], [70932.5, 6060.0], [70935.0, 20310.0], [70940.0, 31340.0], [70942.5, 105000.0], [70987.5, 7670.0], [70990.0, 39510.0], [71035.0, 42200.0], [71050.0, 50000.0], [71062.5, 40440.0]]}}}
{"jsonrpc": "2.0", "method": "subscription", "params": {"channel": "book.BTC-20MAR26.none.20.100ms", "data": {"timestamp": 1773455674678, "change_id": 145485726167, "instrument_name": "BTC-20MAR26", "bids": [[70805.0, 2080.0], [70802.5, 2080.0], [70800.0, 2080.0], [70797.5, 4380.0], [70795.0, 10560.0], [70790.0, 450.0], [70787.5, 1500.0], [70785.0, 480.0], [70782.5, 2050.0], [70780.0, 2500.0], [70777.5, 3000.0], [70767.5, 14020.0], [70765.0, 46970.0], [70752.5, 870.0], [70750.0, 2910.0], [70732.5, 2960.0], [70730.0, 9910.0], [70702.5, 5930.0], [70700.0, 19850.0], [70662.5, 6040.0]], "asks": [[70810.0, 3310.0], [70817.5, 100.0], [70820.0, 450.0], [70822.5, 1500.0], [70872.5, 870.0], [70875.0, 2910.0], [70885.0, 5810.0], [70887.5, 19480.0], [70892.5, 14930.0], [70895.0, 50000.0], [70932.5, 6060.0], [70935.0, 20310.0], [70940.0, 31340.0], [70942.5, 105000.0], [70987.5, 7670.0], [70990.0, 39510.0], [71035.0, 42200.0], [71050.0, 50000.0], [71062.5, 40440.0], [71112.5, 160.0]]}}}
{"jsonrpc": "2.0", "method": "subscription", "params": {"channel": "book.BTC-20MAR26.none.20.100ms", "data": {"timestamp": 1773455674855, "change_id": 145485726586, "instrument_name": "BTC-20MAR26", "bids": [[70807.5, 4510.0], [70805.0, 2080.0], [70802.5, 2080.0], [70800.0, 2080.0], [70797.5, 4380.0], [70795.0, 10560.0], [70792.5, 1500.0], [70785.0, 480.0], [70782.5, 2050.0], [70780.0, 2500.0], [70777.5, 3000.0], [70767.5, 14020.0], [70765.0, 46970.0], [70752.5, 870.0], [70750.0, 2910.0], [70732.5, 2960.0], [70730.0, 9910.0], [70702.5, 5930.0], [70700.0, 19850.0], [70662.5, 6040.0]], "asks": [[70810.0, 3310.0], [70812.5, 1500.0], [70817.5, 100.0], [70872.5, 870.0], [70875.0, 2910.0], [70885.0, 5810.0], [70887.5, 19480.0], [70892.5, 14930.0], [70895.0, 50000.0], [70897.5, 10030.0], [70932.5, 6060.0], [70935.0, 20310.0], [70940.0, 31340.0], [70942.5, 105000.0], [70987.5, 7670.0], [70990.0, 39510.0], [71035.0, 42200.0], [71050.0, 50000.0], [71062.5, 40440.0], [71112.5, 160.0]]}}}
{"jsonrpc": "2.0", "method": "subscription", "params": {"channel": "book.BTC-20MAR26.none.20.100ms", "data": {"timestamp": 1773455675311, "change_id": 145485727059, "instrument_name": "BTC-20MAR26", "bids": [[70807.5, 4510.0], [70805.0, 2080.0], [70802.5, 2080.0], [70800.0, 2080.0], [70797.5, 4380.0], [70795.0, 10560.0], [70792.5, 1500.0], [70785.0, 480.0], [70782.5, 2050.0], [70780.0, 2500.0], [70777.5, 3000.0], [70767.5, 14020.0], [70765.0, 47570.0], [70762.5, 2000.0], [70752.5, 870.0], [70750.0, 2910.0], [70732.5, 2960.0], [70730.0, 9910.0], [70702.5, 5930.0], [70700.0, 19850.0]], "asks": [[70810.0, 400.0], [70812.5, 4410.0], [70817.5, 100.0], [70872.5, 870.0], [70875.0, 2910.0], [70885.0, 5810.0], [70887.5, 19480.0], [70892.5, 14930.0], [70895.0, 50000.0], [70897.5, 10030.0], [70932.5, 6060.0], [70935.0, 20310.0], [70940.0, 31340.0], [70942.5, 105000.0], [70987.5, 7670.0], [70990.0, 39510.0], [71035.0, 42200.0], [71050.0, 50000.0], [71062.5, 40440.0], [71112.5, 160.0]]}}}
{"jsonrpc": "2.0", "method": "subscription", "params": {"channel": "book.BTC-20MAR26.none.20.100ms", "data": {"timestamp": 1773455675656, "change_id": 145485728982, "instrument_name": "BTC-20MAR26", "bids": [[70815.0, 2910.0], [70812.5, 2080.0], [70810.0, 2080.0], [70807.5, 2080.0], [70805.0, 4820.0], [70802.5, 13660.0], [70800.0, 2080.0], [70797.5, 1600.0], [70785.0, 480.0], [70782.5, 2050.0], [70780.0, 2500.0], [70777.5, 3000.0], [70767.5, 14020.0], [70765.0, 46970.0], [70752.5, 870.0], [70750.0, 2910.0], [70732.5, 2960.0], [70730.0, 9910.0], [70702.5, 5930.0], [70700.0, 19850.0]], "asks": [[70817.5, 100.0], [70820.0, 2910.0], [70830.0, 600.0], [70872.5, 870.0], [70875.0, 2910.0], [70885.0, 5810.0], [70887.5, 19480.0], [70892.5, 14930.0], [70895.0, 50000.0], [70897.5, 10030.0], [70932.5, 6060.0], [70935.0, 20310.0], [70940.0, 31340.0], [70942.5, 105000.0], [70987.5, 7670.0], [70990.0, 39510.0], [71035.0, 42200.0], [71050.0, 50000.0], [71062.5, 40440.0], [71112.5, 160.0]]}}}
{"jsonrpc": "2.0", "method": "subscription", "params": {"channel": "book.BTC-20MAR26.none.20.100ms", "data": {"timestamp": 1773455675829, "change_id": 145485729262, "instrument_name": "BTC-20MAR26", "bids": [[70815.0, 4510.0], [70812.5, 2080.0], [70810.0, 2080.0], [70807.5, 2080.0], [70805.0, 4820.0], [70802.5, 13660.0], [70785.0, 480.0], [70782.5, 2050.0], [70780.0, 2500.0], [70777.5, 3000.0], [70767.5, 14020.0], [70765.0, 46970.0], [70752.5, 870.0], [70750.0, 2910.0], [70732.5, 2960.0], [70730.0, 9910.0], [70702.5, 5930.0], [70700.0, 19850.0], [70662.5, 6040.0], [70660.0, 20220.0]], "asks": [[70817.5, 100.0], [70820.0, 2910.0], [70822.5, 1500.0], [70830.0, 600.0], [70872.5, 870.0], [70875.0, 2910.0], [70885.0, 5810.0], [70887.5, 19480.0], [70892.5, 14930.0], [70895.0, 52990.0], [70897.5, 10030.0], [70932.5, 6060.0], [70935.0, 20310.0], [70940.0, 31340.0], [70942.5, 105000.0], [70987.5, 7670.0], [70990.0, 39510.0], [71035.0, 42200.0], [71050.0, 50000.0], [71062.5, 40440.0]]}}}
{"jsonrpc": "2.0", "method": "subscription", "params": {"channel": "book.BTC-20MAR26.none.20.100ms", "data": {"timestamp": 1773455676661, "change_id": 145485731083, "instrument_name": "BTC-20MAR26", "bids": [[70815.0, 4510.0], [70812.5, 2080.0], [70810.0, 4900.0], [70807.5, 13580.0], [70805.0, 2080.0], [70802.5, 1600.0], [70785.0, 480.0], [70782.5, 2050.0], [70780.0, 2500.0], [70777.5, 3000.0], [70767.5, 14020.0], [70765.0, 46970.0], [70752.5, 870.0], [70750.0, 2910.0], [70732.5, 2960.0], [70730.0, 9910.0], [70722.5, 19850.0], [70662.5, 6040.0], [70660.0, 20220.0], [70630.0, 50.0]], "asks": [[70817.5, 100.0], [70820.0, 2910.0], [70822.5, 1500.0], [70830.0, 600.0], [70872.5, 870.0], [70875.0, 2910.0], [70885.0, 5810.0], [70887.5, 19480.0], [70892.5, 14930.0], [70895.0, 52990.0], [70897.5, 10030.0], [70932.5, 6060.0], [70935.0, 20310.0], [70940.0, 31340.0], [70942.5, 105000.0], [70987.5, 7670.0], [70990.0, 39510.0], [71035.0, 42200.0], [71050.0, 50000.0], [71062.5, 40440.0]]}}}
{"jsonrpc": "2.0", "method": "subscription", "params": {"channel": "book.BTC-20MAR26.none.20.100ms", "data": {"timestamp": 1773455676877, "change_id": 145485731523, "instrument_name": "BTC-20MAR26", "bids": [[70815.0, 4510.0], [70812.5, 2080.0], [70810.0, 4900.0], [70807.5, 13580.0], [70785.0, 480.0], [70782.5, 2050.0], [70780.0, 2500.0], [70777.5, 3000.0], [70767.5, 14020.0], [70765.0, 46970.0], [70752.5, 870.0], [70750.0, 2910.0], [70732.5, 2960.0], [70730.0, 9910.0], [70725.0, 5930.0], [70722.5, 19850.0], [70662.5, 6040.0], [70660.0, 20220.0], [70630.0, 50.0], [70627.5, 7670.0]], "asks": [[70817.5, 100.0], [70820.0, 2910.0], [70822.5, 1500.0], [70830.0, 600.0], [70872.5, 870.0], [70875.0, 2910.0], [70885.0, 5810.0], [70887.5, 19480.0], [70892.5, 14930.0], [70895.0, 52990.0], [70897.5, 10030.0], [70932.5, 6060.0], [70935.0, 20310.0], [70940.0, 31340.0], [70942.5, 105000.0], [70987.5, 7670.0], [70990.0, 39510.0], [71035.0, 42200.0], [71050.0, 50000.0], [71062.5, 40440.0]]}}}
{"jsonrpc": "2.0", "method": "subscription", "params": {"channel": "book.BTC-20MAR26.none.20.100ms", "data": {"timestamp": 1773455677522, "change_id": 145485732311, "instrument_name": "BTC-20MAR26", "bids": [[70815.0, 4510.0], [70812.5, 2080.0], [70810.0, 4900.0], [70807.5, 13580.0], [70785.0, 480.0], [70782.5, 2050.0], [70780.0, 2500.0], [70777.5, 3000.0], [70767.5, 14020.0], [70765.0, 46970.0], [70752.5, 870.0], [70750.0, 2910.0], [70732.5, 2960.0], [70730.0, 9910.0], [70725.0, 5930.0], [70722.5, 19850.0], [70662.5, 6040.0], [70660.0, 20220.0], [70630.0, 50.0], [70627.5, 7670.0]], "asks": [[70817.5, 100.0], [70822.5, 4410.0], [70830.0, 600.0], [70872.5, 870.0], [70875.0, 2910.0], [70885.0, 5810.0], [70887.5, 19480.0], [70892.5, 14930.0], [70895.0, 52990.0], [70897.5, 10030.0], [70932.5, 6060.0], [70935.0, 20310.0], [70940.0, 31340.0], [70942.5, 105000.0], [70987.5, 7670.0], [70990.0, 39510.0], [71035.0, 42200.0], [71050.0, 50000.0], [71062.5, 40440.0], [71112.5, 160.0]]}}}
{"jsonrpc": "2.0", "method": "subscription", "params": {"channel": "book.BTC-20MAR26.none.20.100ms", "data": {"timestamp": 1773455677808, "change_id": 145485732818, "instrument_name": "BTC-20MAR26", "bids": [[70815.0, 4510.0], [70812.5, 2080.0], [70810.0, 4900.0], [70807.5, 11500.0], [70785.0, 480.0], [70782.5, 2050.0], [70780.0, 2500.0], [70777.5, 3000.0], [70767.5, 14020.0], [70765.0, 46970.0], [70752.5, 870.0], [70750.0, 2910.0], [70732.5, 2960.0], [70730.0, 9910.0], [70725.0, 5930.0], [70722.5, 19850.0], [70662.5, 6040.0], [70660.0, 20220.0], [70630.0, 50.0], [70627.5, 7670.0]], "asks": [[70817.5, 100.0], [70820.0, 2910.0], [70822.5, 1500.0], [70830.0, 600.0], [70872.5, 870.0], [70875.0, 2910.0], [70885.0, 5810.0], [70887.5, 19480.0], [70892.5, 14930.0], [70895.0, 52990.0], [70897.5, 10030.0], [70932.5, 6060.0], [70935.0, 20310.0], [70940.0, 31340.0], [70942.5, 105000.0], [70987.5, 7670.0], [70990.0, 39510.0], [71035.0, 42200.0], [71050.0, 50000.0], [71062.5, 40440.0]]}}}
{"jsonrpc": "2.0", "method": "subscription", "params": {"channel": "book.BTC-20MAR26.none.20.100ms", "data": {"timestamp": 1773455678128, "change_id": 145485733293, "instrument_name": "BTC-20MAR26", "bids": [[70815.0, 4510.0], [70812.5, 2080.0], [70810.0, 4900.0], [70807.5, 11500.0], [70785.0, 480.0], [70782.5, 2050.0], [70780.0, 2500.0], [70777.5, 3000.0], [70770.0, 2000.0], [70767.5, 14020.0], [70765.0, 46970.0], [70752.5, 870.0], [70750.0, 2910.0], [70732.5, 2960.0], [70730.0, 9910.0], [70725.0, 5930.0], [70722.5, 19850.0], [70662.5, 6040.0], [70660.0, 20220.0], [70630.0, 50.0]], "asks": [[70817.5, 100.0], [70820.0, 2910.0], [70822.5, 1500.0], [70830.0, 600.0], [70872.5, 870.0], [70875.0, 2910.0], [70885.0, 5810.0], [70887.5, 19480.0], [70892.5, 14930.0], [70895.0, 52990.0], [70897.5, 10030.0], [70932.5, 6060.0], [70935.0, 20310.0], [70940.0, 31340.0], [70942.5, 105000.0], [70987.5, 7670.0], [70990.0, 39510.0], [71035.0, 42200.0], [71050.0, 50000.0], [71062.5, 40440.0]]}}}
{"jsonrpc": "2.0", "method": "subscription", "params": {"channel": "book.BTC-20MAR26.none.20.100ms", "data": {"timestamp": 1773455678620, "change_id": 145485734016, "instrument_name": "BTC-20MAR26", "bids": [[70815.0, 4510.0], [70812.5, 2080.0], [70810.0, 4900.0], [70807.5, 11500.0], [70785.0, 480.0], [70782.5, 2050.0], [70780.0, 2500.0], [70777.5, 3000.0], [70770.0, 2000.0], [70767.5, 14020.0], [70765.0, 46970.0], [70752.5, 870.0], [70750.0, 2910.0], [70732.5, 2960.0], [70730.0, 9910.0], [70725.0, 5930.0], [70722.5, 19850.0], [70662.5, 6040.0], [70660.0, 20220.0], [70630.0, 50.0]], "asks": [[70817.5, 100.0], [70820.0, 2910.0], [70822.5, 1500.0], [70830.0, 600.0], [70872.5, 870.0], [70875.0, 2910.0], [70885.0, 5810.0], [70887.5, 19480.0], [70892.5, 14930.0], [70895.0, 52990.0], [70897.5, 10030.0], [70932.5, 6060.0], [70935.0, 20310.0], [70940.0, 31340.0], [70942.5, 105000.0], [70987.5, 7670.0], [70990.0, 39510.0], [71035.0, 42200.0], [71050.0, 50000.0], [71062.5, 40440.0]]}}}
{"jsonrpc": "2.0", "method": "subscription", "params": {"channel": "book.BTC-20MAR26.none.20.100ms", "data": {"timestamp": 1773455679259, "change_id": 145485734750, "instrument_name": "BTC-20MAR26", "bids": [[70815.0, 4510.0], [70812.5, 2080.0], [70810.0, 4900.0], [70807.5, 11500.0], [70785.0, 480.0], [70782.5, 2050.0], [70780.0, 2500.0], [70777.5, 3000.0], [70770.0, 2000.0], [70767.5, 14020.0], [70765.0, 46970.0], [70752.5, 870.0], [70750.0, 2910.0], [70732.5, 2960.0], [70730.0, 9910.0], [70725.0, 5930.0], [70722.5, 19850.0], [70662.5, 6040.0], [70660.0, 20220.0], [70630.0, 50.0]], "asks": [[70817.5, 100.0], [70820.0, 2910.0], [70822.5, 1500.0], [70830.0, 600.0], [70872.5, 870.0], [70875.0, 2910.0], [70885.0, 5810.0], [70887.5, 19480.0], [70892.5, 14930.0], [70895.0, 52990.0], [70897.5, 10030.0], [70932.5, 6060.0], [70935.0, 20310.0], [70940.0, 31340.0], [70942.5, 105000.0], [70987.5, 7670.0], [70990.0, 39510.0], [71035.0, 42200.0], [71050.0, 50000.0], [71062.5, 40440.0]]}}}
{"jsonrpc": "2.0", "method": "subscription", "params": {"channel": "book.BTC-20MAR26.none.20.100ms", "data": {"timestamp": 1773455680596, "change_id": 145485736617, "instrument_name": "BTC-20MAR26", "bids": [[70815.0, 4510.0], [70812.5, 4840.0], [70810.0, 12160.0], [70807.5, 1500.0], [70785.0, 480.0], [70782.5, 2050.0], [70780.0, 2500.0], [70777.5, 3000.0], [70772.5, 600.0], [70770.0, 2000.0], [70767.5, 14020.0], [70765.0, 46970.0], [70752.5, 870.0], [70750.0, 2910.0], [70732.5, 2960.0], [70730.0, 9910.0], [70725.0, 5930.0], [70722.5, 19850.0], [70662.5, 6040.0], [70660.0, 20220.0]], "asks": [[70817.5, 100.0], [70820.0, 2910.0], [70822.5, 1500.0], [70830.0, 600.0], [70872.5, 870.0], [70875.0, 2910.0], [70885.0, 5810.0], [70887.5, 19480.0], [70892.5, 14930.0], [70895.0, 52990.0], [70897.5, 10030.0], [70932.5, 6060.0], [70935.0, 20310.0], [70940.0, 31340.0], [70942.5, 105000.0], [70987.5, 7670.0], [70990.0, 39510.0], [71035.0, 42200.0], [71050.0, 50000.0], [71062.5, 40440.0]]}}}
{"jsonrpc": "2.0", "method": "subscription", "params": {"channel": "book.BTC-20MAR26.none.20.100ms", "data": {"timestamp": 1773455681610, "change_id": 145485737861, "instrument_name": "BTC-20MAR26", "bids": [[70815.0, 2910.0], [70812.5, 4840.0], [70810.0, 12160.0], [70807.5, 1500.0], [70785.0, 480.0], [70782.5, 2050.0], [70780.0, 2500.0], [70777.5, 3000.0], [70772.5, 600.0], [70770.0, 2000.0], [70767.5, 14020.0], [70765.0, 46970.0], [70752.5, 870.0], [70750.0, 2910.0], [70732.5, 2960.0], [70730.0, 9910.0], [70725.0, 5930.0], [70722.5, 19850.0], [70662.5, 6040.0], [70660.0, 20220.0]], "asks": [[70817.5, 100.0], [70820.0, 2910.0], [70822.5, 1500.0], [70830.0, 600.0], [70872.5, 870.0], [70875.0, 2910.0], [70885.0, 5810.0], [70887.5, 19480.0], [70892.5, 14930.0], [70895.0, 52990.0], [70897.5, 10030.0], [70932.5, 6060.0], [70935.0, 20310.0], [70940.0, 31340.0], [70942.5, 105000.0], [70987.5, 7670.0], [70990.0, 39510.0], [71035.0, 42200.0], [71050.0, 50000.0], [71062.5, 40440.0]]}}}
{"jsonrpc": "2.0", "method": "subscription", "params": {"channel": "book.BTC-20MAR26.none.20.100ms", "data": {"timestamp": 1773455681761, "change_id": 145485738029, "instrument_name": "BTC-20MAR26", "bids": [[70815.0, 4510.0], [70812.5, 4840.0], [70810.0, 12160.0], [70807.5, 1500.0], [70785.0, 480.0], [70782.5, 2050.0], [70780.0, 2500.0], [70777.5, 3000.0], [70772.5, 600.0], [70770.0, 2000.0], [70767.5, 14020.0], [70765.0, 46970.0], [70752.5, 870.0], [70750.0, 2910.0], [70732.5, 2960.0], [70730.0, 9910.0], [70725.0, 19850.0], [70662.5, 6040.0], [70660.0, 20220.0], [70630.0, 50.0]], "asks": [[70817.5, 100.0], [70820.0, 2910.0], [70822.5, 1500.0], [70830.0, 600.0], [70872.5, 870.0], [70875.0, 2910.0], [70885.0, 5810.0], [70887.5, 19480.0], [70892.5, 14930.0], [70895.0, 52990.0], [70897.5, 10030.0], [70932.5, 6060.0], [70935.0, 20310.0], [70940.0, 31340.0], [70942.5, 105000.0], [70987.5, 7670.0], [70990.0, 39510.0], [71035.0, 42200.0], [71050.0, 50000.0], [71062.5, 40440.0]]}}}
{"jsonrpc": "2.0", "method": "subscription", "params": {"channel": "book.BTC-20MAR26.none.20.100ms", "data": {"timestamp": 1773455685240, "change_id": 145485742359, "instrument_name": "BTC-20MAR26", "bids": [[70812.5, 2910.0], [70810.0, 4470.0], [70807.5, 10000.0], [70802.5, 450.0], [70800.0, 1500.0], [70785.0, 480.0], [70782.5, 2050.0], [70780.0, 2500.0], [70777.5, 3000.0], [70772.5, 600.0], [70770.0, 2000.0], [70767.5, 14020.0], [70765.0, 46970.0], [70752.5, 870.0], [70750.0, 2910.0], [70732.5, 2960.0], [70730.0, 9910.0], [70727.5, 5930.0], [70725.0, 19850.0], [70662.5, 6040.0]], "asks": [[70815.0, 2910.0], [70817.5, 100.0], [70820.0, 450.0], [70822.5, 1500.0], [70830.0, 600.0], [70872.5, 870.0], [70875.0, 2910.0], [70885.0, 5810.0], [70887.5, 19480.0], [70892.5, 14930.0], [70895.0, 52990.0], [70897.5, 10030.0], [70932.5, 6060.0], [70935.0, 20310.0], [70940.0, 31340.0], [70942.5, 105000.0], [70987.5, 7670.0], [70990.0, 39510.0], [71035.0, 42200.0], [71050.0, 50000.0]]}}}
{"jsonrpc": "2.0", "method": "subscription", "params": {"channel": "book.BTC-20MAR26.none.20.100ms", "data": {"timestamp": 1773455685523, "change_id": 145485742810, "instrument_name": "BTC-20MAR26", "bids": [[70812.5, 6150.0], [70810.0, 11680.0], [70802.5, 450.0], [70800.0, 1500.0], [70785.0, 480.0], [70782.5, 2050.0], [70780.0, 2500.0], [70777.5, 3000.0], [70772.5, 600.0], [70770.0, 2000.0], [70767.5, 14020.0], [70765.0, 46970.0], [70752.5, 870.0], [70750.0, 2910.0], [70732.5, 2960.0], [70730.0, 9910.0], [70727.5, 5930.0], [70725.0, 19850.0], [70662.5, 6040.0], [70660.0, 20220.0]], "asks": [[70817.5, 3010.0], [70820.0, 450.0], [70822.5, 1500.0], [70825.0, 480.0], [70827.5, 1600.0], [70830.0, 600.0], [70872.5, 870.0], [70875.0, 2910.0], [70885.0, 5810.0], [70887.5, 19480.0], [70892.5, 14930.0], [70895.0, 52990.0], [70897.5, 10030.0], [70932.5, 6060.0], [70935.0, 20310.0], [70940.0, 31340.0], [70942.5, 105000.0], [70987.5, 7670.0], [70990.0, 39510.0], [71035.0, 42200.0]]}}}
{"jsonrpc": "2.0", "method": "subscription", "params": {"channel": "book.BTC-20MAR26.none.20.100ms", "data": {"timestamp": 1773455685741, "change_id": 145485743169, "instrument_name": "BTC-20MAR26", "bids": [[70815.0, 2910.0], [70812.5, 3240.0], [70810.0, 10080.0], [70802.5, 450.0], [70800.0, 1500.0], [70785.0, 480.0], [70782.5, 2050.0], [70780.0, 2500.0], [70777.5, 3000.0], [70772.5, 600.0], [70770.0, 2000.0], [70767.5, 14020.0], [70765.0, 46970.0], [70752.5, 870.0], [70750.0, 2910.0], [70732.5, 2960.0], [70730.0, 9910.0], [70727.5, 5930.0], [70725.0, 19850.0], [70662.5, 6040.0]], "asks": [[70817.5, 100.0], [70820.0, 3360.0], [70822.5, 1500.0], [70825.0, 480.0], [70827.5, 1600.0], [70830.0, 600.0], [70872.5, 870.0], [70875.0, 2910.0], [70885.0, 5810.0], [70887.5, 19480.0], [70892.5, 14930.0], [70895.0, 52990.0], [70897.5, 10030.0], [70932.5, 6060.0], [70935.0, 20310.0], [70940.0, 31340.0], [70942.5, 105000.0], [70987.5, 7670.0], [70990.0, 39510.0], [71035.0, 42200.0]]}}}
{"jsonrpc": "2.0", "method": "subscription", "params": {"channel": "book.BTC-20MAR26.none.20.100ms", "data": {"timestamp": 1773455686523, "change_id": 145485744150, "instrument_name": "BTC-20MAR26", "bids": [[70815.0, 2910.0], [70810.0, 10080.0], [70802.5, 450.0], [70800.0, 1500.0], [70785.0, 480.0], [70782.5, 2050.0], [70780.0, 2500.0], [70777.5, 3000.0], [70772.5, 600.0], [70770.0, 2000.0], [70767.5, 14020.0], [70765.0, 46970.0], [70752.5, 870.0], [70750.0, 2910.0], [70732.5, 2960.0], [70730.0, 9910.0], [70727.5, 5930.0], [70725.0, 19850.0], [70662.5, 6040.0], [70660.0, 20220.0]], "asks": [[70817.5, 100.0], [70820.0, 3360.0], [70822.5, 1500.0], [70825.0, 480.0], [70827.5, 1600.0], [70830.0, 600.0], [70872.5, 870.0], [70875.0, 2910.0], [70885.0, 5810.0], [70887.5, 19480.0], [70892.5, 14930.0], [70895.0, 52990.0], [70897.5, 10030.0], [70932.5, 6060.0], [70935.0, 20310.0], [70940.0, 31340.0], [70942.5, 105000.0], [70987.5, 7670.0], [70990.0, 39510.0], [71035.0, 42200.0]]}}}
{"jsonrpc": "2.0", "method": "subscription", "params": {"channel": "book.BTC-20MAR26.none.20.100ms", "data": {"timestamp": 1773455687231, "change_id": 145485745107, "instrument_name": "BTC-20MAR26", "bids": [[70815.0, 2910.0], [70812.5, 3010.0], [70810.0, 10080.0], [70802.5, 450.0], [70800.0, 1500.0], [70785.0, 480.0], [70782.5, 2050.0], [70780.0, 2500.0], [70777.5, 3000.0], [70772.5, 600.0], [70770.0, 2000.0], [70767.5, 14020.0], [70765.0, 46970.0], [70752.5, 870.0], [70750.0, 2910.0], [70737.5, 5930.0], [70735.0, 19850.0], [70732.5, 2960.0], [70730.0, 9910.0], [70662.5, 6040.0]], "asks": [[70817.5, 100.0], [70820.0, 3360.0], [70822.5, 1500.0], [70825.0, 480.0], [70827.5, 1600.0], [70830.0, 600.0], [70872.5, 870.0], [70875.0, 2910.0], [70885.0, 5810.0], [70887.5, 19480.0], [70892.5, 14930.0], [70895.0, 52990.0], [70897.5, 10030.0], [70932.5, 6060.0], [70935.0, 20310.0], [70940.0, 31340.0], [70942.5, 105000.0], [70987.5, 7670.0], [70990.0, 39510.0], [71035.0, 42200.0]]}}}
{"jsonrpc": "2.0", "method": "subscription", "params": {"channel": "book.BTC-20MAR26.none.20.100ms", "data": {"timestamp": 1773455687274, "change_id": 145485745119, "instrument_name": "BTC-20MAR26", "bids": [[70815.0, 2910.0], [70810.0, 10080.0], [70802.5, 450.0], [70800.0, 1500.0], [70785.0, 480.0], [70782.5, 2050.0], [70780.0, 2500.0], [70777.5, 3000.0], [70772.5, 600.0], [70770.0, 2000.0], [70767.5, 14020.0], [70765.0, 46970.0], [70752.5, 870.0], [70750.0, 2910.0], [70737.5, 5930.0], [70735.0, 19850.0], [70732.5, 2960.0], [70730.0, 9910.0], [70662.5, 6040.0], [70660.0, 20220.0]], "asks": [[70817.5, 100.0], [70820.0, 3360.0], [70822.5, 1500.0], [70825.0, 480.0], [70827.5, 1600.0], [70830.0, 600.0], [70872.5, 870.0], [70875.0, 2910.0], [70885.0, 5810.0], [70887.5, 19480.0], [70892.5, 14930.0], [70895.0, 52990.0], [70897.5, 10030.0], [70932.5, 6060.0], [70935.0, 20310.0], [70940.0, 31340.0], [70942.5, 105000.0], [70987.5, 7670.0], [70990.0, 39510.0], [71035.0, 42200.0]]}}}
{"jsonrpc": "2.0", "method": "subscription", "params": {"channel": "book.BTC-20MAR26.none.20.100ms", "data": {"timestamp": 1773455687725, "change_id": 145485746004, "instrument_name": "BTC-20MAR26", "bids": [[70815.0, 2910.0], [70810.0, 10000.0], [70802.5, 450.0], [70800.0, 1580.0], [70785.0, 480.0], [70782.5, 2050.0], [70780.0, 2500.0], [70777.5, 3000.0], [70767.5, 14020.0], [70765.0, 48970.0], [70752.5, 870.0], [70750.0, 2910.0], [70732.5, 2960.0], [70730.0, 9910.0], [70725.0, 19850.0], [70662.5, 6040.0], [70660.0, 20220.0], [70630.0, 50.0], [70627.5, 7670.0], [70625.0, 40790.0]], "asks": [[70817.5, 3200.0], [70820.0, 3360.0], [70825.0, 480.0], [70827.5, 1600.0], [70830.0, 600.0], [70872.5, 870.0], [70875.0, 2910.0], [70885.0, 5810.0], [70887.5, 19480.0], [70895.0, 2990.0], [70897.5, 60030.0], [70932.5, 6060.0], [70935.0, 20310.0], [70940.0, 31340.0], [70942.5, 105000.0], [70987.5, 7670.0], [70990.0, 39510.0], [71035.0, 42200.0], [71050.0, 50000.0], [71062.5, 40440.0]]}}}
{"jsonrpc": "2.0", "method": "subscription", "params": {"channel": "book.BTC-20MAR26.none.20.100ms", "data": {"timestamp": 1773455688770, "change_id": 145485747306, "instrument_name": "BTC-20MAR26", "bids": [[70815.0, 2910.0], [70810.0, 10000.0], [70802.5, 450.0], [70800.0, 1580.0], [70785.0, 480.0], [70782.5, 2050.0], [70780.0, 2500.0], [70777.5, 3000.0], [70767.5, 14020.0], [70765.0, 48970.0], [70752.5, 870.0], [70750.0, 2910.0], [70732.5, 2960.0], [70730.0, 9910.0], [70727.5, 5930.0], [70725.0, 19850.0], [70662.5, 6040.0], [70660.0, 20220.0], [70630.0, 50.0], [70627.5, 7670.0]], "asks": [[70817.5, 6110.0], [70825.0, 480.0], [70827.5, 1600.0], [70830.0, 600.0], [70872.5, 870.0], [70875.0, 2910.0], [70885.0, 5810.0], [70887.5, 19480.0], [70892.5, 50000.0], [70895.0, 2990.0], [70897.5, 10030.0], [70932.5, 6060.0], [70935.0, 20310.0], [70940.0, 31340.0], [70942.5, 105000.0], [70987.5, 7670.0], [70990.0, 39510.0], [71035.0, 42200.0], [71050.0, 50000.0], [71062.5, 40440.0]]}}}
{"jsonrpc": "2.0", "method": "subscription", "params": {"channel": "book.BTC-20MAR26.none.20.100ms", "data": {"timestamp": 1773455689500, "change_id": 145485748668, "instrument_name": "BTC-20MAR26", "bids": [[70807.5, 10000.0], [70802.5, 2910.0], [70800.0, 80.0], [70795.0, 450.0], [70792.5, 1500.0], [70785.0, 480.0], [70782.5, 2050.0], [70780.0, 2500.0], [70777.5, 3000.0], [70767.5, 14020.0], [70765.0, 46970.0], [70752.5, 870.0], [70750.0, 2910.0], [70732.5, 2960.0], [70730.0, 9910.0], [70727.5, 5930.0], [70725.0, 19850.0], [70662.5, 6040.0], [70660.0, 20220.0], [70630.0, 50.0]], "asks": [[70810.0, 2910.0], [70812.5, 2080.0], [70815.0, 2560.0], [70817.5, 3200.0], [70825.0, 480.0], [70827.5, 1600.0], [70830.0, 600.0], [70872.5, 870.0], [70875.0, 2910.0], [70885.0, 5810.0], [70887.5, 19480.0], [70895.0, 2990.0], [70897.5, 60030.0], [70932.5, 6060.0], [70935.0, 20310.0], [70940.0, 31340.0], [70942.5, 105000.0], [70987.5, 7670.0], [70990.0, 39510.0], [71035.0, 42200.0]]}}}
{"jsonrpc": "2.0", "method": "subscription", "params": {"channel": "book.BTC-20MAR26.none.20.100ms", "data": {"timestamp": 1773455689796, "change_id": 145485749531, "instrument_name": "BTC-20MAR26", "bids": [[70802.5, 4510.0], [70800.0, 2790.0], [70797.5, 10000.0], [70790.0, 530.0], [70787.5, 1500.0], [70785.0, 480.0], [70782.5, 2050.0], [70780.0, 2500.0], [70777.5, 3000.0], [70767.5, 14020.0], [70765.0, 46970.0], [70752.5, 870.0], [70750.0, 2910.0], [70732.5, 2960.0], [70730.0, 9910.0], [70727.5, 5930.0], [70725.0, 19850.0], [70662.5, 6040.0], [70660.0, 20220.0], [70630.0, 50.0]], "asks": [[70805.0, 2910.0], [70807.5, 450.0], [70810.0, 1980.0], [70812.5, 2080.0], [70815.0, 1600.0], [70817.5, 100.0], [70820.0, 480.0], [70822.5, 1600.0], [70825.0, 480.0], [70827.5, 1600.0], [70830.0, 600.0], [70872.5, 870.0], [70875.0, 2910.0], [70885.0, 5810.0], [70887.5, 19480.0], [70895.0, 17540.0], [70897.5, 60030.0], [70932.5, 6060.0], [70935.0, 20310.0], [70940.0, 31340.0]]}}}
{"jsonrpc": "2.0", "method": "subscription", "params": {"channel": "book.BTC-20MAR26.none.20.100ms", "data": {"timestamp": 1773455690194, "change_id": 145485750214, "instrument_name": "BTC-20MAR26", "bids": [[70802.5, 1600.0], [70800.0, 14400.0], [70790.0, 530.0], [70787.5, 1500.0], [70785.0, 480.0], [70782.5, 2050.0], [70780.0, 2500.0], [70777.5, 3000.0], [70767.5, 14020.0], [70765.0, 46970.0], [70752.5, 870.0], [70750.0, 2910.0], [70732.5, 2960.0], [70730.0, 9910.0], [70727.5, 5930.0], [70725.0, 19850.0], [70662.5, 6040.0], [70660.0, 20220.0], [70630.0, 50.0], [70627.5, 7670.0]], "asks": [[70805.0, 2910.0], [70807.5, 450.0], [70810.0, 1980.0], [70812.5, 2080.0], [70815.0, 1600.0], [70817.5, 100.0], [70820.0, 480.0], [70822.5, 1600.0], [70825.0, 480.0], [70827.5, 1600.0], [70830.0, 600.0], [70872.5, 870.0], [70875.0, 2910.0], [70885.0, 5810.0], [70887.5, 19480.0], [70895.0, 17540.0], [70897.5, 60030.0], [70932.5, 6060.0], [70935.0, 20310.0], [70940.0, 31340.0]]}}}
{"jsonrpc": "2.0", "method": "subscription", "params": {"channel": "book.BTC-20MAR26.none.20.100ms", "data": {"timestamp": 1773455690428, "change_id": 145485750665, "instrument_name": "BTC-20MAR26", "bids": [[70802.5, 2910.0], [70797.5, 10000.0], [70790.0, 530.0], [70787.5, 1500.0], [70785.0, 480.0], [70782.5, 2050.0], [70780.0, 2500.0], [70777.5, 3000.0], [70767.5, 14020.0], [70765.0, 46970.0], [70752.5, 870.0], [70750.0, 2910.0], [70732.5, 2960.0], [70730.0, 9910.0], [70727.5, 5930.0], [70725.0, 19850.0], [70662.5, 6040.0], [70660.0, 20220.0], [70630.0, 50.0], [70627.5, 7670.0]], "asks": [[70805.0, 4410.0], [70810.0, 480.0], [70812.5, 2080.0], [70815.0, 1600.0], [70817.5, 100.0], [70820.0, 480.0], [70822.5, 1600.0], [70825.0, 480.0], [70827.5, 1600.0], [70830.0, 600.0], [70872.5, 870.0], [70875.0, 2910.0], [70885.0, 5810.0], [70887.5, 19480.0], [70895.0, 17540.0], [70897.5, 60030.0], [70932.5, 6060.0], [70935.0, 20310.0], [70940.0, 31340.0], [70942.5, 105000.0]]}}}
{"jsonrpc": "2.0", "method": "subscription", "params": {"channel": "book.BTC-20MAR26.none.20.100ms", "data": {"timestamp": 1773455690858, "change_id": 145485751290, "instrument_name": "BTC-20MAR26", "bids": [[70802.5, 4510.0], [70797.5, 10000.0], [70790.0, 530.0], [70787.5, 1500.0], [70785.0, 480.0], [70782.5, 2050.0], [70780.0, 2500.0], [70777.5, 3000.0], [70767.5, 14020.0], [70765.0, 46970.0], [70752.5, 870.0], [70750.0, 2910.0], [70732.5, 2960.0], [70730.0, 9910.0], [70727.5, 5930.0], [70725.0, 19850.0], [70662.5, 6040.0], [70660.0, 20220.0], [70630.0, 50.0], [70627.5, 7670.0]], "asks": [[70805.0, 1500.0], [70807.5, 2910.0], [70812.5, 480.0], [70815.0, 1600.0], [70817.5, 100.0], [70820.0, 480.0], [70822.5, 1600.0], [70825.0, 480.0], [70827.5, 1600.0], [70830.0, 600.0], [70872.5, 870.0], [70875.0, 2910.0], [70885.0, 5810.0], [70887.5, 19480.0], [70895.0, 17540.0], [70897.5, 60030.0], [70932.5, 6060.0], [70935.0, 20310.0], [70940.0, 31340.0], [70942.5, 105000.0]]}}}
{"jsonrpc": "2.0", "method": "subscription", "params": {"channel": "book.BTC-20MAR26.none.20.100ms", "data": {"timestamp": 1773455691127, "change_id": 145485751600, "instrument_name": "BTC-20MAR26", "bids": [[70802.5, 4510.0], [70797.5, 10000.0], [70790.0, 530.0], [70787.5, 1500.0], [70785.0, 480.0], [70782.5, 2050.0], [70780.0, 2500.0], [70777.5, 3000.0], [70767.5, 14020.0], [70765.0, 46970.0], [70755.0, 600.0], [70752.5, 2870.0], [70750.0, 2910.0], [70732.5, 2960.0], [70730.0, 9910.0], [70727.5, 5930.0], [70725.0, 19850.0], [70662.5, 6040.0], [70660.0, 20220.0], [70630.0, 50.0]], "asks": [[70805.0, 1500.0], [70807.5, 2910.0], [70812.5, 480.0], [70815.0, 1600.0], [70817.5, 100.0], [70820.0, 480.0], [70822.5, 1600.0], [70825.0, 480.0], [70827.5, 1600.0], [70830.0, 600.0], [70872.5, 870.0], [70875.0, 2910.0], [70885.0, 5810.0], [70887.5, 19480.0], [70895.0, 17540.0], [70897.5, 60030.0], [70932.5, 6060.0], [70935.0, 20310.0], [70940.0, 31340.0], [70942.5, 105000.0]]}}}
{"jsonrpc": "2.0", "method": "subscription", "params": {"channel": "book.BTC-20MAR26.none.20.100ms", "data": {"timestamp": 1773455691523, "change_id": 145485753684, "instrument_name": "BTC-20MAR26", "bids": [[70815.0, 4510.0], [70812.5, 3220.0], [70810.0, 12080.0], [70807.5, 2080.0], [70805.0, 1680.0], [70787.5, 1500.0], [70785.0, 480.0], [70782.5, 2050.0], [70780.0, 2500.0], [70777.5, 3000.0], [70767.5, 14020.0], [70765.0, 46970.0], [70752.5, 870.0], [70750.0, 2910.0], [70732.5, 2960.0], [70730.0, 9910.0], [70720.0, 19850.0], [70662.5, 6040.0], [70660.0, 20220.0], [70630.0, 50.0]], "asks": [[70817.5, 100.0], [70825.0, 870.0], [70827.5, 2910.0], [70830.0, 600.0], [70872.5, 870.0], [70875.0, 2910.0], [70885.0, 5810.0], [70887.5, 19480.0], [70895.0, 52990.0], [70897.5, 10030.0], [70932.5, 6060.0], [70935.0, 20310.0], [70940.0, 31340.0], [70942.5, 105000.0], [70987.5, 7670.0], [70990.0, 39510.0], [71035.0, 42200.0], [71062.5, 40440.0], [71095.0, 50000.0], [71112.5, 160.0]]}}}
{"jsonrpc": "2.0", "method": "subscription", "params": {"channel": "book.BTC-20MAR26.none.20.100ms", "data": {"timestamp": 1773455691858, "change_id": 145485756216, "instrument_name": "BTC-20MAR26", "bids": [[70827.5, 2910.0], [70820.0, 940.0], [70817.5, 6390.0], [70815.0, 11600.0], [70812.5, 330.0], [70810.0, 1600.0], [70785.0, 340.0], [70782.5, 2050.0], [70780.0, 2500.0], [70777.5, 3000.0], [70767.5, 14020.0], [70765.0, 46970.0], [70752.5, 870.0], [70750.0, 2910.0], [70732.5, 2960.0], [70730.0, 15840.0], [70727.5, 19850.0], [70662.5, 6040.0], [70660.0, 20220.0], [70630.0, 50.0]], "asks": [[70830.0, 600.0], [70840.0, 2910.0], [70872.5, 870.0], [70875.0, 2910.0], [70885.0, 5810.0], [70887.5, 19480.0], [70895.0, 2990.0], [70897.5, 10030.0], [70920.0, 14930.0], [70922.5, 50000.0], [70932.5, 6060.0], [70935.0, 20310.0], [70940.0, 31340.0], [70942.5, 105000.0], [70987.5, 7670.0], [70990.0, 39510.0], [71035.0, 42200.0], [71062.5, 40440.0], [71070.0, 1500.0], [71095.0, 50000.0]]}}}
{"jsonrpc": "2.0", "method": "subscription", "params": {"channel": "book.BTC-20MAR26.none.20.100ms", "data": {"timestamp": 1773455692164, "change_id": 145485757016, "instrument_name": "BTC-20MAR26", "bids": [[70827.5, 2910.0], [70820.0, 940.0], [70817.5, 6390.0], [70815.0, 11600.0], [70812.5, 330.0], [70810.0, 1600.0], [70785.0, 340.0], [70782.5, 2050.0], [70780.0, 2500.0], [70777.5, 3000.0], [70767.5, 14020.0], [70765.0, 46970.0], [70752.5, 870.0], [70750.0, 2910.0], [70732.5, 2960.0], [70730.0, 15840.0], [70727.5, 19850.0], [70662.5, 6040.0], [70660.0, 20220.0], [70632.5, 105000.0]], "asks": [[70830.0, 600.0], [70840.0, 2910.0], [70872.5, 870.0], [70875.0, 2910.0], [70885.0, 5810.0], [70887.5, 19480.0], [70895.0, 2990.0], [70897.5, 10030.0], [70900.0, 14930.0], [70902.5, 50000.0], [70932.5, 6060.0], [70935.0, 20310.0], [70940.0, 31340.0], [70942.5, 105000.0], [70987.5, 7670.0], [70990.0, 39510.0], [71035.0, 42200.0], [71050.0, 1500.0], [71062.5, 40440.0], [71095.0, 50000.0]]}}}
{"jsonrpc": "2.0", "method": "subscription", "params": {"channel": "book.BTC-20MAR26.none.20.100ms", "data": {"timestamp": 1773455692402, "change_id": 145485757550, "instrument_name": "BTC-20MAR26", "bids": [[70827.5, 2910.0], [70820.0, 940.0], [70817.5, 6390.0], [70815.0, 11600.0], [70812.5, 330.0], [70810.0, 1600.0], [70785.0, 340.0], [70782.5, 2050.0], [70780.0, 2500.0], [70777.5, 3000.0], [70767.5, 14020.0], [70765.0, 46970.0], [70752.5, 870.0], [70750.0, 2910.0], [70732.5, 2960.0], [70730.0, 15840.0], [70727.5, 19850.0], [70662.5, 6040.0], [70660.0, 20220.0], [70632.5, 105000.0]], "asks": [[70830.0, 600.0], [70840.0, 2910.0], [70872.5, 870.0], [70875.0, 2910.0], [70885.0, 5810.0], [70887.5, 19480.0], [70895.0, 17540.0], [70897.5, 60030.0], [70932.5, 6060.0], [70935.0, 20310.0], [70940.0, 31340.0], [70942.5, 105000.0], [70987.5, 7670.0], [70990.0, 39510.0], [71015.0, 1500.0], [71035.0, 42200.0], [71062.5, 40440.0], [71095.0, 50000.0], [71112.5, 160.0], [71125.0, 58960.0]]}}}
{"jsonrpc": "2.0", "method": "subscription", "params": {"channel": "book.BTC-20MAR26.none.20.100ms", "data": {"timestamp": 1773455692693, "change_id": 145485758446, "instrument_name": "BTC-20MAR26", "bids": [[70827.5, 4510.0], [70825.0, 2790.0], [70822.5, 10000.0], [70820.0, 560.0], [70817.5, 1980.0], [70815.0, 1600.0], [70785.0, 340.0], [70782.5, 2050.0], [70780.0, 2500.0], [70777.5, 3000.0], [70767.5, 14020.0], [70765.0, 46970.0], [70752.5, 870.0], [70750.0, 2910.0], [70732.5, 2960.0], [70730.0, 15840.0], [70727.5, 19850.0], [70662.5, 6040.0], [70660.0, 20220.0], [70632.5, 105000.0]], "asks": [[70830.0, 600.0], [70840.0, 2910.0], [70872.5, 870.0], [70875.0, 2910.0], [70885.0, 5810.0], [70887.5, 19480.0], [70895.0, 17540.0], [70897.5, 60030.0], [70932.5, 6060.0], [70935.0, 20310.0], [70940.0, 31340.0], [70942.5, 105000.0], [70987.5, 1530.0], [70990.0, 39510.0], [70997.5, 1500.0], [71035.0, 42200.0], [71062.5, 40440.0], [71095.0, 50000.0], [71112.5, 160.0], [71125.0, 58960.0]]}}}
{"jsonrpc": "2.0", "method": "subscription", "params": {"channel": "book.BTC-20MAR26.none.20.100ms", "data": {"timestamp": 1773455693128, "change_id": 145485759062, "instrument_name": "BTC-20MAR26", "bids": [[70827.5, 4510.0], [70825.0, 2790.0], [70822.5, 10000.0], [70820.0, 560.0], [70817.5, 1980.0], [70815.0, 1600.0], [70787.5, 600.0], [70785.0, 2340.0], [70782.5, 2050.0], [70780.0, 2500.0], [70777.5, 3000.0], [70767.5, 14020.0], [70765.0, 46970.0], [70752.5, 870.0], [70750.0, 2910.0], [70732.5, 2960.0], [70730.0, 15840.0], [70727.5, 19850.0], [70662.5, 6040.0], [70660.0, 20220.0]], "asks": [[70830.0, 600.0], [70840.0, 2910.0], [70872.5, 870.0], [70875.0, 2910.0], [70885.0, 5810.0], [70887.5, 19480.0], [70895.0, 17540.0], [70897.5, 60030.0], [70932.5, 6060.0], [70935.0, 20310.0], [70940.0, 31340.0], [70942.5, 105000.0], [70985.0, 1500.0], [70987.5, 1530.0], [70990.0, 39510.0], [71035.0, 42200.0], [71062.5, 40440.0], [71095.0, 50000.0], [71112.5, 160.0], [71125.0, 58960.0]]}}}
{"jsonrpc": "2.0", "method": "subscription", "params": {"channel": "book.BTC-20MAR26.none.20.100ms", "data": {"timestamp": 1773455693505, "change_id": 145485759738, "instrument_name": "BTC-20MAR26", "bids": [[70827.5, 4510.0], [70825.0, 2790.0], [70822.5, 10000.0], [70820.0, 560.0], [70817.5, 1980.0], [70815.0, 1600.0], [70787.5, 600.0], [70785.0, 2340.0], [70782.5, 2050.0], [70780.0, 2500.0], [70777.5, 3000.0], [70767.5, 14020.0], [70765.0, 46970.0], [70752.5, 870.0], [70750.0, 2910.0], [70732.5, 2960.0], [70730.0, 15840.0], [70727.5, 19850.0], [70662.5, 6040.0], [70660.0, 20220.0]], "asks": [[70830.0, 600.0], [70840.0, 2910.0], [70872.5, 870.0], [70875.0, 2910.0], [70885.0, 5810.0], [70887.5, 19480.0], [70895.0, 17540.0], [70897.5, 60030.0], [70932.5, 6060.0], [70935.0, 20310.0], [70940.0, 31340.0], [70942.5, 105000.0], [70957.5, 1500.0], [70987.5, 1530.0], [70990.0, 39510.0], [71035.0, 42200.0], [71062.5, 40440.0], [71095.0, 50000.0], [71112.5, 160.0], [71125.0, 58960.0]]}}}
{"jsonrpc": "2.0", "method": "subscription", "params": {"channel": "book.BTC-20MAR26.none.20.100ms", "data": {"timestamp": 1773455693798, "change_id": 145485760154, "instrument_name": "BTC-20MAR26", "bids": [[70827.5, 4510.0], [70825.0, 2790.0], [70822.5, 10000.0], [70820.0, 560.0], [70817.5, 1500.0], [70787.5, 600.0], [70785.0, 2340.0], [70782.5, 2050.0], [70780.0, 2500.0], [70777.5, 3000.0], [70767.5, 14020.0], [70765.0, 46970.0], [70752.5, 870.0], [70750.0, 2910.0], [70732.5, 2960.0], [70730.0, 15840.0], [70727.5, 19850.0], [70662.5, 6040.0], [70660.0, 20220.0], [70632.5, 105000.0]], "asks": [[70830.0, 600.0], [70840.0, 2910.0], [70872.5, 870.0], [70875.0, 2910.0], [70885.0, 5810.0], [70887.5, 19480.0], [70895.0, 17540.0], [70897.5, 60030.0], [70932.5, 6060.0], [70935.0, 20310.0], [70940.0, 31340.0], [70942.5, 105000.0], [70947.5, 1500.0], [70987.5, 1530.0], [70990.0, 39510.0], [71035.0, 42200.0], [71062.5, 40440.0], [71095.0, 50000.0], [71112.5, 160.0], [71125.0, 58960.0]]}}}
{"jsonrpc": "2.0", "method": "subscription", "params": {"channel": "book.BTC-20MAR26.none.20.100ms", "data": {"timestamp": 1773455694162, "change_id": 145485763057, "instrument_name": "BTC-20MAR26", "bids": [[70855.0, 2910.0], [70840.0, 1600.0], [70837.5, 1600.0], [70835.0, 1680.0], [70832.5, 1600.0], [70830.0, 11600.0], [70817.5, 1500.0], [70815.0, 3000.0], [70812.5, 2910.0], [70780.0, 1600.0], [70765.0, 57340.0], [70632.5, 105000.0], [70630.0, 50.0], [70627.5, 7670.0], [70625.0, 40790.0], [70580.0, 100.0], [70560.0, 160.0], [70557.5, 24570.0], [70545.0, 50000.0], [70520.0, 210000.0]], "asks": [[70860.0, 2910.0], [70882.5, 6580.0], [70930.0, 21080.0], [70937.5, 62820.0], [70942.5, 105000.0], [70987.5, 1530.0], [71035.0, 42200.0], [71062.5, 40440.0], [71095.0, 50000.0], [71112.5, 160.0], [71125.0, 58960.0], [71137.5, 24570.0], [71140.0, 210000.0], [71227.5, 6140.0], [71230.0, 60170.0], [71257.5, 50000.0], [71307.5, 200.0], [71327.5, 10.0], [71347.5, 98340.0], [71350.0, 50000.0]]}}}
{"jsonrpc": "2.0", "method": "subscription", "params": {"channel": "book.BTC-20MAR26.none.20.100ms", "data": {"timestamp": 1773455694471, "change_id": 145485765201, "instrument_name": "BTC-20MAR26", "bids": [[70860.0, 2910.0], [70845.0, 1500.0], [70842.5, 80.0], [70840.0, 1600.0], [70837.5, 11600.0], [70835.0, 1600.0], [70832.5, 1600.0], [70830.0, 1600.0], [70820.0, 3000.0], [70812.5, 2910.0], [70780.0, 1600.0], [70765.0, 57340.0], [70635.0, 19850.0], [70632.5, 105000.0], [70630.0, 50.0], [70627.5, 7670.0], [70625.0, 40790.0], [70610.0, 20220.0], [70580.0, 100.0], [70560.0, 160.0]], "asks": [[70865.0, 2910.0], [70882.5, 1600.0], [70930.0, 1600.0], [70935.0, 19480.0], [70937.5, 12820.0], [70940.0, 50000.0], [70942.5, 105000.0], [70950.0, 1500.0], [70987.5, 1530.0], [71035.0, 42200.0], [71042.5, 20310.0], [71055.0, 39510.0], [71095.0, 50000.0], [71112.5, 160.0], [71137.5, 24570.0], [71140.0, 210000.0], [71160.0, 40440.0], [71227.5, 6140.0], [71230.0, 60170.0], [71247.5, 58960.0]]}}}
{"jsonrpc": "2.0", "method": "subscription", "params": {"channel": "book.BTC-20MAR26.none.20.100ms", "data": {"timestamp": 1773455694810, "change_id": 145485766519, "instrument_name": "BTC-20MAR26", "bids": [[70860.0, 5700.0], [70857.5, 10000.0], [70847.5, 450.0], [70845.0, 1500.0], [70842.5, 560.0], [70840.0, 2080.0], [70837.5, 2080.0], [70835.0, 2080.0], [70832.5, 2080.0], [70830.0, 1600.0], [70827.5, 900.0], [70825.0, 3000.0], [70812.5, 2910.0], [70765.0, 57340.0], [70760.0, 4670.0], [70635.0, 19850.0], [70632.5, 105000.0], [70630.0, 50.0], [70627.5, 7670.0], [70625.0, 40790.0]], "asks": [[70865.0, 2910.0], [70927.5, 480.0], [70930.0, 1600.0], [70932.5, 5810.0], [70935.0, 24810.0], [70937.5, 27750.0], [70940.0, 81340.0], [70942.5, 105000.0], [70985.0, 460.0], [70987.5, 1530.0], [71027.5, 3020.0], [71035.0, 42200.0], [71042.5, 20310.0], [71055.0, 39510.0], [71095.0, 50000.0], [71112.5, 160.0], [71137.5, 24570.0], [71140.0, 210000.0], [71160.0, 40440.0], [71227.5, 6140.0]]}}}
{"jsonrpc": "2.0", "method": "subscription", "params": {"channel": "book.BTC-20MAR26.none.20.100ms", "data": {"timestamp": 1773455695072, "change_id": 145485767806, "instrument_name": "BTC-20MAR26", "bids": [[70860.0, 5700.0], [70857.5, 10000.0], [70847.5, 450.0], [70845.0, 1500.0], [70842.5, 560.0], [70840.0, 2080.0], [70837.5, 2080.0], [70835.0, 2080.0], [70832.5, 2080.0], [70830.0, 1600.0], [70827.5, 900.0], [70825.0, 3000.0], [70812.5, 2910.0], [70765.0, 57340.0], [70760.0, 4670.0], [70635.0, 19850.0], [70632.5, 105000.0], [70630.0, 50.0], [70627.5, 7670.0], [70625.0, 40790.0]], "asks": [[70865.0, 2910.0], [70927.5, 860.0], [70930.0, 3100.0], [70932.5, 5810.0], [70935.0, 23310.0], [70937.5, 27750.0], [70940.0, 81340.0], [70942.5, 105000.0], [71025.0, 900.0], [71027.5, 3020.0], [71035.0, 42200.0], [71042.5, 20310.0], [71055.0, 39510.0], [71095.0, 50000.0], [71112.5, 160.0], [71137.5, 24570.0], [71140.0, 210000.0], [71160.0, 40440.0], [71227.5, 7670.0], [71230.0, 60170.0]]}}}
{"jsonrpc": "2.0", "method": "subscription", "params": {"channel": "book.BTC-20MAR26.none.20.100ms", "data": {"timestamp": 1773455695348, "change_id": 145485769331, "instrument_name": "BTC-20MAR26", "bids": [[70860.0, 5700.0], [70857.5, 10000.0], [70847.5, 450.0], [70845.0, 1500.0], [70842.5, 560.0], [70840.0, 2080.0], [70837.5, 2080.0], [70835.0, 2080.0], [70832.5, 2080.0], [70830.0, 1600.0], [70827.5, 900.0], [70825.0, 3000.0], [70812.5, 2910.0], [70765.0, 57340.0], [70760.0, 4670.0], [70635.0, 19850.0], [70632.5, 105000.0], [70630.0, 50.0], [70627.5, 7670.0], [70625.0, 40790.0]], "asks": [[70865.0, 2910.0], [70920.0, 450.0], [70922.5, 1500.0], [70927.5, 480.0], [70930.0, 1600.0], [70932.5, 5810.0], [70935.0, 23310.0], [70937.5, 27750.0], [70940.0, 81340.0], [70942.5, 105000.0], [71025.0, 900.0], [71027.5, 3020.0], [71035.0, 42200.0], [71042.5, 20310.0], [71055.0, 39510.0], [71095.0, 50000.0], [71112.5, 160.0], [71137.5, 24570.0], [71140.0, 210000.0], [71160.0, 40440.0]]}}}
{"jsonrpc": "2.0", "method": "subscription", "params": {"channel": "book.BTC-20MAR26.none.20.100ms", "data": {"timestamp": 1773455695605, "change_id": 145485770647, "instrument_name": "BTC-20MAR26", "bids": [[70860.0, 7300.0], [70857.5, 10000.0], [70847.5, 450.0], [70845.0, 1500.0], [70842.5, 560.0], [70840.0, 2080.0], [70837.5, 2080.0], [70835.0, 1600.0], [70832.5, 480.0], [70830.0, 1600.0], [70827.5, 900.0], [70825.0, 3000.0], [70812.5, 2910.0], [70765.0, 57340.0], [70760.0, 4670.0], [70635.0, 19850.0], [70632.5, 105000.0], [70630.0, 50.0], [70627.5, 7670.0], [70625.0, 40790.0]], "asks": [[70865.0, 2910.0], [70915.0, 450.0], [70917.5, 1500.0], [70927.5, 480.0], [70930.0, 1600.0], [70932.5, 5810.0], [70935.0, 23310.0], [70937.5, 27750.0], [70940.0, 81340.0], [70942.5, 105000.0], [71025.0, 900.0], [71027.5, 3020.0], [71035.0, 42200.0], [71042.5, 20310.0], [71055.0, 39510.0], [71095.0, 50000.0], [71112.5, 160.0], [71137.5, 24570.0], [71140.0, 210000.0], [71160.0, 40440.0]]}}}
{"jsonrpc": "2.0", "method": "subscription", "params": {"channel": "book.BTC-20MAR26.none.20.100ms", "data": {"timestamp": 1773455696152, "change_id": 145485772312, "instrument_name": "BTC-20MAR26", "bids": [[70860.0, 7300.0], [70857.5, 10000.0], [70847.5, 450.0], [70845.0, 1500.0], [70842.5, 560.0], [70840.0, 2080.0], [70837.5, 2080.0], [70835.0, 1600.0], [70832.5, 480.0], [70830.0, 1600.0], [70827.5, 900.0], [70825.0, 3000.0], [70812.5, 2910.0], [70810.0, 2000.0], [70765.0, 57340.0], [70760.0, 4670.0], [70635.0, 19850.0], [70632.5, 105000.0], [70630.0, 50.0], [70627.5, 7670.0]], "asks": [[70865.0, 2910.0], [70907.5, 450.0], [70910.0, 1500.0], [70927.5, 480.0], [70930.0, 1600.0], [70932.5, 5810.0], [70935.0, 23310.0], [70937.5, 27750.0], [70940.0, 81340.0], [70942.5, 105000.0], [71025.0, 900.0], [71027.5, 3020.0], [71035.0, 42200.0], [71042.5, 20310.0], [71055.0, 39510.0], [71095.0, 50000.0], [71112.5, 160.0], [71137.5, 24570.0], [71140.0, 210000.0], [71160.0, 40440.0]]}}}
{"jsonrpc": "2.0", "method": "subscription", "params": {"channel": "book.BTC-20MAR26.none.20.100ms", "data": {"timestamp": 1773455696474, "change_id": 145485773468, "instrument_name": "BTC-20MAR26", "bids": [[70860.0, 7300.0], [70857.5, 10000.0], [70847.5, 450.0], [70845.0, 1500.0], [70842.5, 560.0], [70840.0, 2080.0], [70837.5, 2080.0], [70835.0, 1600.0], [70832.5, 480.0], [70830.0, 1600.0], [70827.5, 900.0], [70825.0, 3000.0], [70812.5, 2910.0], [70810.0, 2000.0], [70765.0, 57340.0], [70760.0, 4670.0], [70635.0, 19850.0], [70632.5, 105000.0], [70630.0, 50.0], [70627.5, 7670.0]], "asks": [[70865.0, 2910.0], [70902.5, 450.0], [70905.0, 1500.0], [70927.5, 480.0], [70930.0, 1600.0], [70932.5, 5810.0], [70935.0, 23310.0], [70937.5, 27750.0], [70940.0, 81340.0], [70942.5, 105000.0], [71025.0, 900.0], [71027.5, 3020.0], [71035.0, 42200.0], [71042.5, 20310.0], [71055.0, 39510.0], [71095.0, 50000.0], [71112.5, 160.0], [71137.5, 24570.0], [71140.0, 210000.0], [71160.0, 40440.0]]}}}
{"jsonrpc": "2.0", "method": "subscription", "params": {"channel": "book.BTC-20MAR26.none.20.100ms", "data": {"timestamp": 1773455696813, "change_id": 145485774017, "instrument_name": "BTC-20MAR26", "bids": [[70867.5, 2910.0], [70860.0, 4390.0], [70857.5, 10000.0], [70847.5, 450.0], [70845.0, 1500.0], [70842.5, 560.0], [70840.0, 1600.0], [70837.5, 480.0], [70835.0, 1600.0], [70832.5, 480.0], [70830.0, 1600.0], [70827.5, 900.0], [70825.0, 3000.0], [70812.5, 2910.0], [70810.0, 2000.0], [70765.0, 57340.0], [70760.0, 4670.0], [70737.5, 19850.0], [70632.5, 105000.0], [70630.0, 50.0]], "asks": [[70872.5, 2910.0], [70897.5, 450.0], [70900.0, 1500.0], [70927.5, 480.0], [70930.0, 16530.0], [70932.5, 55810.0], [70935.0, 23310.0], [70937.5, 12820.0], [70940.0, 31340.0], [70942.5, 105000.0], [71025.0, 900.0], [71027.5, 3020.0], [71032.5, 12600.0], [71035.0, 42200.0], [71042.5, 20310.0], [71055.0, 39510.0], [71095.0, 50000.0], [71112.5, 160.0], [71137.5, 24570.0], [71140.0, 210000.0]]}}}
{"jsonrpc": "2.0", "method": "subscription", "params": {"channel": "book.BTC-20MAR26.none.20.100ms", "data": {"timestamp": 1773455697299, "change_id": 145485774781, "instrument_name": "BTC-20MAR26", "bids": [[70867.5, 2910.0], [70860.0, 4390.0], [70857.5, 10000.0], [70847.5, 450.0], [70845.0, 1500.0], [70842.5, 560.0], [70840.0, 1600.0], [70837.5, 480.0], [70835.0, 1600.0], [70832.5, 480.0], [70830.0, 1600.0], [70827.5, 900.0], [70825.0, 3000.0], [70812.5, 2910.0], [70810.0, 2000.0], [70765.0, 57340.0], [70760.0, 4670.0], [70737.5, 19850.0], [70632.5, 105000.0], [70630.0, 50.0]], "asks": [[70872.5, 2910.0], [70892.5, 450.0], [70895.0, 1500.0], [70927.5, 480.0], [70930.0, 16530.0], [70932.5, 55810.0], [70935.0, 23310.0], [70937.5, 12820.0], [70940.0, 31340.0], [70942.5, 105000.0], [71025.0, 900.0], [71027.5, 3020.0], [71032.5, 12600.0], [71035.0, 42200.0], [71042.5, 20310.0], [71055.0, 39510.0], [71095.0, 50000.0], [71112.5, 160.0], [71137.5, 24570.0], [71140.0, 210000.0]]}}}
{"jsonrpc": "2.0", "method": "subscription", "params": {"channel": "book.BTC-20MAR26.none.20.100ms", "data": {"timestamp": 1773455697730, "change_id": 145485775993, "instrument_name": "BTC-20MAR26", "bids": [[70867.5, 2910.0], [70860.0, 4390.0], [70857.5, 10000.0], [70847.5, 450.0], [70845.0, 1500.0], [70842.5, 560.0], [70840.0, 1600.0], [70837.5, 480.0], [70835.0, 1600.0], [70832.5, 480.0], [70830.0, 1600.0], [70827.5, 900.0], [70825.0, 3000.0], [70812.5, 2910.0], [70810.0, 2000.0], [70765.0, 57340.0], [70760.0, 4670.0], [70737.5, 19850.0], [70632.5, 105000.0], [70630.0, 50.0]], "asks": [[70870.0, 1500.0], [70872.5, 2910.0], [70927.5, 480.0], [70930.0, 1600.0], [70932.5, 20000.0], [70935.0, 73310.0], [70937.5, 12820.0], [70940.0, 31340.0], [70942.5, 105000.0], [71025.0, 900.0], [71027.5, 3020.0], [71032.5, 12600.0], [71035.0, 42200.0], [71042.5, 20310.0], [71055.0, 39510.0], [71095.0, 50000.0], [71112.5, 160.0], [71137.5, 24570.0], [71140.0, 210000.0], [71160.0, 40440.0]]}}}
{"jsonrpc": "2.0", "method": "subscription", "params": {"channel": "book.BTC-20MAR26.none.20.100ms", "data": {"timestamp": 1773455699256, "change_id": 145485780203, "instrument_name": "BTC-20MAR26", "bids": [[70867.5, 2910.0], [70860.0, 4390.0], [70857.5, 10000.0], [70847.5, 450.0], [70845.0, 1500.0], [70842.5, 560.0], [70840.0, 1600.0], [70837.5, 480.0], [70835.0, 1600.0], [70832.5, 480.0], [70830.0, 1600.0], [70827.5, 900.0], [70825.0, 3000.0], [70812.5, 2910.0], [70810.0, 2000.0], [70765.0, 57340.0], [70760.0, 4670.0], [70752.5, 19850.0], [70632.5, 105000.0], [70630.0, 50.0]], "asks": [[70870.0, 1500.0], [70872.5, 2910.0], [70927.5, 480.0], [70930.0, 1600.0], [70932.5, 20000.0], [70935.0, 73310.0], [70937.5, 12820.0], [70940.0, 31340.0], [70942.5, 105000.0], [71025.0, 900.0], [71027.5, 3020.0], [71032.5, 12600.0], [71035.0, 42200.0], [71042.5, 20310.0], [71055.0, 39510.0], [71095.0, 50000.0], [71112.5, 160.0], [71137.5, 24570.0], [71140.0, 210000.0], [71160.0, 40440.0]]}}}
{"jsonrpc": "2.0", "method": "subscription", "params": {"channel": "book.BTC-20MAR26.none.20.100ms", "data": {"timestamp": 1773455699670, "change_id": 145485781033, "instrument_name": "BTC-20MAR26", "bids": [[70867.5, 4510.0], [70860.0, 4390.0], [70857.5, 10000.0], [70847.5, 450.0], [70845.0, 1500.0], [70842.5, 560.0], [70840.0, 1600.0], [70837.5, 480.0], [70835.0, 1600.0], [70832.5, 480.0], [70830.0, 1600.0], [70827.5, 900.0], [70825.0, 3000.0], [70812.5, 2910.0], [70810.0, 2000.0], [70765.0, 57340.0], [70760.0, 4670.0], [70752.5, 19850.0], [70632.5, 105000.0], [70630.0, 50.0]], "asks": [[70870.0, 1500.0], [70872.5, 870.0], [70875.0, 2910.0], [70927.5, 480.0], [70930.0, 1600.0], [70932.5, 20000.0], [70935.0, 73310.0], [70937.5, 12820.0], [70940.0, 31340.0], [70942.5, 105000.0], [71025.0, 900.0], [71027.5, 3020.0], [71032.5, 12600.0], [71035.0, 42200.0], [71042.5, 20310.0], [71055.0, 39510.0], [71095.0, 50000.0], [71112.5, 160.0], [71137.5, 24570.0], [71140.0, 210000.0]]}}}
{"jsonrpc": "2.0", "method": "subscription", "params": {"channel": "book.BTC-20MAR26.none.20.100ms", "data": {"timestamp": 1773455699839, "change_id": 145485781258, "instrument_name": "BTC-20MAR26", "bids": [[70867.5, 2910.0], [70860.0, 4390.0], [70857.5, 10000.0], [70847.5, 450.0], [70845.0, 1500.0], [70842.5, 560.0], [70840.0, 1600.0], [70837.5, 480.0], [70835.0, 1600.0], [70832.5, 480.0], [70830.0, 1600.0], [70827.5, 900.0], [70825.0, 3000.0], [70812.5, 2910.0], [70810.0, 2000.0], [70765.0, 57340.0], [70760.0, 4670.0], [70752.5, 19850.0], [70632.5, 105000.0], [70630.0, 50.0]], "asks": [[70870.0, 1500.0], [70872.5, 870.0], [70875.0, 2910.0], [70927.5, 480.0], [70930.0, 1600.0], [70932.5, 20000.0], [70935.0, 73310.0], [70937.5, 12820.0], [70940.0, 31340.0], [70942.5, 105000.0], [71025.0, 900.0], [71027.5, 3020.0], [71032.5, 12600.0], [71035.0, 42200.0], [71042.5, 20310.0], [71055.0, 39510.0], [71095.0, 50000.0], [71112.5, 160.0], [71137.5, 24570.0], [71140.0, 210000.0]]}}}
{"jsonrpc": "2.0", "method": "subscription", "params": {"channel": "book.BTC-20MAR26.none.20.100ms", "data": {"timestamp": 1773455701765, "change_id": 145485784374, "instrument_name": "BTC-20MAR26", "bids": [[70867.5, 2910.0], [70860.0, 4390.0], [70857.5, 10000.0], [70847.5, 450.0], [70845.0, 1500.0], [70842.5, 560.0], [70840.0, 1600.0], [70837.5, 480.0], [70835.0, 1600.0], [70832.5, 480.0], [70830.0, 1600.0], [70827.5, 900.0], [70825.0, 3000.0], [70812.5, 2910.0], [70810.0, 2000.0], [70765.0, 57340.0], [70760.0, 4670.0], [70752.5, 19850.0], [70632.5, 105000.0], [70630.0, 50.0]], "asks": [[70870.0, 1500.0], [70872.5, 870.0], [70875.0, 2910.0], [70882.5, 300.0], [70927.5, 480.0], [70930.0, 1600.0], [70932.5, 20000.0], [70935.0, 73310.0], [70937.5, 12820.0], [70940.0, 31340.0], [70942.5, 105000.0], [71025.0, 900.0], [71027.5, 3020.0], [71032.5, 12600.0], [71035.0, 42200.0], [71042.5, 20310.0], [71055.0, 39510.0], [71095.0, 50000.0], [71112.5, 160.0], [71137.5, 24570.0]]}}}
{"jsonrpc": "2.0", "method": "subscription", "params": {"channel": "book.BTC-20MAR26.none.20.100ms", "data": {"timestamp": 1773455702204, "change_id": 145485784902, "instrument_name": "BTC-20MAR26", "bids": [[70867.5, 2910.0], [70860.0, 4390.0], [70857.5, 10000.0], [70847.5, 450.0], [70845.0, 1500.0], [70842.5, 560.0], [70840.0, 1600.0], [70837.5, 480.0], [70835.0, 1600.0], [70832.5, 480.0], [70830.0, 1600.0], [70827.5, 900.0], [70825.0, 3000.0], [70812.5, 4910.0], [70765.0, 57340.0], [70760.0, 4670.0], [70752.5, 19850.0], [70632.5, 105000.0], [70630.0, 50.0], [70627.5, 7670.0]], "asks": [[70870.0, 1500.0], [70872.5, 870.0], [70875.0, 2910.0], [70882.5, 300.0], [70927.5, 480.0], [70930.0, 1600.0], [70932.5, 20000.0], [70935.0, 73310.0], [70937.5, 12820.0], [70940.0, 31340.0], [70942.5, 105000.0], [71025.0, 900.0], [71027.5, 3020.0], [71032.5, 12600.0], [71035.0, 42200.0], [71042.5, 20310.0], [71055.0, 39510.0], [71095.0, 50000.0], [71112.5, 160.0], [71137.5, 24570.0]]}}}
{"jsonrpc": "2.0", "method": "subscription", "params": {"channel": "book.BTC-20MAR26.none.20.100ms", "data": {"timestamp": 1773455702713, "change_id": 145485785758, "instrument_name": "BTC-20MAR26", "bids": [[70867.5, 4510.0], [70860.0, 4390.0], [70857.5, 10000.0], [70847.5, 450.0], [70845.0, 1500.0], [70842.5, 560.0], [70840.0, 1600.0], [70837.5, 480.0], [70835.0, 1600.0], [70832.5, 480.0], [70830.0, 1600.0], [70827.5, 900.0], [70825.0, 3000.0], [70812.5, 4910.0], [70765.0, 57340.0], [70760.0, 4670.0], [70752.5, 19850.0], [70632.5, 105000.0], [70630.0, 50.0], [70627.5, 7670.0]], "asks": [[70870.0, 1500.0], [70872.5, 870.0], [70875.0, 2910.0], [70882.5, 300.0], [70885.0, 600.0], [70927.5, 480.0], [70930.0, 1600.0], [70932.5, 20000.0], [70935.0, 73310.0], [70937.5, 12820.0], [70940.0, 31340.0], [70942.5, 105000.0], [71025.0, 900.0], [71027.5, 3020.0], [71032.5, 12600.0], [71035.0, 42200.0], [71042.5, 20310.0], [71055.0, 39510.0], [71095.0, 50000.0], [71112.5, 160.0]]}}}
{"jsonrpc": "2.0", "method": "subscription", "params": {"channel": "book.BTC-20MAR26.none.20.100ms", "data": {"timestamp": 1773455703980, "change_id": 145485787770, "instrument_name": "BTC-20MAR26", "bids": [[70867.5, 4510.0], [70860.0, 4390.0], [70857.5, 10000.0], [70852.5, 450.0], [70850.0, 1500.0], [70842.5, 560.0], [70840.0, 1600.0], [70837.5, 480.0], [70835.0, 1600.0], [70832.5, 480.0], [70830.0, 1600.0], [70827.5, 900.0], [70825.0, 3000.0], [70815.0, 2000.0], [70812.5, 2910.0], [70765.0, 57340.0], [70760.0, 4670.0], [70752.5, 19850.0], [70632.5, 105000.0], [70630.0, 50.0]], "asks": [[70870.0, 1500.0], [70872.5, 870.0], [70875.0, 2910.0], [70882.5, 300.0], [70885.0, 600.0], [70927.5, 480.0], [70930.0, 1600.0], [70932.5, 20000.0], [70935.0, 73310.0], [70937.5, 12820.0], [70940.0, 31340.0], [70942.5, 105000.0], [71025.0, 900.0], [71027.5, 3020.0], [71032.5, 12600.0], [71035.0, 42200.0], [71042.5, 20310.0], [71055.0, 39510.0], [71095.0, 50000.0], [71112.5, 160.0]]}}}
{"jsonrpc": "2.0", "method": "subscription", "params": {"channel": "book.BTC-20MAR26.none.20.100ms", "data": {"timestamp": 1773455704066, "change_id": 145485787805, "instrument_name": "BTC-20MAR26", "bids": [[70867.5, 2910.0], [70860.0, 4390.0], [70857.5, 10000.0], [70852.5, 450.0], [70850.0, 1500.0], [70842.5, 560.0], [70840.0, 1600.0], [70837.5, 480.0], [70835.0, 1600.0], [70832.5, 480.0], [70830.0, 1600.0], [70827.5, 900.0], [70825.0, 3000.0], [70815.0, 2000.0], [70812.5, 2910.0], [70765.0, 57340.0], [70760.0, 4670.0], [70752.5, 19850.0], [70632.5, 105000.0], [70630.0, 50.0]], "asks": [[70870.0, 1500.0], [70872.5, 870.0], [70875.0, 2910.0], [70882.5, 300.0], [70885.0, 600.0], [70927.5, 480.0], [70930.0, 1600.0], [70932.5, 20000.0], [70935.0, 73310.0], [70937.5, 12820.0], [70940.0, 31340.0], [70942.5, 105000.0], [71025.0, 900.0], [71027.5, 3020.0], [71032.5, 12600.0], [71035.0, 42200.0], [71042.5, 20310.0], [71055.0, 39510.0], [71095.0, 50000.0], [71112.5, 160.0]]}}}
{"jsonrpc": "2.0", "method": "subscription", "params": {"channel": "book.BTC-20MAR26.none.20.100ms", "data": {"timestamp": 1773455704844, "change_id": 145485789538, "instrument_name": "BTC-20MAR26", "bids": [[70867.5, 2910.0], [70860.0, 1600.0], [70857.5, 10000.0], [70852.5, 450.0], [70850.0, 1500.0], [70842.5, 560.0], [70840.0, 1600.0], [70837.5, 480.0], [70835.0, 1600.0], [70832.5, 480.0], [70830.0, 1600.0], [70827.5, 900.0], [70825.0, 3000.0], [70815.0, 2000.0], [70812.5, 2910.0], [70765.0, 57340.0], [70760.0, 4670.0], [70752.5, 19850.0], [70632.5, 105000.0], [70630.0, 50.0]], "asks": [[70870.0, 1500.0], [70872.5, 870.0], [70875.0, 2910.0], [70882.5, 300.0], [70885.0, 600.0], [70927.5, 480.0], [70930.0, 1600.0], [70932.5, 20000.0], [70935.0, 73310.0], [70937.5, 12820.0], [70940.0, 31340.0], [70942.5, 105000.0], [71025.0, 900.0], [71027.5, 3020.0], [71032.5, 12600.0], [71035.0, 42200.0], [71042.5, 20310.0], [71055.0, 39510.0], [71095.0, 50000.0], [71112.5, 160.0]]}}}
{"jsonrpc": "2.0", "method": "subscription", "params": {"channel": "book.BTC-20MAR26.none.20.100ms", "data": {"timestamp": 1773455705239, "change_id": 145485789896, "instrument_name": "BTC-20MAR26", "bids": [[70867.5, 2910.0], [70860.0, 1600.0], [70857.5, 10000.0], [70852.5, 450.0], [70850.0, 1500.0], [70842.5, 560.0], [70840.0, 1600.0], [70837.5, 480.0], [70835.0, 1600.0], [70832.5, 480.0], [70830.0, 1600.0], [70827.5, 900.0], [70825.0, 3000.0], [70815.0, 2000.0], [70812.5, 2910.0], [70765.0, 57340.0], [70760.0, 4670.0], [70755.0, 19850.0], [70632.5, 105000.0], [70630.0, 50.0]], "asks": [[70870.0, 1500.0], [70872.5, 870.0], [70875.0, 2910.0], [70882.5, 300.0], [70885.0, 600.0], [70927.5, 480.0], [70930.0, 1600.0], [70932.5, 20000.0], [70935.0, 73310.0], [70937.5, 12820.0], [70940.0, 31340.0], [70942.5, 105000.0], [71025.0, 900.0], [71027.5, 3020.0], [71032.5, 12600.0], [71035.0, 42200.0], [71042.5, 20310.0], [71055.0, 39510.0], [71095.0, 50000.0], [71112.5, 160.0]]}}}
{"jsonrpc": "2.0", "method": "subscription", "params": {"channel": "book.BTC-20MAR26.none.20.100ms", "data": {"timestamp": 1773455705419, "change_id": 145485790214, "instrument_name": "BTC-20MAR26", "bids": [[70867.5, 2910.0], [70860.0, 1600.0], [70857.5, 10000.0], [70852.5, 450.0], [70850.0, 1500.0], [70842.5, 560.0], [70840.0, 1600.0], [70837.5, 480.0], [70835.0, 1600.0], [70832.5, 480.0], [70830.0, 1600.0], [70827.5, 900.0], [70825.0, 3000.0], [70812.5, 2910.0], [70810.0, 2000.0], [70765.0, 57340.0], [70760.0, 4670.0], [70755.0, 19850.0], [70632.5, 105000.0], [70630.0, 50.0]], "asks": [[70870.0, 1500.0], [70872.5, 870.0], [70875.0, 2910.0], [70882.5, 300.0], [70885.0, 600.0], [70927.5, 480.0], [70930.0, 1600.0], [70932.5, 20000.0], [70935.0, 73310.0], [70937.5, 12820.0], [70940.0, 31340.0], [70942.5, 105000.0], [71025.0, 900.0], [71027.5, 3020.0], [71032.5, 12600.0], [71035.0, 42200.0], [71042.5, 20310.0], [71055.0, 39510.0], [71095.0, 50000.0], [71112.5, 160.0]]}}}
{"jsonrpc": "2.0", "method": "subscription", "params": {"channel": "book.BTC-20MAR26.none.20.100ms", "data": {"timestamp": 1773455706935, "change_id": 145485792368, "instrument_name": "BTC-20MAR26", "bids": [[70867.5, 2910.0], [70860.0, 1600.0], [70857.5, 10000.0], [70845.0, 470.0], [70842.5, 2060.0], [70840.0, 1600.0], [70837.5, 480.0], [70835.0, 1600.0], [70832.5, 480.0], [70830.0, 1600.0], [70827.5, 900.0], [70825.0, 3000.0], [70815.0, 870.0], [70812.5, 2910.0], [70810.0, 2000.0], [70765.0, 57340.0], [70760.0, 4670.0], [70755.0, 19850.0], [70632.5, 105000.0], [70630.0, 50.0]], "asks": [[70870.0, 1500.0], [70875.0, 870.0], [70877.5, 2910.0], [70882.5, 300.0], [70885.0, 600.0], [70927.5, 480.0], [70930.0, 1600.0], [70932.5, 20000.0], [70935.0, 73310.0], [70937.5, 12820.0], [70940.0, 31340.0], [70942.5, 105000.0], [71025.0, 900.0], [71027.5, 3020.0], [71032.5, 12600.0], [71035.0, 42200.0], [71042.5, 20310.0], [71055.0, 39510.0], [71095.0, 50000.0], [71112.5, 160.0]]}}}
{"jsonrpc": "2.0", "method": "subscription", "params": {"channel": "book.BTC-20MAR26.none.20.100ms", "data": {"timestamp": 1773455707055, "change_id": 145485792428, "instrument_name": "BTC-20MAR26", "bids": [[70867.5, 2910.0], [70860.0, 1600.0], [70857.5, 10000.0], [70845.0, 470.0], [70842.5, 2060.0], [70840.0, 1600.0], [70837.5, 480.0], [70835.0, 1600.0], [70832.5, 480.0], [70830.0, 1600.0], [70827.5, 900.0], [70825.0, 3000.0], [70815.0, 870.0], [70812.5, 2910.0], [70810.0, 2000.0], [70765.0, 57340.0], [70760.0, 4670.0], [70755.0, 19850.0], [70632.5, 105000.0], [70630.0, 50.0]], "asks": [[70870.0, 1500.0], [70872.5, 870.0], [70875.0, 2910.0], [70882.5, 300.0], [70885.0, 600.0], [70927.5, 480.0], [70930.0, 1600.0], [70932.5, 20000.0], [70935.0, 73310.0], [70937.5, 12820.0], [70940.0, 31340.0], [70942.5, 105000.0], [71025.0, 900.0], [71027.5, 3020.0], [71032.5, 12600.0], [71035.0, 42200.0], [71042.5, 20310.0], [71055.0, 39510.0], [71095.0, 50000.0], [71112.5, 160.0]]}}}
{"jsonrpc": "2.0", "method": "subscription", "params": {"channel": "book.BTC-20MAR26.none.20.100ms", "data": {"timestamp": 1773455707476, "change_id": 145485792874, "instrument_name": "BTC-20MAR26", "bids": [[70867.5, 2910.0], [70860.0, 1600.0], [70857.5, 10000.0], [70845.0, 470.0], [70842.5, 2060.0], [70840.0, 1600.0], [70837.5, 480.0], [70835.0, 1600.0], [70832.5, 480.0], [70830.0, 1600.0], [70827.5, 900.0], [70825.0, 3000.0], [70815.0, 870.0], [70812.5, 2910.0], [70810.0, 2000.0], [70765.0, 57340.0], [70760.0, 4670.0], [70755.0, 19850.0], [70632.5, 105000.0], [70630.0, 50.0]], "asks": [[70870.0, 1500.0], [70872.5, 870.0], [70875.0, 2910.0], [70882.5, 300.0], [70885.0, 600.0], [70927.5, 480.0], [70930.0, 1600.0], [70932.5, 20000.0], [70935.0, 73310.0], [70937.5, 12820.0], [70940.0, 31340.0], [70942.5, 105000.0], [71025.0, 900.0], [71027.5, 3020.0], [71032.5, 12600.0], [71035.0, 42200.0], [71042.5, 20310.0], [71055.0, 39510.0], [71095.0, 50000.0], [71112.5, 160.0]]}}}
{"jsonrpc": "2.0", "method": "subscription", "params": {"channel": "book.BTC-20MAR26.none.20.100ms", "data": {"timestamp": 1773455708241, "change_id": 145485793857, "instrument_name": "BTC-20MAR26", "bids": [[70867.5, 2910.0], [70860.0, 1600.0], [70857.5, 10000.0], [70845.0, 470.0], [70842.5, 2060.0], [70840.0, 1600.0], [70837.5, 480.0], [70835.0, 1600.0], [70832.5, 480.0], [70830.0, 1600.0], [70827.5, 900.0], [70825.0, 3000.0], [70815.0, 870.0], [70812.5, 2910.0], [70810.0, 2000.0], [70775.0, 19850.0], [70765.0, 57340.0], [70760.0, 4670.0], [70632.5, 105000.0], [70630.0, 50.0]], "asks": [[70870.0, 1500.0], [70872.5, 870.0], [70875.0, 2910.0], [70882.5, 300.0], [70885.0, 600.0], [70927.5, 480.0], [70930.0, 1600.0], [70932.5, 20000.0], [70935.0, 73310.0], [70937.5, 12820.0], [70940.0, 31340.0], [70942.5, 105000.0], [71025.0, 900.0], [71027.5, 3020.0], [71032.5, 12600.0], [71035.0, 42200.0], [71042.5, 20310.0], [71055.0, 39510.0], [71095.0, 50000.0], [71112.5, 160.0]]}}}
{"jsonrpc": "2.0", "method": "subscription", "params": {"channel": "book.BTC-20MAR26.none.20.100ms", "data": {"timestamp": 1773455708459, "change_id": 145485794137, "instrument_name": "BTC-20MAR26", "bids": [[70867.5, 2910.0], [70860.0, 10000.0], [70845.0, 470.0], [70842.5, 2060.0], [70840.0, 1600.0], [70837.5, 480.0], [70835.0, 1600.0], [70832.5, 480.0], [70830.0, 1600.0], [70827.5, 900.0], [70825.0, 3000.0], [70815.0, 870.0], [70812.5, 2910.0], [70810.0, 2000.0], [70775.0, 19850.0], [70765.0, 57340.0], [70760.0, 4670.0], [70632.5, 105000.0], [70630.0, 50.0], [70627.5, 7670.0]], "asks": [[70870.0, 3100.0], [70872.5, 870.0], [70875.0, 2910.0], [70882.5, 300.0], [70885.0, 600.0], [70927.5, 480.0], [70930.0, 1600.0], [70932.5, 20000.0], [70935.0, 73310.0], [70937.5, 12820.0], [70940.0, 31340.0], [70942.5, 105000.0], [71025.0, 900.0], [71027.5, 3020.0], [71032.5, 12600.0], [71035.0, 42200.0], [71042.5, 20310.0], [71055.0, 39510.0], [71095.0, 50000.0], [71112.5, 160.0]]}}}
{"jsonrpc": "2.0", "method": "subscription", "params": {"channel": "book.BTC-20MAR26.none.20.100ms", "data": {"timestamp": 1773455709088, "change_id": 145485794875, "instrument_name": "BTC-20MAR26", "bids": [[70867.5, 2910.0], [70860.0, 10000.0], [70845.0, 470.0], [70842.5, 2060.0], [70840.0, 1600.0], [70837.5, 480.0], [70835.0, 1600.0], [70832.5, 480.0], [70830.0, 1600.0], [70827.5, 900.0], [70825.0, 3000.0], [70815.0, 870.0], [70812.5, 2910.0], [70810.0, 2000.0], [70775.0, 19850.0], [70765.0, 57340.0], [70760.0, 4670.0], [70632.5, 105000.0], [70630.0, 50.0], [70627.5, 7670.0]], "asks": [[70870.0, 1500.0], [70872.5, 870.0], [70875.0, 2910.0], [70882.5, 300.0], [70885.0, 600.0], [70927.5, 480.0], [70930.0, 1600.0], [70932.5, 20000.0], [70935.0, 73310.0], [70937.5, 12820.0], [70940.0, 31340.0], [70942.5, 105000.0], [71025.0, 900.0], [71027.5, 3020.0], [71032.5, 12600.0], [71035.0, 42200.0], [71042.5, 20310.0], [71055.0, 39510.0], [71095.0, 50000.0], [71112.5, 160.0]]}}}
{"jsonrpc": "2.0", "method": "subscription", "params": {"channel": "book.BTC-20MAR26.none.20.100ms", "data": {"timestamp": 1773455709503, "change_id": 145485795340, "instrument_name": "BTC-20MAR26", "bids": [[70867.5, 2910.0], [70860.0, 10000.0], [70845.0, 470.0], [70842.5, 2060.0], [70840.0, 1600.0], [70837.5, 480.0], [70835.0, 1600.0], [70832.5, 480.0], [70830.0, 1600.0], [70827.5, 900.0], [70825.0, 3000.0], [70815.0, 870.0], [70812.5, 2910.0], [70810.0, 2000.0], [70775.0, 19850.0], [70765.0, 57340.0], [70760.0, 4670.0], [70632.5, 105000.0], [70630.0, 50.0], [70627.5, 7670.0]], "asks": [[70870.0, 1500.0], [70875.0, 870.0], [70877.5, 2910.0], [70882.5, 300.0], [70885.0, 600.0], [70927.5, 480.0], [70930.0, 1600.0], [70932.5, 20000.0], [70935.0, 73310.0], [70937.5, 12820.0], [70940.0, 31340.0], [70942.5, 105000.0], [71025.0, 900.0], [71027.5, 3020.0], [71032.5, 12600.0], [71035.0, 42200.0], [71042.5, 20310.0], [71055.0, 39510.0], [71095.0, 50000.0], [71112.5, 160.0]]}}}
{"jsonrpc": "2.0", "method": "subscription", "params": {"channel": "book.BTC-20MAR26.none.20.100ms", "data": {"timestamp": 1773455712590, "change_id": 145485799098, "instrument_name": "BTC-20MAR26", "bids": [[70867.5, 2910.0], [70860.0, 10000.0], [70845.0, 470.0], [70842.5, 2060.0], [70840.0, 1600.0], [70837.5, 480.0], [70835.0, 1600.0], [70832.5, 480.0], [70830.0, 1600.0], [70827.5, 900.0], [70825.0, 3000.0], [70815.0, 870.0], [70812.5, 2910.0], [70810.0, 2000.0], [70775.0, 19850.0], [70765.0, 57340.0], [70760.0, 4670.0], [70632.5, 105000.0], [70630.0, 50.0], [70627.5, 7670.0]], "asks": [[70870.0, 1500.0], [70875.0, 870.0], [70877.5, 2910.0], [70882.5, 300.0], [70885.0, 600.0], [70927.5, 480.0], [70930.0, 1600.0], [70932.5, 20000.0], [70935.0, 73310.0], [70937.5, 12820.0], [70940.0, 31340.0], [70942.5, 105000.0], [71025.0, 900.0], [71027.5, 3020.0], [71032.5, 12600.0], [71035.0, 42200.0], [71042.5, 20310.0], [71055.0, 39510.0], [71095.0, 50000.0], [71112.5, 160.0]]}}}
{"jsonrpc": "2.0", "method": "subscription", "params": {"channel": "book.BTC-20MAR26.none.20.100ms", "data": {"timestamp": 1773455713004, "change_id": 145485799635, "instrument_name": "BTC-20MAR26", "bids": [[70867.5, 2910.0], [70860.0, 10000.0], [70845.0, 470.0], [70842.5, 2060.0], [70840.0, 1600.0], [70837.5, 480.0], [70835.0, 1600.0], [70832.5, 480.0], [70830.0, 1600.0], [70827.5, 900.0], [70825.0, 3000.0], [70815.0, 870.0], [70812.5, 2910.0], [70810.0, 2000.0], [70775.0, 19850.0], [70765.0, 57340.0], [70760.0, 4670.0], [70632.5, 105000.0], [70630.0, 50.0], [70627.5, 7670.0]], "asks": [[70870.0, 1500.0], [70872.5, 2910.0], [70882.5, 300.0], [70885.0, 600.0], [70927.5, 480.0], [70930.0, 1600.0], [70932.5, 20000.0], [70935.0, 73310.0], [70937.5, 12820.0], [70940.0, 31340.0], [70942.5, 105000.0], [71025.0, 900.0], [71027.5, 3020.0], [71032.5, 12600.0], [71035.0, 42200.0], [71042.5, 20310.0], [71055.0, 39510.0], [71095.0, 50000.0], [71112.5, 160.0], [71137.5, 24570.0]]}}}
{"jsonrpc": "2.0", "method": "subscription", "params": {"channel": "book.BTC-20MAR26.none.20.100ms", "data": {"timestamp": 1773455714446, "change_id": 145485801297, "instrument_name": "BTC-20MAR26", "bids": [[70867.5, 2910.0], [70860.0, 10000.0], [70845.0, 470.0], [70842.5, 2060.0], [70840.0, 1600.0], [70837.5, 480.0], [70835.0, 1600.0], [70832.5, 480.0], [70830.0, 1600.0], [70827.5, 900.0], [70825.0, 3000.0], [70815.0, 870.0], [70812.5, 2910.0], [70810.0, 2000.0], [70775.0, 19850.0], [70765.0, 57340.0], [70760.0, 4670.0], [70632.5, 105000.0], [70630.0, 50.0], [70627.5, 7670.0]], "asks": [[70870.0, 1500.0], [70872.5, 2910.0], [70882.5, 300.0], [70885.0, 600.0], [70927.5, 480.0], [70930.0, 1600.0], [70932.5, 20000.0], [70935.0, 73310.0], [70937.5, 12820.0], [70940.0, 31340.0], [70942.5, 105000.0], [71025.0, 900.0], [71027.5, 3020.0], [71032.5, 12600.0], [71035.0, 42200.0], [71042.5, 20310.0], [71055.0, 39510.0], [71095.0, 50000.0], [71112.5, 160.0], [71137.5, 24570.0]]}}}
{"jsonrpc": "2.0", "method": "subscription", "params": {"channel": "book.BTC-20MAR26.none.20.100ms", "data": {"timestamp": 1773455715507, "change_id": 145485802557, "instrument_name": "BTC-20MAR26", "bids": [[70867.5, 2910.0], [70860.0, 10000.0], [70845.0, 470.0], [70842.5, 2060.0], [70840.0, 1600.0], [70837.5, 480.0], [70835.0, 1600.0], [70832.5, 480.0], [70830.0, 1600.0], [70827.5, 900.0], [70825.0, 3000.0], [70815.0, 870.0], [70812.5, 2910.0], [70810.0, 2000.0], [70775.0, 19850.0], [70765.0, 57340.0], [70760.0, 4670.0], [70632.5, 105000.0], [70630.0, 50.0], [70627.5, 7670.0]], "asks": [[70870.0, 1500.0], [70882.5, 300.0], [70885.0, 600.0], [70927.5, 480.0], [70930.0, 1600.0], [70932.5, 20000.0], [70935.0, 73310.0], [70937.5, 12820.0], [70940.0, 31340.0], [70942.5, 105000.0], [71025.0, 900.0], [71027.5, 3020.0], [71032.5, 12600.0], [71035.0, 42200.0], [71042.5, 20310.0], [71055.0, 39510.0], [71095.0, 50000.0], [71112.5, 160.0], [71137.5, 24570.0], [71140.0, 210000.0]]}}}
{"jsonrpc": "2.0", "method": "subscription", "params": {"channel": "book.BTC-20MAR26.none.20.100ms", "data": {"timestamp": 1773455715518, "change_id": 145485802567, "instrument_name": "BTC-20MAR26", "bids": [[70867.5, 2910.0], [70860.0, 10000.0], [70845.0, 470.0], [70842.5, 2060.0], [70840.0, 1600.0], [70837.5, 480.0], [70835.0, 1600.0], [70832.5, 480.0], [70830.0, 1600.0], [70827.5, 900.0], [70825.0, 3000.0], [70815.0, 870.0], [70812.5, 2910.0], [70810.0, 2000.0], [70775.0, 19850.0], [70765.0, 57340.0], [70760.0, 4670.0], [70632.5, 105000.0], [70630.0, 50.0], [70627.5, 7670.0]], "asks": [[70870.0, 1500.0], [70872.5, 870.0], [70875.0, 2910.0], [70882.5, 300.0], [70885.0, 600.0], [70927.5, 480.0], [70930.0, 1600.0], [70932.5, 20000.0], [70935.0, 73310.0], [70937.5, 12820.0], [70940.0, 31340.0], [70942.5, 105000.0], [71025.0, 900.0], [71027.5, 3020.0], [71032.5, 12600.0], [71035.0, 42200.0], [71042.5, 20310.0], [71055.0, 39510.0], [71095.0, 50000.0], [71112.5, 160.0]]}}}
{"jsonrpc": "2.0", "method": "subscription", "params": {"channel": "book.BTC-20MAR26.none.20.100ms", "data": {"timestamp": 1773455716649, "change_id": 145485804000, "instrument_name": "BTC-20MAR26", "bids": [[70867.5, 2910.0], [70860.0, 10000.0], [70847.5, 1500.0], [70845.0, 470.0], [70842.5, 560.0], [70840.0, 1600.0], [70837.5, 480.0], [70835.0, 1600.0], [70832.5, 480.0], [70830.0, 1600.0], [70827.5, 900.0], [70825.0, 3000.0], [70815.0, 870.0], [70812.5, 2910.0], [70810.0, 2000.0], [70775.0, 19850.0], [70765.0, 57340.0], [70760.0, 4670.0], [70632.5, 105000.0], [70630.0, 50.0]], "asks": [[70870.0, 1500.0], [70872.5, 870.0], [70875.0, 2910.0], [70882.5, 300.0], [70885.0, 600.0], [70927.5, 480.0], [70930.0, 1600.0], [70932.5, 20000.0], [70935.0, 73310.0], [70937.5, 12820.0], [70940.0, 31340.0], [70942.5, 105000.0], [71025.0, 900.0], [71027.5, 3020.0], [71032.5, 12600.0], [71035.0, 42200.0], [71042.5, 20310.0], [71055.0, 39510.0], [71095.0, 50000.0], [71112.5, 160.0]]}}}
{"jsonrpc": "2.0", "method": "subscription", "params": {"channel": "book.BTC-20MAR26.none.20.100ms", "data": {"timestamp": 1773455716651, "change_id": 145485804002, "instrument_name": "BTC-20MAR26", "bids": [[70867.5, 2910.0], [70860.0, 10000.0], [70850.0, 450.0], [70847.5, 1500.0], [70842.5, 560.0], [70840.0, 1600.0], [70837.5, 480.0], [70835.0, 1600.0], [70832.5, 480.0], [70830.0, 1600.0], [70827.5, 900.0], [70825.0, 3000.0], [70815.0, 870.0], [70812.5, 2910.0], [70810.0, 2000.0], [70775.0, 19850.0], [70765.0, 57340.0], [70760.0, 4670.0], [70632.5, 105000.0], [70630.0, 50.0]], "asks": [[70870.0, 1500.0], [70872.5, 870.0], [70875.0, 2910.0], [70882.5, 300.0], [70885.0, 600.0], [70927.5, 480.0], [70930.0, 1600.0], [70932.5, 20000.0], [70935.0, 73310.0], [70937.5, 12820.0], [70940.0, 31340.0], [70942.5, 105000.0], [71025.0, 900.0], [71027.5, 3020.0], [71032.5, 12600.0], [71035.0, 42200.0], [71042.5, 20310.0], [71055.0, 39510.0], [71095.0, 50000.0], [71112.5, 160.0]]}}}
{"jsonrpc": "2.0", "method": "subscription", "params": {"channel": "book.BTC-20MAR26.none.20.100ms", "data": {"timestamp": 1773455720326, "change_id": 145485808664, "instrument_name": "BTC-20MAR26", "bids": [[70867.5, 4510.0], [70860.0, 10000.0], [70850.0, 450.0], [70847.5, 1500.0], [70842.5, 560.0], [70840.0, 1600.0], [70837.5, 480.0], [70835.0, 1600.0], [70832.5, 480.0], [70830.0, 1600.0], [70827.5, 900.0], [70825.0, 3000.0], [70815.0, 870.0], [70812.5, 2910.0], [70810.0, 2000.0], [70775.0, 19850.0], [70765.0, 57340.0], [70760.0, 4670.0], [70632.5, 105000.0], [70630.0, 50.0]], "asks": [[70870.0, 1500.0], [70872.5, 870.0], [70875.0, 2910.0], [70882.5, 300.0], [70885.0, 600.0], [70927.5, 480.0], [70930.0, 1600.0], [70932.5, 20000.0], [70935.0, 73310.0], [70937.5, 12820.0], [70940.0, 31340.0], [70942.5, 105000.0], [71025.0, 900.0], [71027.5, 3020.0], [71032.5, 12600.0], [71035.0, 42200.0], [71042.5, 20310.0], [71055.0, 39510.0], [71095.0, 50000.0], [71112.5, 160.0]]}}}
{"jsonrpc": "2.0", "method": "subscription", "params": {"channel": "book.BTC-20MAR26.none.20.100ms", "data": {"timestamp": 1773455721051, "change_id": 145485809792, "instrument_name": "BTC-20MAR26", "bids": [[70867.5, 4510.0], [70860.0, 5000.0], [70850.0, 450.0], [70847.5, 1500.0], [70842.5, 560.0], [70840.0, 1600.0], [70837.5, 480.0], [70835.0, 1600.0], [70832.5, 480.0], [70830.0, 1600.0], [70827.5, 900.0], [70825.0, 3000.0], [70815.0, 870.0], [70812.5, 2910.0], [70810.0, 2000.0], [70775.0, 19850.0], [70765.0, 57340.0], [70760.0, 4670.0], [70632.5, 105000.0], [70630.0, 50.0]], "asks": [[70870.0, 1500.0], [70872.5, 870.0], [70875.0, 2910.0], [70882.5, 300.0], [70885.0, 600.0], [70927.5, 480.0], [70930.0, 1600.0], [70932.5, 20000.0], [70935.0, 73310.0], [70937.5, 12820.0], [70940.0, 31340.0], [70942.5, 105000.0], [71025.0, 900.0], [71027.5, 3020.0], [71032.5, 12600.0], [71035.0, 42200.0], [71042.5, 20310.0], [71055.0, 39510.0], [71095.0, 50000.0], [71112.5, 160.0]]}}}
{"jsonrpc": "2.0", "method": "subscription", "params": {"channel": "book.BTC-20MAR26.none.20.100ms", "data": {"timestamp": 1773455721053, "change_id": 145485809793, "instrument_name": "BTC-20MAR26", "bids": [[70867.5, 4510.0], [70850.0, 450.0], [70847.5, 1500.0], [70842.5, 560.0], [70840.0, 1600.0], [70837.5, 480.0], [70835.0, 1600.0], [70832.5, 480.0], [70830.0, 1600.0], [70827.5, 900.0], [70825.0, 3000.0], [70815.0, 870.0], [70812.5, 2910.0], [70810.0, 2000.0], [70775.0, 19850.0], [70765.0, 57340.0], [70760.0, 4670.0], [70632.5, 105000.0], [70630.0, 50.0], [70627.5, 7670.0]], "asks": [[70870.0, 1500.0], [70872.5, 870.0], [70875.0, 2910.0], [70882.5, 300.0], [70885.0, 600.0], [70927.5, 480.0], [70930.0, 1600.0], [70932.5, 20000.0], [70935.0, 73310.0], [70937.5, 12820.0], [70940.0, 31340.0], [70942.5, 105000.0], [71025.0, 900.0], [71027.5, 3020.0], [71032.5, 12600.0], [71035.0, 42200.0], [71042.5, 20310.0], [71055.0, 39510.0], [71095.0, 50000.0], [71112.5, 160.0]]}}}
{"jsonrpc": "2.0", "method": "subscription", "params": {"channel": "book.BTC-20MAR26.none.20.100ms", "data": {"timestamp": 1773455721394, "change_id": 145485810082, "instrument_name": "BTC-20MAR26", "bids": [[70867.5, 2910.0], [70850.0, 450.0], [70847.5, 1500.0], [70842.5, 560.0], [70840.0, 1600.0], [70837.5, 480.0], [70835.0, 1600.0], [70832.5, 480.0], [70830.0, 1600.0], [70827.5, 900.0], [70825.0, 3000.0], [70815.0, 870.0], [70812.5, 2910.0], [70810.0, 2000.0], [70775.0, 19850.0], [70765.0, 57340.0], [70760.0, 4670.0], [70632.5, 105000.0], [70630.0, 50.0], [70627.5, 7670.0]], "asks": [[70870.0, 1500.0], [70872.5, 870.0], [70875.0, 2910.0], [70882.5, 300.0], [70885.0, 600.0], [70927.5, 480.0], [70930.0, 1600.0], [70932.5, 20000.0], [70935.0, 73310.0], [70937.5, 12820.0], [70940.0, 31340.0], [70942.5, 105000.0], [71025.0, 900.0], [71027.5, 3020.0], [71032.5, 12600.0], [71035.0, 42200.0], [71042.5, 20310.0], [71055.0, 39510.0], [71095.0, 50000.0], [71112.5, 160.0]]}}}
{"jsonrpc": "2.0", "method": "subscription", "params": {"channel": "book.BTC-20MAR26.none.20.100ms", "data": {"timestamp": 1773455722705, "change_id": 145485812083, "instrument_name": "BTC-20MAR26", "bids": [[70867.5, 2910.0], [70850.0, 450.0], [70847.5, 1500.0], [70842.5, 560.0], [70840.0, 1600.0], [70837.5, 480.0], [70835.0, 1600.0], [70832.5, 480.0], [70830.0, 1600.0], [70827.5, 900.0], [70825.0, 3000.0], [70815.0, 870.0], [70812.5, 2910.0], [70810.0, 2000.0], [70775.0, 19850.0], [70765.0, 57340.0], [70760.0, 4670.0], [70632.5, 105000.0], [70630.0, 50.0], [70627.5, 7670.0]], "asks": [[70870.0, 1500.0], [70882.5, 300.0], [70885.0, 600.0], [70927.5, 480.0], [70930.0, 1600.0], [70932.5, 20000.0], [70935.0, 73310.0], [70937.5, 12820.0], [70940.0, 31340.0], [70942.5, 105000.0], [71025.0, 900.0], [71027.5, 3020.0], [71032.5, 12600.0], [71035.0, 42200.0], [71042.5, 20310.0], [71055.0, 39510.0], [71095.0, 50000.0], [71112.5, 160.0], [71137.5, 24570.0], [71140.0, 210000.0]]}}}
{"jsonrpc": "2.0", "method": "subscription", "params": {"channel": "book.BTC-20MAR26.none.20.100ms", "data": {"timestamp": 1773455722707, "change_id": 145485812084, "instrument_name": "BTC-20MAR26", "bids": [[70867.5, 2910.0], [70850.0, 450.0], [70847.5, 1500.0], [70842.5, 560.0], [70840.0, 1600.0], [70837.5, 480.0], [70835.0, 1600.0], [70832.5, 480.0], [70830.0, 1600.0], [70827.5, 900.0], [70825.0, 3000.0], [70815.0, 870.0], [70812.5, 2910.0], [70810.0, 2000.0], [70775.0, 19850.0], [70765.0, 57340.0], [70760.0, 4670.0], [70632.5, 105000.0], [70630.0, 50.0], [70627.5, 7670.0]], "asks": [[70870.0, 4410.0], [70882.5, 300.0], [70885.0, 600.0], [70927.5, 480.0], [70930.0, 1600.0], [70932.5, 20000.0], [70935.0, 73310.0], [70937.5, 12820.0], [70940.0, 31340.0], [70942.5, 105000.0], [71025.0, 900.0], [71027.5, 3020.0], [71032.5, 12600.0], [71035.0, 42200.0], [71042.5, 20310.0], [71055.0, 39510.0], [71095.0, 50000.0], [71112.5, 160.0], [71137.5, 24570.0], [71140.0, 210000.0]]}}}
{"jsonrpc": "2.0", "method": "subscription", "params": {"channel": "book.BTC-20MAR26.none.20.100ms", "data": {"timestamp": 1773455723292, "change_id": 145485812689, "instrument_name": "BTC-20MAR26", "bids": [[70867.5, 4510.0], [70850.0, 450.0], [70847.5, 1500.0], [70842.5, 560.0], [70840.0, 1600.0], [70837.5, 480.0], [70835.0, 1600.0], [70832.5, 480.0], [70830.0, 1600.0], [70827.5, 900.0], [70825.0, 3000.0], [70815.0, 870.0], [70812.5, 2910.0], [70810.0, 2000.0], [70777.5, 19850.0], [70765.0, 57340.0], [70760.0, 4670.0], [70632.5, 105000.0], [70630.0, 50.0], [70627.5, 7670.0]], "asks": [[70870.0, 4410.0], [70882.5, 300.0], [70885.0, 600.0], [70927.5, 480.0], [70930.0, 1600.0], [70932.5, 20000.0], [70935.0, 73310.0], [70937.5, 12820.0], [70940.0, 31340.0], [70942.5, 105000.0], [71025.0, 900.0], [71027.5, 3020.0], [71032.5, 12600.0], [71035.0, 42200.0], [71042.5, 20310.0], [71055.0, 39510.0], [71095.0, 50000.0], [71112.5, 160.0], [71137.5, 24570.0], [71140.0, 210000.0]]}}}
{"jsonrpc": "2.0", "method": "subscription", "params": {"channel": "book.BTC-20MAR26.none.20.100ms", "data": {"timestamp": 1773455723539, "change_id": 145485813053, "instrument_name": "BTC-20MAR26", "bids": [[70867.5, 2910.0], [70850.0, 450.0], [70847.5, 1500.0], [70842.5, 560.0], [70840.0, 1600.0], [70837.5, 480.0], [70835.0, 1600.0], [70832.5, 480.0], [70830.0, 1600.0], [70827.5, 900.0], [70825.0, 3000.0], [70815.0, 870.0], [70812.5, 2910.0], [70810.0, 2000.0], [70777.5, 19850.0], [70765.0, 57340.0], [70760.0, 4670.0], [70632.5, 105000.0], [70630.0, 50.0], [70627.5, 7670.0]], "asks": [[70870.0, 4410.0], [70882.5, 300.0], [70885.0, 600.0], [70927.5, 480.0], [70930.0, 1600.0], [70932.5, 20000.0], [70935.0, 73310.0], [70937.5, 12820.0], [70940.0, 31340.0], [70942.5, 105000.0], [71025.0, 900.0], [71027.5, 3020.0], [71032.5, 12600.0], [71035.0, 42200.0], [71042.5, 20310.0], [71055.0, 39510.0], [71095.0, 50000.0], [71112.5, 160.0], [71137.5, 24570.0], [71140.0, 210000.0]]}}}
{"jsonrpc": "2.0", "method": "subscription", "params": {"channel": "book.BTC-20MAR26.none.20.100ms", "data": {"timestamp": 1773455724019, "change_id": 145485814750, "instrument_name": "BTC-20MAR26", "bids": [[70867.5, 2910.0], [70842.5, 480.0], [70840.0, 1680.0], [70837.5, 480.0], [70835.0, 1600.0], [70832.5, 480.0], [70830.0, 1600.0], [70827.5, 900.0], [70825.0, 3000.0], [70815.0, 870.0], [70812.5, 3510.0], [70810.0, 2000.0], [70777.5, 19850.0], [70775.0, 1500.0], [70765.0, 57340.0], [70760.0, 4670.0], [70632.5, 105000.0], [70630.0, 50.0], [70627.5, 7670.0], [70625.0, 40790.0]], "asks": [[70870.0, 2910.0], [70882.5, 300.0], [70885.0, 600.0], [70927.5, 480.0], [70930.0, 1600.0], [70932.5, 20000.0], [70935.0, 73310.0], [70937.5, 14320.0], [70940.0, 31340.0], [70942.5, 105000.0], [71025.0, 900.0], [71027.5, 3020.0], [71032.5, 12600.0], [71035.0, 42200.0], [71042.5, 20310.0], [71055.0, 39510.0], [71112.5, 160.0], [71137.5, 24570.0], [71140.0, 210000.0], [71160.0, 40440.0]]}}}
{"jsonrpc": "2.0", "method": "subscription", "params": {"channel": "book.BTC-20MAR26.none.20.100ms", "data": {"timestamp": 1773455724231, "change_id": 145485814954, "instrument_name": "BTC-20MAR26", "bids": [[70867.5, 2910.0], [70847.5, 450.0], [70845.0, 1500.0], [70842.5, 480.0], [70840.0, 1680.0], [70837.5, 480.0], [70835.0, 1600.0], [70832.5, 480.0], [70830.0, 1600.0], [70827.5, 900.0], [70825.0, 3000.0], [70815.0, 870.0], [70812.5, 3510.0], [70810.0, 2000.0], [70777.5, 19850.0], [70765.0, 57340.0], [70760.0, 4670.0], [70632.5, 105000.0], [70630.0, 50.0], [70627.5, 7670.0]], "asks": [[70870.0, 4410.0], [70882.5, 300.0], [70885.0, 600.0], [70927.5, 480.0], [70930.0, 1600.0], [70932.5, 20000.0], [70935.0, 73310.0], [70937.5, 12820.0], [70940.0, 31340.0], [70942.5, 105000.0], [71025.0, 900.0], [71027.5, 3020.0], [71032.5, 12600.0], [71035.0, 42200.0], [71042.5, 20310.0], [71055.0, 39510.0], [71112.5, 160.0], [71137.5, 24570.0], [71140.0, 210000.0], [71160.0, 40440.0]]}}}
