{"jsonrpc": "2.0", "method": "subscription", "params": {"channel": "book.BTC-21MAR25.none.20.100ms", "data": {"timestamp": 1741762469284, "change_id": 92389209121, "instrument_name": "BTC-21MAR25", "bids": [[81470.0, 1930.0], [81467.5, 4980.0], [81465.0, 1870.0], [81462.5, 2200.0], [81460.0, 5830.0], [81457.5, 2200.0], [81455.0, 9250.0], [81452.5, 10000.0], [81450.0, 4220.0], [81442.5, 1410.0], [81440.0, 4300.0], [81432.5, 1240.0], [81430.0, 19140.0], [81427.5, 50000.0], [81422.5, 7240.0], [81420.0, 24070.0], [81412.5, 1270.0], [81410.0, 4220.0], [81405.0, 1870.0], [81402.5, 2000.0]], "asks": [[81480.0, 6450.0], [81482.5, 6450.0], [81485.0, 25530.0], [81487.5, 50000.0], [81490.0, 4300.0], [81492.5, 120.0], [81495.0, 2780.0], [81497.5, 1310.0], [81500.0, 4350.0], [81502.5, 3000.0], [81505.0, 10000.0], [81507.5, 1290.0], [81510.0, 4290.0], [81517.5, 1270.0], [81520.0, 4220.0], [81522.5, 830.0], [81525.0, 2780.0], [81530.0, 10500.0], [81532.5, 35000.0], [81545.0, 1260.0]]}}}
{"jsonrpc": "2.0", "method": "subscription", "params": {"channel": "book.BTC-14MAR25.none.20.100ms", "data": {"timestamp": 1741762469604, "change_id": 92389209800, "instrument_name": "BTC-14MAR25", "bids": [[81402.5, 3540.0], [81392.5, 1100.0], [81390.0, 660.0], [81387.5, 1100.0], [81385.0, 21000.0], [81382.5, 68260.0], [81380.0, 7420.0], [81375.0, 120.0], [81370.0, 1360.0], [81367.5, 4540.0], [81360.0, 4570.0], [81357.5, 15240.0], [81355.0, 2080.0], [81352.5, 4580.0], [81350.0, 2910.0], [81345.0, 1350.0], [81342.5, 4510.0], [81340.0, 7250.0], [81337.5, 24180.0], [81335.0, 1360.0]], "asks": [[81405.0, 27280.0], [81407.5, 12190.0], [81410.0, 37250.0], [81415.0, 4520.0], [81417.5, 11080.0], [81420.0, 35000.0], [81422.5, 9730.0], [81425.0, 33770.0], [81427.5, 4660.0], [81432.5, 3000.0], [81435.0, 11350.0], [81437.5, 4510.0], [81445.0, 1350.0], [81447.5, 4510.0], [81455.0, 1360.0], [81457.5, 4540.0], [81465.0, 1400.0], [81467.5, 4660.0], [81480.0, 3010.0], [81482.5, 8840.0]]}}}
{"jsonrpc": "2.0", "method": "subscription", "params": {"channel": "book.BTC-21MAR25.none.20.100ms", "data": {"timestamp": 1741762469605, "change_id": 92389209803, "instrument_name": "BTC-21MAR25", "bids": [[81472.5, 660.0], [81470.0, 4130.0], [81467.5, 4980.0], [81465.0, 1870.0], [81462.5, 2200.0], [81460.0, 5830.0], [81457.5, 2200.0], [81455.0, 9250.0], [81452.5, 12200.0], [81450.0, 4220.0], [81442.5, 1410.0], [81440.0, 4300.0], [81432.5, 1240.0], [81430.0, 19140.0], [81427.5, 50000.0], [81422.5, 7240.0], [81420.0, 24070.0], [81412.5, 1270.0], [81410.0, 4220.0], [81405.0, 1870.0]], "asks": [[81480.0, 2200.0], [81482.5, 6450.0], [81485.0, 25530.0], [81487.5, 67270.0], [81490.0, 4300.0], [81492.5, 120.0], [81495.0, 2780.0], [81497.5, 1310.0], [81500.0, 4350.0], [81502.5, 3000.0], [81505.0, 10000.0], [81507.5, 1290.0], [81510.0, 4290.0], [81517.5, 1270.0], [81520.0, 4220.0], [81522.5, 830.0], [81525.0, 2780.0], [81530.0, 10500.0], [81532.5, 35000.0], [81545.0, 1260.0]]}}}
{"jsonrpc": "2.0", "method": "subscription", "params": {"channel": "book.BTC-14MAR25.none.20.100ms", "data": {"timestamp": 1741762469947, "change_id": 92389210868, "instrument_name": "BTC-14MAR25", "bids": [[81402.5, 3540.0], [81380.0, 2180.0], [81375.0, 10920.0], [81372.5, 2910.0], [81370.0, 26190.0], [81367.5, 4540.0], [81365.0, 50000.0], [81362.5, 120.0], [81360.0, 4570.0], [81357.5, 15240.0], [81355.0, 2080.0], [81352.5, 4580.0], [81350.0, 2910.0], [81345.0, 1350.0], [81342.5, 4510.0], [81335.0, 1360.0], [81332.5, 4520.0], [81325.0, 10150.0], [81322.5, 34420.0], [81315.0, 9360.0]], "asks": [[81405.0, 31880.0], [81407.5, 12190.0], [81410.0, 37370.0], [81415.0, 4520.0], [81417.5, 11080.0], [81420.0, 35000.0], [81422.5, 9610.0], [81425.0, 43770.0], [81427.5, 4660.0], [81435.0, 1350.0], [81437.5, 4510.0], [81445.0, 1350.0], [81447.5, 4510.0], [81455.0, 1360.0], [81457.5, 4540.0], [81460.0, 600.0], [81462.5, 2000.0], [81465.0, 1400.0], [81467.5, 4660.0], [81480.0, 3010.0]]}}}
{"jsonrpc": "2.0", "method": "subscription", "params": {"channel": "book.BTC-21MAR25.none.20.100ms", "data": {"timestamp": 1741762469953, "change_id": 92389210909, "instrument_name": "BTC-21MAR25", "bids": [[81457.5, 330.0], [81452.5, 1270.0], [81450.0, 4220.0], [81442.5, 4290.0], [81440.0, 14300.0], [81430.0, 4140.0], [81427.5, 14900.0], [81425.0, 52780.0], [81422.5, 1310.0], [81420.0, 4300.0], [81410.0, 4220.0], [81402.5, 600.0], [81400.0, 6480.0], [81397.5, 7540.0], [81390.0, 4220.0], [81382.5, 1270.0], [81380.0, 9450.0], [81377.5, 17440.0], [81370.0, 1310.0], [81367.5, 4350.0]], "asks": [[81472.5, 6450.0], [81475.0, 60750.0], [81477.5, 2200.0], [81480.0, 2320.0], [81482.5, 2200.0], [81485.0, 32000.0], [81487.5, 17270.0], [81490.0, 4300.0], [81492.5, 10000.0], [81495.0, 2780.0], [81497.5, 1310.0], [81500.0, 4350.0], [81510.0, 4290.0], [81517.5, 1270.0], [81520.0, 4220.0], [81522.5, 830.0], [81525.0, 2780.0], [81530.0, 10500.0], [81532.5, 35000.0], [81545.0, 1260.0]]}}}
{"jsonrpc": "2.0", "method": "subscription", "params": {"channel": "book.BTC-14MAR25.none.20.100ms", "data": {"timestamp": 1741762470075, "change_id": 92389212118, "instrument_name": "BTC-14MAR25", "bids": [[81377.5, 5700.0], [81370.0, 10000.0], [81367.5, 11680.0], [81362.5, 3030.0], [81357.5, 20.0], [81352.5, 4580.0], [81350.0, 52910.0], [81347.5, 15220.0], [81342.5, 4510.0], [81332.5, 4520.0], [81322.5, 4620.0], [81312.5, 56400.0], [81310.0, 4600.0], [81307.5, 24390.0], [81300.0, 4690.0], [81292.5, 20.0], [81282.5, 570.0], [81270.0, 4710.0], [81267.5, 20.0], [81260.0, 4550.0]], "asks": [[81390.0, 4010.0], [81392.5, 21100.0], [81395.0, 1100.0], [81397.5, 5700.0], [81400.0, 16210.0], [81405.0, 27280.0], [81407.5, 29500.0], [81410.0, 17370.0], [81415.0, 4520.0], [81417.5, 580.0], [81420.0, 35000.0], [81425.0, 12910.0], [81427.5, 4660.0], [81437.5, 4510.0], [81447.5, 4510.0], [81457.5, 4540.0], [81462.5, 2000.0], [81467.5, 4660.0], [81482.5, 8840.0], [81487.5, 20.0]]}}}
{"jsonrpc": "2.0", "method": "subscription", "params": {"channel": "book.BTC-21MAR25.none.20.100ms", "data": {"timestamp": 1741762470207, "change_id": 92389211956, "instrument_name": "BTC-21MAR25", "bids": [[81450.0, 2200.0], [81447.5, 6450.0], [81445.0, 2780.0], [81440.0, 14300.0], [81430.0, 4140.0], [81427.5, 120.0], [81425.0, 2780.0], [81422.5, 20.0], [81420.0, 4300.0], [81410.0, 4220.0], [81407.5, 50000.0], [81400.0, 4220.0], [81390.0, 28190.0], [81380.0, 4220.0], [81377.5, 2000.0], [81367.5, 19790.0], [81357.5, 4260.0], [81297.5, 4240.0], [81292.5, 20.0], [81287.5, 4160.0]], "asks": [[81472.5, 6450.0], [81475.0, 63530.0], [81477.5, 2200.0], [81480.0, 2320.0], [81482.5, 2200.0], [81485.0, 25530.0], [81487.5, 17270.0], [81490.0, 4300.0], [81492.5, 10000.0], [81495.0, 2780.0], [81500.0, 4350.0], [81510.0, 4290.0], [81520.0, 4220.0], [81532.5, 35000.0], [81547.5, 4190.0], [81552.5, 20.0], [81555.0, 14730.0], [81557.5, 4340.0], [81567.5, 4310.0], [81582.5, 3630.0]]}}}
{"jsonrpc": "2.0", "method": "subscription", "params": {"channel": "book.BTC-14MAR25.none.20.100ms", "data": {"timestamp": 1741762470604, "change_id": 92389212908, "instrument_name": "BTC-14MAR25", "bids": [[81377.5, 5700.0], [81372.5, 4100.0], [81370.0, 13330.0], [81367.5, 11680.0], [81365.0, 910.0], [81362.5, 3030.0], [81357.5, 20.0], [81352.5, 20450.0], [81350.0, 57480.0], [81347.5, 15220.0], [81345.0, 1360.0], [81342.5, 4520.0], [81335.0, 1360.0], [81332.5, 4520.0], [81325.0, 1390.0], [81322.5, 4620.0], [81315.0, 18300.0], [81312.5, 56400.0], [81310.0, 11920.0], [81307.5, 24390.0]], "asks": [[81387.5, 2300.0], [81390.0, 11760.0], [81392.5, 24730.0], [81395.0, 6570.0], [81397.5, 4600.0], [81400.0, 16210.0], [81402.5, 7100.0], [81405.0, 32540.0], [81407.5, 29500.0], [81410.0, 120.0], [81412.5, 1360.0], [81415.0, 4520.0], [81417.5, 11080.0], [81420.0, 35000.0], [81422.5, 3870.0], [81425.0, 17430.0], [81435.0, 1350.0], [81437.5, 4510.0], [81445.0, 1350.0], [81447.5, 4510.0]]}}}
{"jsonrpc": "2.0", "method": "subscription", "params": {"channel": "book.BTC-21MAR25.none.20.100ms", "data": {"timestamp": 1741762470493, "change_id": 92389212600, "instrument_name": "BTC-21MAR25", "bids": [[81452.5, 4140.0], [81450.0, 9220.0], [81447.5, 6450.0], [81445.0, 2780.0], [81442.5, 4290.0], [81440.0, 14300.0], [81432.5, 1240.0], [81430.0, 20010.0], [81427.5, 50120.0], [81425.0, 2780.0], [81422.5, 1310.0], [81420.0, 4300.0], [81412.5, 1270.0], [81410.0, 4220.0], [81402.5, 1270.0], [81400.0, 4220.0], [81392.5, 8460.0], [81390.0, 28190.0], [81382.5, 1270.0], [81380.0, 4820.0]], "asks": [[81467.5, 6450.0], [81470.0, 2200.0], [81472.5, 6450.0], [81475.0, 57080.0], [81480.0, 120.0], [81482.5, 9860.0], [81485.0, 25530.0], [81487.5, 1290.0], [81490.0, 8130.0], [81492.5, 10000.0], [81495.0, 2780.0], [81497.5, 1310.0], [81500.0, 4350.0], [81507.5, 1290.0], [81510.0, 4290.0], [81517.5, 1270.0], [81520.0, 4220.0], [81530.0, 10500.0], [81532.5, 35000.0], [81545.0, 1260.0]]}}}
{"jsonrpc": "2.0", "method": "subscription", "params": {"channel": "book.BTC-14MAR25.none.20.100ms", "data": {"timestamp": 1741762470836, "change_id": 92389213775, "instrument_name": "BTC-14MAR25", "bids": [[81377.5, 1100.0], [81372.5, 4100.0], [81370.0, 10000.0], [81365.0, 910.0], [81362.5, 3030.0], [81360.0, 2150.0], [81357.5, 7180.0], [81352.5, 20450.0], [81350.0, 52910.0], [81345.0, 1360.0], [81342.5, 4520.0], [81340.0, 4570.0], [81337.5, 15220.0], [81335.0, 1360.0], [81332.5, 4520.0], [81325.0, 1390.0], [81322.5, 4620.0], [81315.0, 9360.0], [81312.5, 26600.0], [81310.0, 19940.0]], "asks": [[81380.0, 10.0], [81382.5, 20000.0], [81385.0, 2910.0], [81387.5, 5700.0], [81390.0, 5430.0], [81392.5, 4730.0], [81395.0, 7710.0], [81397.5, 22190.0], [81400.0, 4640.0], [81402.5, 7100.0], [81405.0, 32530.0], [81407.5, 29500.0], [81412.5, 4190.0], [81415.0, 14520.0], [81417.5, 11080.0], [81420.0, 35000.0], [81422.5, 2230.0], [81425.0, 7430.0], [81435.0, 1350.0], [81437.5, 4510.0]]}}}
{"jsonrpc": "2.0", "method": "subscription", "params": {"channel": "book.BTC-21MAR25.none.20.100ms", "data": {"timestamp": 1741762470831, "change_id": 92389213772, "instrument_name": "BTC-21MAR25", "bids": [[81450.0, 1490.0], [81447.5, 2200.0], [81445.0, 2780.0], [81442.5, 4290.0], [81440.0, 14300.0], [81432.5, 1240.0], [81430.0, 20010.0], [81427.5, 120.0], [81425.0, 52780.0], [81422.5, 1310.0], [81420.0, 4300.0], [81412.5, 1270.0], [81410.0, 4220.0], [81402.5, 1270.0], [81400.0, 4220.0], [81392.5, 8460.0], [81390.0, 28190.0], [81382.5, 1270.0], [81380.0, 4820.0], [81377.5, 2000.0]], "asks": [[81465.0, 4250.0], [81467.5, 6450.0], [81470.0, 2320.0], [81472.5, 2200.0], [81475.0, 74690.0], [81482.5, 9860.0], [81485.0, 25530.0], [81487.5, 1290.0], [81490.0, 8130.0], [81492.5, 10000.0], [81495.0, 2780.0], [81497.5, 1310.0], [81500.0, 4350.0], [81507.5, 1290.0], [81510.0, 4290.0], [81517.5, 1270.0], [81520.0, 4220.0], [81527.5, 4420.0], [81530.0, 25230.0], [81532.5, 35000.0]]}}}
{"jsonrpc": "2.0", "method": "subscription", "params": {"channel": "book.BTC-14MAR25.none.20.100ms", "data": {"timestamp": 1741762471272, "change_id": 92389215180, "instrument_name": "BTC-14MAR25", "bids": [[81365.0, 5700.0], [81357.5, 10020.0], [81355.0, 7160.0], [81352.5, 4580.0], [81350.0, 120.0], [81342.5, 4520.0], [81332.5, 54520.0], [81330.0, 15220.0], [81325.0, 2910.0], [81322.5, 4620.0], [81312.5, 26600.0], [81310.0, 4600.0], [81300.0, 4690.0], [81295.0, 29800.0], [81292.5, 20.0], [81270.0, 4710.0], [81267.5, 20.0], [81260.0, 4550.0], [81255.0, 3630.0], [81252.5, 4320.0]], "asks": [[81375.0, 10.0], [81380.0, 2910.0], [81382.5, 20000.0], [81387.5, 5700.0], [81390.0, 1100.0], [81392.5, 4730.0], [81397.5, 22190.0], [81400.0, 7550.0], [81405.0, 23640.0], [81407.5, 29500.0], [81415.0, 14520.0], [81417.5, 580.0], [81420.0, 35000.0], [81425.0, 4520.0], [81437.5, 4510.0], [81447.5, 4510.0], [81457.5, 4540.0], [81462.5, 2000.0], [81467.5, 4660.0], [81482.5, 8840.0]]}}}
{"jsonrpc": "2.0", "method": "subscription", "params": {"channel": "book.BTC-21MAR25.none.20.100ms", "data": {"timestamp": 1741762471277, "change_id": 92389215191, "instrument_name": "BTC-21MAR25", "bids": [[81440.0, 6500.0], [81437.5, 6450.0], [81435.0, 2200.0], [81430.0, 4140.0], [81427.5, 10000.0], [81422.5, 20.0], [81420.0, 4300.0], [81412.5, 120.0], [81410.0, 4220.0], [81400.0, 7000.0], [81395.0, 50000.0], [81390.0, 4220.0], [81380.0, 4220.0], [81377.5, 2000.0], [81367.5, 4350.0], [81360.0, 15440.0], [81357.5, 4260.0], [81297.5, 4240.0], [81292.5, 20.0], [81287.5, 4160.0]], "asks": [[81465.0, 58550.0], [81467.5, 6450.0], [81470.0, 2320.0], [81472.5, 2200.0], [81475.0, 21910.0], [81482.5, 12200.0], [81485.0, 25530.0], [81490.0, 4300.0], [81495.0, 2780.0], [81500.0, 4350.0], [81510.0, 4290.0], [81520.0, 4220.0], [81530.0, 14730.0], [81547.5, 4190.0], [81552.5, 20.0], [81557.5, 4340.0], [81567.5, 4310.0], [81582.5, 3630.0], [81595.0, 14530.0], [81597.5, 4340.0]]}}}
{"jsonrpc": "2.0", "method": "subscription", "params": {"channel": "book.BTC-14MAR25.none.20.100ms", "data": {"timestamp": 1741762471598, "change_id": 92389216577, "instrument_name": "BTC-14MAR25", "bids": [[81360.0, 5700.0], [81357.5, 10020.0], [81355.0, 1100.0], [81352.5, 4580.0], [81350.0, 10190.0], [81342.5, 4520.0], [81332.5, 4520.0], [81330.0, 50000.0], [81327.5, 15220.0], [81325.0, 2910.0], [81322.5, 4620.0], [81312.5, 26600.0], [81310.0, 4600.0], [81300.0, 4690.0], [81297.5, 29800.0], [81292.5, 20.0], [81270.0, 5280.0], [81267.5, 20.0], [81265.0, 24600.0], [81260.0, 4550.0]], "asks": [[81375.0, 1110.0], [81377.5, 1100.0], [81380.0, 2910.0], [81382.5, 20000.0], [81385.0, 4520.0], [81387.5, 4600.0], [81390.0, 1220.0], [81392.5, 3630.0], [81397.5, 4600.0], [81400.0, 7430.0], [81405.0, 33640.0], [81407.5, 29500.0], [81415.0, 4520.0], [81417.5, 580.0], [81420.0, 35000.0], [81425.0, 4520.0], [81437.5, 4510.0], [81447.5, 4510.0], [81457.5, 4540.0], [81462.5, 2000.0]]}}}
{"jsonrpc": "2.0", "method": "subscription", "params": {"channel": "book.BTC-21MAR25.none.20.100ms", "data": {"timestamp": 1741762471598, "change_id": 92389216573, "instrument_name": "BTC-21MAR25", "bids": [[81440.0, 2200.0], [81437.5, 2200.0], [81435.0, 2200.0], [81432.5, 2780.0], [81430.0, 4140.0], [81427.5, 10000.0], [81422.5, 20.0], [81420.0, 4300.0], [81412.5, 120.0], [81410.0, 4220.0], [81400.0, 7000.0], [81395.0, 50000.0], [81380.0, 4220.0], [81377.5, 2000.0], [81367.5, 4350.0], [81360.0, 15440.0], [81357.5, 4260.0], [81350.0, 24500.0], [81297.5, 4240.0], [81292.5, 20.0]], "asks": [[81460.0, 6570.0], [81462.5, 4980.0], [81465.0, 58550.0], [81467.5, 2200.0], [81472.5, 2200.0], [81475.0, 7080.0], [81482.5, 12200.0], [81485.0, 23330.0], [81500.0, 4350.0], [81510.0, 4290.0], [81520.0, 4220.0], [81530.0, 14730.0], [81547.5, 4190.0], [81552.5, 20.0], [81557.5, 4340.0], [81567.5, 4310.0], [81582.5, 3630.0], [81595.0, 14530.0], [81597.5, 4340.0], [81600.0, 22490.0]]}}}
{"jsonrpc": "2.0", "method": "subscription", "params": {"channel": "book.BTC-14MAR25.none.20.100ms", "data": {"timestamp": 1741762471860, "change_id": 92389217349, "instrument_name": "BTC-14MAR25", "bids": [[81365.0, 1100.0], [81362.5, 5700.0], [81360.0, 6170.0], [81357.5, 10020.0], [81355.0, 10540.0], [81352.5, 4580.0], [81350.0, 2910.0], [81347.5, 15000.0], [81345.0, 51360.0], [81342.5, 4520.0], [81335.0, 1360.0], [81332.5, 4520.0], [81330.0, 5440.0], [81327.5, 15220.0], [81325.0, 4300.0], [81322.5, 4620.0], [81315.0, 9360.0], [81312.5, 26600.0], [81310.0, 4600.0], [81302.5, 1410.0]], "asks": [[81375.0, 2310.0], [81377.5, 1100.0], [81380.0, 10270.0], [81382.5, 20000.0], [81385.0, 6270.0], [81387.5, 4600.0], [81390.0, 2310.0], [81392.5, 3630.0], [81395.0, 3610.0], [81397.5, 4600.0], [81400.0, 7430.0], [81402.5, 10090.0], [81405.0, 42490.0], [81407.5, 29500.0], [81412.5, 1360.0], [81415.0, 4520.0], [81417.5, 11080.0], [81420.0, 35000.0], [81422.5, 1360.0], [81425.0, 4520.0]]}}}
{"jsonrpc": "2.0", "method": "subscription", "params": {"channel": "book.BTC-21MAR25.none.20.100ms", "data": {"timestamp": 1741762471638, "change_id": 92389216682, "instrument_name": "BTC-21MAR25", "bids": [[81440.0, 2200.0], [81437.5, 2200.0], [81435.0, 2200.0], [81432.5, 2780.0], [81430.0, 4140.0], [81427.5, 10000.0], [81422.5, 20.0], [81420.0, 4300.0], [81412.5, 120.0], [81410.0, 4220.0], [81400.0, 7000.0], [81395.0, 50000.0], [81380.0, 4220.0], [81377.5, 2000.0], [81367.5, 4350.0], [81360.0, 15440.0], [81357.5, 4260.0], [81350.0, 24500.0], [81297.5, 4240.0], [81292.5, 20.0]], "asks": [[81460.0, 6570.0], [81462.5, 4980.0], [81465.0, 58550.0], [81467.5, 2200.0], [81472.5, 2200.0], [81475.0, 7080.0], [81482.5, 12200.0], [81485.0, 23330.0], [81500.0, 4350.0], [81510.0, 4290.0], [81520.0, 4220.0], [81530.0, 14730.0], [81547.5, 4190.0], [81552.5, 20.0], [81557.5, 4340.0], [81567.5, 4310.0], [81582.5, 3630.0], [81595.0, 14530.0], [81597.5, 4340.0], [81600.0, 22490.0]]}}}
{"jsonrpc": "2.0", "method": "subscription", "params": {"channel": "book.BTC-14MAR25.none.20.100ms", "data": {"timestamp": 1741762472239, "change_id": 92389218273, "instrument_name": "BTC-14MAR25", "bids": [[81367.5, 4600.0], [81365.0, 3120.0], [81362.5, 1100.0], [81360.0, 8260.0], [81357.5, 12930.0], [81355.0, 2470.0], [81352.5, 4580.0], [81347.5, 15000.0], [81345.0, 51360.0], [81342.5, 4520.0], [81337.5, 120.0], [81332.5, 4520.0], [81327.5, 5440.0], [81325.0, 19520.0], [81322.5, 4620.0], [81315.0, 9360.0], [81312.5, 26600.0], [81310.0, 4600.0], [81300.0, 4690.0], [81292.5, 29820.0]], "asks": [[81377.5, 10.0], [81380.0, 2910.0], [81382.5, 20000.0], [81390.0, 2190.0], [81392.5, 3630.0], [81397.5, 4600.0], [81400.0, 7430.0], [81402.5, 120.0], [81405.0, 33640.0], [81407.5, 29500.0], [81412.5, 1360.0], [81415.0, 4520.0], [81417.5, 11080.0], [81420.0, 35000.0], [81425.0, 4520.0], [81437.5, 4510.0], [81447.5, 4510.0], [81457.5, 4540.0], [81462.5, 2000.0], [81467.5, 4660.0]]}}}
{"jsonrpc": "2.0", "method": "subscription", "params": {"channel": "book.BTC-21MAR25.none.20.100ms", "data": {"timestamp": 1741762472215, "change_id": 92389218231, "instrument_name": "BTC-21MAR25", "bids": [[81445.0, 2200.0], [81442.5, 6450.0], [81440.0, 9280.0], [81437.5, 2200.0], [81435.0, 3440.0], [81430.0, 7140.0], [81427.5, 10000.0], [81422.5, 16150.0], [81420.0, 54300.0], [81412.5, 1390.0], [81410.0, 4220.0], [81402.5, 2100.0], [81400.0, 7000.0], [81392.5, 1290.0], [81390.0, 4300.0], [81380.0, 4820.0], [81377.5, 2000.0], [81370.0, 1310.0], [81367.5, 4350.0], [81362.5, 4630.0]], "asks": [[81460.0, 2320.0], [81462.5, 2200.0], [81465.0, 50000.0], [81470.0, 2780.0], [81472.5, 2200.0], [81475.0, 4300.0], [81480.0, 10660.0], [81482.5, 12200.0], [81485.0, 23330.0], [81497.5, 1310.0], [81500.0, 7130.0], [81507.5, 1290.0], [81510.0, 4290.0], [81517.5, 1270.0], [81520.0, 4220.0], [81527.5, 4420.0], [81530.0, 14730.0], [81545.0, 1260.0], [81547.5, 4190.0], [81552.5, 20.0]]}}}
{"jsonrpc": "2.0", "method": "subscription", "params": {"channel": "book.BTC-14MAR25.none.20.100ms", "data": {"timestamp": 1741762472575, "change_id": 92389219241, "instrument_name": "BTC-14MAR25", "bids": [[81370.0, 5700.0], [81360.0, 1100.0], [81357.5, 20.0], [81355.0, 1100.0], [81352.5, 4580.0], [81350.0, 10070.0], [81347.5, 3120.0], [81345.0, 11360.0], [81342.5, 4520.0], [81335.0, 1360.0], [81332.5, 4520.0], [81327.5, 19760.0], [81325.0, 69520.0], [81322.5, 4620.0], [81315.0, 9360.0], [81312.5, 26600.0], [81310.0, 4600.0], [81302.5, 1410.0], [81300.0, 4690.0], [81292.5, 29820.0]], "asks": [[81375.0, 10.0], [81377.5, 870.0], [81380.0, 8910.0], [81382.5, 20000.0], [81390.0, 2310.0], [81392.5, 3630.0], [81395.0, 8130.0], [81397.5, 19680.0], [81400.0, 7430.0], [81405.0, 33640.0], [81407.5, 29500.0], [81412.5, 1360.0], [81415.0, 4520.0], [81417.5, 11080.0], [81420.0, 35000.0], [81425.0, 4520.0], [81437.5, 4510.0], [81447.5, 4510.0], [81457.5, 4540.0], [81462.5, 2000.0]]}}}
{"jsonrpc": "2.0", "method": "subscription", "params": {"channel": "book.BTC-21MAR25.none.20.100ms", "data": {"timestamp": 1741762472584, "change_id": 92389219385, "instrument_name": "BTC-21MAR25", "bids": [[81447.5, 2200.0], [81435.0, 2200.0], [81432.5, 4980.0], [81430.0, 4140.0], [81422.5, 20.0], [81420.0, 4300.0], [81412.5, 10120.0], [81410.0, 4220.0], [81400.0, 7000.0], [81397.5, 50000.0], [81390.0, 4300.0], [81380.0, 4220.0], [81377.5, 2000.0], [81367.5, 4350.0], [81360.0, 15440.0], [81357.5, 4260.0], [81350.0, 24500.0], [81297.5, 4240.0], [81292.5, 20.0], [81287.5, 4160.0]], "asks": [[81455.0, 52200.0], [81457.5, 2200.0], [81460.0, 120.0], [81462.5, 2200.0], [81465.0, 4300.0], [81470.0, 2780.0], [81472.5, 2200.0], [81475.0, 19390.0], [81482.5, 12200.0], [81485.0, 23330.0], [81500.0, 7130.0], [81510.0, 4290.0], [81520.0, 4220.0], [81530.0, 14730.0], [81547.5, 4190.0], [81552.5, 20.0], [81557.5, 4340.0], [81567.5, 4310.0], [81582.5, 3630.0], [81595.0, 14530.0]]}}}
{"jsonrpc": "2.0", "method": "subscription", "params": {"channel": "book.BTC-14MAR25.none.20.100ms", "data": {"timestamp": 1741762472878, "change_id": 92389219856, "instrument_name": "BTC-14MAR25", "bids": [[81370.0, 1100.0], [81360.0, 1100.0], [81357.5, 20.0], [81355.0, 5500.0], [81352.5, 4580.0], [81350.0, 10070.0], [81347.5, 3120.0], [81345.0, 11360.0], [81342.5, 4520.0], [81335.0, 1360.0], [81332.5, 4520.0], [81327.5, 19760.0], [81325.0, 69520.0], [81322.5, 4620.0], [81315.0, 9360.0], [81312.5, 26600.0], [81310.0, 4600.0], [81302.5, 1410.0], [81300.0, 4690.0], [81295.0, 10300.0]], "asks": [[81377.5, 870.0], [81380.0, 8910.0], [81382.5, 20000.0], [81390.0, 2310.0], [81392.5, 3630.0], [81395.0, 8130.0], [81397.5, 19680.0], [81400.0, 7430.0], [81402.5, 10090.0], [81405.0, 42490.0], [81407.5, 29500.0], [81412.5, 1360.0], [81415.0, 4520.0], [81417.5, 11080.0], [81420.0, 35000.0], [81422.5, 1360.0], [81425.0, 4520.0], [81435.0, 1350.0], [81437.5, 4510.0], [81445.0, 1350.0]]}}}
{"jsonrpc": "2.0", "method": "subscription", "params": {"channel": "book.BTC-21MAR25.none.20.100ms", "data": {"timestamp": 1741762472782, "change_id": 92389219756, "instrument_name": "BTC-21MAR25", "bids": [[81447.5, 2200.0], [81435.0, 2200.0], [81432.5, 4980.0], [81430.0, 4140.0], [81422.5, 20.0], [81420.0, 4300.0], [81412.5, 10120.0], [81410.0, 4220.0], [81400.0, 7000.0], [81397.5, 50000.0], [81390.0, 4300.0], [81380.0, 4220.0], [81377.5, 2000.0], [81367.5, 4350.0], [81360.0, 15440.0], [81357.5, 4260.0], [81350.0, 24500.0], [81297.5, 4240.0], [81292.5, 20.0], [81287.5, 4160.0]], "asks": [[81455.0, 52200.0], [81460.0, 120.0], [81462.5, 2200.0], [81465.0, 4300.0], [81470.0, 2780.0], [81472.5, 2200.0], [81475.0, 19390.0], [81482.5, 12200.0], [81485.0, 23330.0], [81500.0, 7130.0], [81510.0, 4290.0], [81520.0, 4220.0], [81530.0, 14730.0], [81547.5, 4190.0], [81552.5, 20.0], [81557.5, 4340.0], [81567.5, 4310.0], [81582.5, 3630.0], [81595.0, 14530.0], [81597.5, 4340.0]]}}}
{"jsonrpc": "2.0", "method": "subscription", "params": {"channel": "book.BTC-14MAR25.none.20.100ms", "data": {"timestamp": 1741762473244, "change_id": 92389220440, "instrument_name": "BTC-14MAR25", "bids": [[81370.0, 1100.0], [81360.0, 1100.0], [81357.5, 20.0], [81355.0, 5500.0], [81352.5, 4580.0], [81350.0, 10070.0], [81347.5, 3120.0], [81345.0, 11360.0], [81342.5, 4520.0], [81335.0, 1360.0], [81332.5, 4520.0], [81327.5, 19760.0], [81325.0, 69520.0], [81322.5, 4620.0], [81315.0, 9360.0], [81312.5, 26600.0], [81310.0, 4600.0], [81302.5, 1410.0], [81300.0, 4690.0], [81295.0, 10300.0]], "asks": [[81377.5, 870.0], [81380.0, 8910.0], [81382.5, 20000.0], [81390.0, 2310.0], [81392.5, 3630.0], [81395.0, 8130.0], [81397.5, 19680.0], [81400.0, 7430.0], [81402.5, 10090.0], [81405.0, 42490.0], [81407.5, 29500.0], [81412.5, 1360.0], [81415.0, 4520.0], [81417.5, 11080.0], [81420.0, 35000.0], [81422.5, 1360.0], [81425.0, 4520.0], [81435.0, 1350.0], [81437.5, 4510.0], [81445.0, 1350.0]]}}}
{"jsonrpc": "2.0", "method": "subscription", "params": {"channel": "book.BTC-21MAR25.none.20.100ms", "data": {"timestamp": 1741762473248, "change_id": 92389220446, "instrument_name": "BTC-21MAR25", "bids": [[81447.5, 2200.0], [81437.5, 660.0], [81435.0, 4940.0], [81432.5, 4980.0], [81430.0, 4140.0], [81422.5, 10020.0], [81420.0, 4300.0], [81412.5, 120.0], [81410.0, 4220.0], [81400.0, 7000.0], [81397.5, 50000.0], [81390.0, 4300.0], [81380.0, 4220.0], [81377.5, 2000.0], [81367.5, 4350.0], [81360.0, 15440.0], [81357.5, 4260.0], [81350.0, 24500.0], [81297.5, 4240.0], [81292.5, 20.0]], "asks": [[81455.0, 52200.0], [81460.0, 120.0], [81462.5, 2200.0], [81465.0, 4300.0], [81470.0, 2780.0], [81472.5, 8020.0], [81475.0, 19390.0], [81482.5, 12200.0], [81485.0, 23330.0], [81500.0, 7130.0], [81510.0, 4290.0], [81520.0, 4220.0], [81530.0, 14730.0], [81547.5, 4190.0], [81552.5, 20.0], [81557.5, 4340.0], [81567.5, 4310.0], [81582.5, 3630.0], [81595.0, 14530.0], [81597.5, 4340.0]]}}}
{"jsonrpc": "2.0", "method": "subscription", "params": {"channel": "book.BTC-14MAR25.none.20.100ms", "data": {"timestamp": 1741762473392, "change_id": 92389220789, "instrument_name": "BTC-14MAR25", "bids": [[81370.0, 1100.0], [81360.0, 1770.0], [81357.5, 1120.0], [81355.0, 5500.0], [81352.5, 4580.0], [81350.0, 10070.0], [81347.5, 3120.0], [81345.0, 11360.0], [81342.5, 4520.0], [81335.0, 1360.0], [81332.5, 4520.0], [81327.5, 19760.0], [81325.0, 69520.0], [81322.5, 4620.0], [81315.0, 9360.0], [81312.5, 26600.0], [81310.0, 4600.0], [81302.5, 1410.0], [81300.0, 4690.0], [81295.0, 10300.0]], "asks": [[81372.5, 10.0], [81377.5, 870.0], [81380.0, 8910.0], [81382.5, 20000.0], [81390.0, 2310.0], [81392.5, 3630.0], [81395.0, 3610.0], [81397.5, 4600.0], [81400.0, 7430.0], [81402.5, 10090.0], [81405.0, 42490.0], [81407.5, 29500.0], [81412.5, 1360.0], [81415.0, 4520.0], [81417.5, 11080.0], [81420.0, 35000.0], [81422.5, 1360.0], [81425.0, 4520.0], [81435.0, 1350.0], [81437.5, 4510.0]]}}}
{"jsonrpc": "2.0", "method": "subscription", "params": {"channel": "book.BTC-21MAR25.none.20.100ms", "data": {"timestamp": 1741762473384, "change_id": 92389220743, "instrument_name": "BTC-21MAR25", "bids": [[81442.5, 660.0], [81440.0, 4140.0], [81437.5, 4250.0], [81435.0, 4940.0], [81432.5, 4980.0], [81430.0, 4800.0], [81427.5, 2200.0], [81425.0, 4300.0], [81422.5, 10020.0], [81420.0, 4300.0], [81412.5, 120.0], [81410.0, 4220.0], [81400.0, 7000.0], [81397.5, 50000.0], [81390.0, 4300.0], [81380.0, 4220.0], [81377.5, 2000.0], [81367.5, 4350.0], [81360.0, 15440.0], [81357.5, 4260.0]], "asks": [[81455.0, 50000.0], [81460.0, 120.0], [81462.5, 2200.0], [81465.0, 4300.0], [81470.0, 4730.0], [81472.5, 2200.0], [81475.0, 4300.0], [81482.5, 12200.0], [81485.0, 23330.0], [81500.0, 7130.0], [81510.0, 4290.0], [81520.0, 4220.0], [81530.0, 14730.0], [81547.5, 4190.0], [81552.5, 20.0], [81557.5, 4340.0], [81567.5, 4310.0], [81582.5, 3630.0], [81595.0, 14530.0], [81597.5, 4340.0]]}}}
{"jsonrpc": "2.0", "method": "subscription", "params": {"channel": "book.BTC-14MAR25.none.20.100ms", "data": {"timestamp": 1741762473911, "change_id": 92389221478, "instrument_name": "BTC-14MAR25", "bids": [[81370.0, 1100.0], [81360.0, 1770.0], [81357.5, 1120.0], [81355.0, 5500.0], [81352.5, 4580.0], [81350.0, 10070.0], [81347.5, 3120.0], [81345.0, 11360.0], [81342.5, 4520.0], [81335.0, 1360.0], [81332.5, 4520.0], [81327.5, 19760.0], [81325.0, 69520.0], [81322.5, 4620.0], [81315.0, 9360.0], [81312.5, 26600.0], [81310.0, 4600.0], [81302.5, 1410.0], [81300.0, 4690.0], [81295.0, 10300.0]], "asks": [[81377.5, 870.0], [81380.0, 8910.0], [81382.5, 20000.0], [81390.0, 8340.0], [81392.5, 24200.0], [81395.0, 3610.0], [81397.5, 4600.0], [81400.0, 7430.0], [81402.5, 10090.0], [81405.0, 42490.0], [81407.5, 29500.0], [81412.5, 1360.0], [81415.0, 4520.0], [81417.5, 11080.0], [81420.0, 35000.0], [81422.5, 1360.0], [81425.0, 4520.0], [81435.0, 1350.0], [81437.5, 4510.0], [81445.0, 1350.0]]}}}
{"jsonrpc": "2.0", "method": "subscription", "params": {"channel": "book.BTC-21MAR25.none.20.100ms", "data": {"timestamp": 1741762473796, "change_id": 92389221365, "instrument_name": "BTC-21MAR25", "bids": [[81442.5, 660.0], [81440.0, 4140.0], [81437.5, 4250.0], [81435.0, 4940.0], [81432.5, 4980.0], [81430.0, 4800.0], [81427.5, 2200.0], [81425.0, 4300.0], [81422.5, 10020.0], [81420.0, 4300.0], [81412.5, 120.0], [81410.0, 4220.0], [81400.0, 22000.0], [81397.5, 50000.0], [81390.0, 4300.0], [81380.0, 4220.0], [81377.5, 2000.0], [81367.5, 4350.0], [81360.0, 15440.0], [81357.5, 4260.0]], "asks": [[81455.0, 50000.0], [81460.0, 120.0], [81462.5, 2200.0], [81465.0, 4300.0], [81470.0, 25320.0], [81472.5, 12200.0], [81475.0, 4300.0], [81482.5, 2200.0], [81485.0, 23330.0], [81500.0, 7130.0], [81510.0, 4290.0], [81520.0, 4220.0], [81527.5, 4420.0], [81530.0, 14730.0], [81547.5, 4190.0], [81552.5, 20.0], [81555.0, 1300.0], [81557.5, 4340.0], [81567.5, 4310.0], [81582.5, 3630.0]]}}}
{"jsonrpc": "2.0", "method": "subscription", "params": {"channel": "book.BTC-14MAR25.none.20.100ms", "data": {"timestamp": 1741762474214, "change_id": 92389221864, "instrument_name": "BTC-14MAR25", "bids": [[81370.0, 1100.0], [81360.0, 1770.0], [81357.5, 1120.0], [81355.0, 5500.0], [81352.5, 4580.0], [81350.0, 10070.0], [81347.5, 3120.0], [81345.0, 11360.0], [81342.5, 4520.0], [81335.0, 1360.0], [81332.5, 4520.0], [81327.5, 19760.0], [81325.0, 69520.0], [81322.5, 4620.0], [81315.0, 9360.0], [81312.5, 26600.0], [81310.0, 4600.0], [81302.5, 1410.0], [81300.0, 4690.0], [81295.0, 10300.0]], "asks": [[81372.5, 10.0], [81377.5, 870.0], [81380.0, 8910.0], [81382.5, 20000.0], [81390.0, 2310.0], [81392.5, 3630.0], [81395.0, 3610.0], [81397.5, 4600.0], [81400.0, 7430.0], [81402.5, 10090.0], [81405.0, 42490.0], [81407.5, 29500.0], [81412.5, 1360.0], [81415.0, 4520.0], [81417.5, 11080.0], [81420.0, 35000.0], [81422.5, 1360.0], [81425.0, 4520.0], [81435.0, 1350.0], [81437.5, 4510.0]]}}}
{"jsonrpc": "2.0", "method": "subscription", "params": {"channel": "book.BTC-21MAR25.none.20.100ms", "data": {"timestamp": 1741762474085, "change_id": 92389221655, "instrument_name": "BTC-21MAR25", "bids": [[81442.5, 660.0], [81440.0, 4140.0], [81437.5, 4250.0], [81435.0, 4940.0], [81432.5, 4980.0], [81430.0, 4800.0], [81427.5, 2200.0], [81425.0, 4300.0], [81422.5, 10020.0], [81420.0, 4300.0], [81412.5, 120.0], [81410.0, 4220.0], [81400.0, 22000.0], [81397.5, 50000.0], [81380.0, 4220.0], [81377.5, 2000.0], [81367.5, 4350.0], [81360.0, 15440.0], [81357.5, 4260.0], [81352.5, 7350.0]], "asks": [[81455.0, 54250.0], [81460.0, 120.0], [81462.5, 2200.0], [81465.0, 4300.0], [81470.0, 28080.0], [81472.5, 12200.0], [81475.0, 4300.0], [81482.5, 2200.0], [81485.0, 23330.0], [81500.0, 7130.0], [81520.0, 4220.0], [81527.5, 4420.0], [81530.0, 14730.0], [81547.5, 4190.0], [81552.5, 20.0], [81555.0, 1300.0], [81557.5, 4340.0], [81567.5, 4310.0], [81582.5, 3630.0], [81595.0, 14530.0]]}}}
{"jsonrpc": "2.0", "method": "subscription", "params": {"channel": "book.BTC-14MAR25.none.20.100ms", "data": {"timestamp": 1741762474387, "change_id": 92389222271, "instrument_name": "BTC-14MAR25", "bids": [[81370.0, 1100.0], [81360.0, 1770.0], [81357.5, 1120.0], [81355.0, 5500.0], [81352.5, 5680.0], [81350.0, 10070.0], [81347.5, 3120.0], [81345.0, 11360.0], [81342.5, 4520.0], [81335.0, 1360.0], [81332.5, 54520.0], [81327.5, 5440.0], [81325.0, 19520.0], [81322.5, 4620.0], [81315.0, 9360.0], [81312.5, 26600.0], [81310.0, 4600.0], [81302.5, 1410.0], [81300.0, 4690.0], [81295.0, 10300.0]], "asks": [[81372.5, 3640.0], [81377.5, 870.0], [81380.0, 8910.0], [81382.5, 20000.0], [81390.0, 120.0], [81395.0, 3610.0], [81397.5, 4600.0], [81400.0, 7430.0], [81402.5, 10090.0], [81405.0, 42490.0], [81407.5, 29500.0], [81412.5, 1360.0], [81415.0, 4520.0], [81417.5, 11080.0], [81420.0, 35000.0], [81422.5, 1360.0], [81425.0, 4520.0], [81435.0, 1350.0], [81437.5, 4510.0], [81445.0, 1350.0]]}}}
{"jsonrpc": "2.0", "method": "subscription", "params": {"channel": "book.BTC-21MAR25.none.20.100ms", "data": {"timestamp": 1741762474319, "change_id": 92389222149, "instrument_name": "BTC-21MAR25", "bids": [[81445.0, 3520.0], [81442.5, 2200.0], [81440.0, 4140.0], [81437.5, 4250.0], [81435.0, 4940.0], [81432.5, 4980.0], [81430.0, 5380.0], [81427.5, 2200.0], [81425.0, 6500.0], [81422.5, 10020.0], [81420.0, 4300.0], [81412.5, 120.0], [81410.0, 4220.0], [81400.0, 22000.0], [81397.5, 50000.0], [81380.0, 4220.0], [81377.5, 2000.0], [81367.5, 4350.0], [81360.0, 15440.0], [81357.5, 4260.0]], "asks": [[81452.5, 2200.0], [81455.0, 50000.0], [81460.0, 120.0], [81462.5, 2200.0], [81465.0, 4300.0], [81470.0, 28080.0], [81472.5, 12200.0], [81475.0, 4300.0], [81482.5, 2200.0], [81485.0, 23330.0], [81500.0, 7130.0], [81520.0, 4220.0], [81522.5, 35000.0], [81527.5, 4420.0], [81530.0, 14730.0], [81547.5, 4190.0], [81552.5, 20.0], [81555.0, 1300.0], [81557.5, 4340.0], [81567.5, 4310.0]]}}}
{"jsonrpc": "2.0", "method": "subscription", "params": {"channel": "book.BTC-14MAR25.none.20.100ms", "data": {"timestamp": 1741762474882, "change_id": 92389222934, "instrument_name": "BTC-14MAR25", "bids": [[81370.0, 1100.0], [81360.0, 1770.0], [81357.5, 1120.0], [81355.0, 5500.0], [81352.5, 5680.0], [81350.0, 10070.0], [81347.5, 3120.0], [81345.0, 11360.0], [81342.5, 4520.0], [81335.0, 1360.0], [81332.5, 54520.0], [81327.5, 5440.0], [81325.0, 19520.0], [81322.5, 4620.0], [81315.0, 9360.0], [81312.5, 26600.0], [81310.0, 4600.0], [81302.5, 1410.0], [81300.0, 4690.0], [81295.0, 10300.0]], "asks": [[81372.5, 3630.0], [81377.5, 870.0], [81380.0, 13880.0], [81382.5, 20000.0], [81385.0, 19060.0], [81390.0, 120.0], [81395.0, 3610.0], [81397.5, 4600.0], [81400.0, 7430.0], [81402.5, 10090.0], [81405.0, 42490.0], [81407.5, 29500.0], [81412.5, 1360.0], [81415.0, 4520.0], [81417.5, 11080.0], [81420.0, 35000.0], [81422.5, 1360.0], [81425.0, 4520.0], [81435.0, 1350.0], [81437.5, 4510.0]]}}}
{"jsonrpc": "2.0", "method": "subscription", "params": {"channel": "book.BTC-21MAR25.none.20.100ms", "data": {"timestamp": 1741762474724, "change_id": 92389222681, "instrument_name": "BTC-21MAR25", "bids": [[81445.0, 3520.0], [81442.5, 2200.0], [81440.0, 4140.0], [81437.5, 4250.0], [81435.0, 4940.0], [81432.5, 4980.0], [81430.0, 5380.0], [81427.5, 2200.0], [81425.0, 6500.0], [81422.5, 10020.0], [81420.0, 4300.0], [81412.5, 120.0], [81410.0, 4220.0], [81402.5, 2100.0], [81400.0, 22000.0], [81397.5, 50000.0], [81380.0, 4220.0], [81377.5, 2000.0], [81367.5, 4350.0], [81362.5, 4630.0]], "asks": [[81452.5, 2200.0], [81455.0, 50000.0], [81460.0, 120.0], [81462.5, 2200.0], [81465.0, 4300.0], [81470.0, 7490.0], [81472.5, 12200.0], [81475.0, 4300.0], [81482.5, 9200.0], [81485.0, 23330.0], [81500.0, 7130.0], [81520.0, 14720.0], [81522.5, 35000.0], [81527.5, 4420.0], [81530.0, 14730.0], [81547.5, 4190.0], [81552.5, 20.0], [81555.0, 1300.0], [81557.5, 4340.0], [81565.0, 1290.0]]}}}
{"jsonrpc": "2.0", "method": "subscription", "params": {"channel": "book.BTC-14MAR25.none.20.100ms", "data": {"timestamp": 1741762475204, "change_id": 92389223282, "instrument_name": "BTC-14MAR25", "bids": [[81370.0, 1110.0], [81360.0, 1770.0], [81357.5, 1120.0], [81355.0, 5500.0], [81352.5, 12840.0], [81350.0, 2910.0], [81347.5, 3120.0], [81345.0, 11360.0], [81342.5, 4520.0], [81335.0, 1360.0], [81332.5, 54520.0], [81327.5, 5440.0], [81325.0, 19520.0], [81322.5, 4620.0], [81315.0, 9360.0], [81312.5, 26600.0], [81310.0, 4600.0], [81302.5, 1410.0], [81300.0, 4690.0], [81295.0, 10300.0]], "asks": [[81372.5, 3630.0], [81377.5, 870.0], [81380.0, 13880.0], [81382.5, 20000.0], [81385.0, 19060.0], [81390.0, 120.0], [81395.0, 3610.0], [81397.5, 4600.0], [81400.0, 7430.0], [81402.5, 10090.0], [81405.0, 42490.0], [81407.5, 29500.0], [81412.5, 1360.0], [81415.0, 4520.0], [81417.5, 11080.0], [81420.0, 35000.0], [81422.5, 1360.0], [81425.0, 4520.0], [81435.0, 1350.0], [81437.5, 4510.0]]}}}
{"jsonrpc": "2.0", "method": "subscription", "params": {"channel": "book.BTC-21MAR25.none.20.100ms", "data": {"timestamp": 1741762475224, "change_id": 92389223290, "instrument_name": "BTC-21MAR25", "bids": [[81447.5, 2860.0], [81445.0, 3520.0], [81442.5, 2200.0], [81440.0, 4140.0], [81437.5, 4250.0], [81435.0, 4940.0], [81432.5, 4980.0], [81430.0, 5380.0], [81427.5, 2200.0], [81425.0, 6500.0], [81422.5, 10020.0], [81420.0, 4300.0], [81412.5, 120.0], [81410.0, 4220.0], [81402.5, 2100.0], [81400.0, 22000.0], [81397.5, 50000.0], [81380.0, 4220.0], [81377.5, 2000.0], [81370.0, 7540.0]], "asks": [[81452.5, 2200.0], [81455.0, 50000.0], [81460.0, 19200.0], [81462.5, 2200.0], [81465.0, 4300.0], [81470.0, 7490.0], [81472.5, 12200.0], [81475.0, 4300.0], [81482.5, 9200.0], [81485.0, 23330.0], [81500.0, 7130.0], [81520.0, 14720.0], [81522.5, 35000.0], [81527.5, 4420.0], [81530.0, 14730.0], [81547.5, 4190.0], [81552.5, 20.0], [81555.0, 1300.0], [81557.5, 4340.0], [81565.0, 1290.0]]}}}
{"jsonrpc": "2.0", "method": "subscription", "params": {"channel": "book.BTC-14MAR25.none.20.100ms", "data": {"timestamp": 1741762475477, "change_id": 92389223895, "instrument_name": "BTC-14MAR25", "bids": [[81370.0, 1100.0], [81360.0, 1770.0], [81357.5, 1120.0], [81355.0, 5790.0], [81352.5, 5680.0], [81350.0, 11170.0], [81347.5, 3120.0], [81345.0, 11360.0], [81342.5, 4520.0], [81335.0, 1360.0], [81332.5, 54520.0], [81327.5, 15220.0], [81325.0, 4300.0], [81322.5, 4620.0], [81315.0, 9360.0], [81312.5, 26600.0], [81310.0, 4600.0], [81302.5, 1410.0], [81300.0, 4690.0], [81295.0, 10300.0]], "asks": [[81372.5, 3640.0], [81377.5, 870.0], [81380.0, 13880.0], [81382.5, 20000.0], [81385.0, 19060.0], [81390.0, 8970.0], [81392.5, 29500.0], [81395.0, 3610.0], [81397.5, 4600.0], [81400.0, 7430.0], [81402.5, 10090.0], [81405.0, 33640.0], [81412.5, 1360.0], [81415.0, 4520.0], [81417.5, 11080.0], [81420.0, 35000.0], [81422.5, 1360.0], [81425.0, 4520.0], [81435.0, 1350.0], [81437.5, 4510.0]]}}}
{"jsonrpc": "2.0", "method": "subscription", "params": {"channel": "book.BTC-21MAR25.none.20.100ms", "data": {"timestamp": 1741762475503, "change_id": 92389223917, "instrument_name": "BTC-21MAR25", "bids": [[81445.0, 1320.0], [81442.5, 2200.0], [81440.0, 4140.0], [81437.5, 4250.0], [81435.0, 4940.0], [81432.5, 4980.0], [81430.0, 4800.0], [81427.5, 2200.0], [81425.0, 4300.0], [81422.5, 10020.0], [81420.0, 4300.0], [81412.5, 120.0], [81410.0, 4220.0], [81402.5, 2100.0], [81400.0, 22000.0], [81397.5, 50000.0], [81380.0, 4220.0], [81377.5, 2000.0], [81370.0, 7540.0], [81367.5, 4350.0]], "asks": [[81452.5, 2200.0], [81455.0, 50000.0], [81460.0, 19200.0], [81462.5, 2200.0], [81465.0, 4300.0], [81470.0, 7490.0], [81472.5, 12200.0], [81475.0, 4300.0], [81482.5, 9200.0], [81485.0, 23330.0], [81500.0, 7130.0], [81520.0, 14720.0], [81522.5, 35000.0], [81527.5, 4420.0], [81530.0, 14730.0], [81547.5, 4190.0], [81552.5, 20.0], [81555.0, 1300.0], [81557.5, 4340.0], [81565.0, 1290.0]]}}}
{"jsonrpc": "2.0", "method": "subscription", "params": {"channel": "book.BTC-14MAR25.none.20.100ms", "data": {"timestamp": 1741762475899, "change_id": 92389224588, "instrument_name": "BTC-14MAR25", "bids": [[81370.0, 1100.0], [81360.0, 1770.0], [81357.5, 1120.0], [81355.0, 5790.0], [81352.5, 5680.0], [81350.0, 11170.0], [81347.5, 3120.0], [81345.0, 11360.0], [81342.5, 4520.0], [81335.0, 1360.0], [81332.5, 54520.0], [81327.5, 15220.0], [81325.0, 4300.0], [81322.5, 4620.0], [81315.0, 9360.0], [81312.5, 26600.0], [81310.0, 4600.0], [81302.5, 1410.0], [81300.0, 4690.0], [81295.0, 10300.0]], "asks": [[81372.5, 3630.0], [81377.5, 870.0], [81380.0, 13880.0], [81382.5, 20000.0], [81385.0, 19060.0], [81390.0, 8970.0], [81392.5, 29500.0], [81395.0, 3610.0], [81397.5, 4600.0], [81400.0, 7430.0], [81402.5, 10090.0], [81405.0, 33640.0], [81412.5, 1360.0], [81415.0, 4520.0], [81417.5, 11080.0], [81420.0, 35000.0], [81422.5, 1360.0], [81425.0, 4520.0], [81435.0, 1350.0], [81437.5, 4510.0]]}}}
{"jsonrpc": "2.0", "method": "subscription", "params": {"channel": "book.BTC-14MAR25.none.20.100ms", "data": {"timestamp": 1741762476235, "change_id": 92389225001, "instrument_name": "BTC-14MAR25", "bids": [[81362.5, 1100.0], [81360.0, 1770.0], [81357.5, 1120.0], [81355.0, 5790.0], [81352.5, 5620.0], [81350.0, 11170.0], [81347.5, 17750.0], [81345.0, 61360.0], [81342.5, 4520.0], [81335.0, 1360.0], [81332.5, 4520.0], [81330.0, 5440.0], [81327.5, 15220.0], [81325.0, 4300.0], [81322.5, 4620.0], [81315.0, 9360.0], [81312.5, 26600.0], [81310.0, 4600.0], [81302.5, 1410.0], [81300.0, 4690.0]], "asks": [[81370.0, 6960.0], [81372.5, 23640.0], [81377.5, 870.0], [81380.0, 8910.0], [81385.0, 19060.0], [81387.5, 1390.0], [81390.0, 13490.0], [81392.5, 29500.0], [81395.0, 3610.0], [81397.5, 4600.0], [81400.0, 7430.0], [81402.5, 10090.0], [81405.0, 33640.0], [81412.5, 1360.0], [81415.0, 4520.0], [81417.5, 11080.0], [81420.0, 35000.0], [81422.5, 1360.0], [81425.0, 4520.0], [81435.0, 1350.0]]}}}
{"jsonrpc": "2.0", "method": "subscription", "params": {"channel": "book.BTC-21MAR25.none.20.100ms", "data": {"timestamp": 1741762476196, "change_id": 92389224951, "instrument_name": "BTC-21MAR25", "bids": [[81440.0, 660.0], [81435.0, 4940.0], [81432.5, 4980.0], [81430.0, 4800.0], [81427.5, 2200.0], [81425.0, 4300.0], [81422.5, 10020.0], [81420.0, 4300.0], [81412.5, 1390.0], [81410.0, 4220.0], [81402.5, 2100.0], [81400.0, 22000.0], [81397.5, 50000.0], [81380.0, 4220.0], [81377.5, 2000.0], [81372.5, 2260.0], [81370.0, 7540.0], [81367.5, 4350.0], [81357.5, 4260.0], [81352.5, 7350.0]], "asks": [[81450.0, 6450.0], [81452.5, 6450.0], [81455.0, 50000.0], [81460.0, 19200.0], [81462.5, 2200.0], [81465.0, 4300.0], [81467.5, 830.0], [81470.0, 7490.0], [81472.5, 12200.0], [81475.0, 4300.0], [81482.5, 9200.0], [81485.0, 23330.0], [81497.5, 2140.0], [81500.0, 7130.0], [81520.0, 14720.0], [81522.5, 35000.0], [81527.5, 4420.0], [81530.0, 14730.0], [81545.0, 1260.0], [81547.5, 4190.0]]}}}
{"jsonrpc": "2.0", "method": "subscription", "params": {"channel": "book.BTC-14MAR25.none.20.100ms", "data": {"timestamp": 1741762476526, "change_id": 92389225620, "instrument_name": "BTC-14MAR25", "bids": [[81362.5, 1100.0], [81360.0, 1100.0], [81357.5, 1120.0], [81355.0, 1780.0], [81352.5, 1100.0], [81350.0, 4010.0], [81347.5, 18850.0], [81345.0, 68520.0], [81342.5, 4520.0], [81335.0, 1360.0], [81332.5, 4520.0], [81330.0, 5440.0], [81327.5, 15220.0], [81325.0, 4300.0], [81322.5, 4620.0], [81315.0, 9360.0], [81312.5, 26600.0], [81310.0, 4600.0], [81302.5, 1410.0], [81300.0, 4690.0]], "asks": [[81370.0, 6960.0], [81372.5, 23640.0], [81377.5, 2120.0], [81380.0, 13430.0], [81385.0, 19060.0], [81387.5, 1390.0], [81390.0, 13490.0], [81392.5, 29500.0], [81395.0, 3610.0], [81397.5, 4600.0], [81400.0, 7430.0], [81402.5, 10090.0], [81405.0, 33640.0], [81412.5, 1360.0], [81415.0, 4520.0], [81417.5, 11080.0], [81420.0, 35000.0], [81422.5, 1360.0], [81425.0, 4520.0], [81435.0, 1350.0]]}}}
{"jsonrpc": "2.0", "method": "subscription", "params": {"channel": "book.BTC-21MAR25.none.20.100ms", "data": {"timestamp": 1741762476496, "change_id": 92389225588, "instrument_name": "BTC-21MAR25", "bids": [[81437.5, 660.0], [81435.0, 4940.0], [81432.5, 4980.0], [81430.0, 5380.0], [81427.5, 2200.0], [81425.0, 6500.0], [81422.5, 10020.0], [81420.0, 4300.0], [81412.5, 1390.0], [81410.0, 4220.0], [81402.5, 2100.0], [81400.0, 22000.0], [81397.5, 50000.0], [81380.0, 4220.0], [81377.5, 2000.0], [81372.5, 2260.0], [81370.0, 7540.0], [81367.5, 4350.0], [81357.5, 4260.0], [81352.5, 7350.0]], "asks": [[81447.5, 2200.0], [81450.0, 6450.0], [81452.5, 6450.0], [81455.0, 50000.0], [81460.0, 19200.0], [81462.5, 1290.0], [81465.0, 4300.0], [81467.5, 830.0], [81470.0, 7490.0], [81472.5, 12200.0], [81475.0, 4300.0], [81482.5, 7000.0], [81485.0, 23330.0], [81497.5, 2140.0], [81500.0, 7130.0], [81520.0, 14720.0], [81522.5, 35000.0], [81527.5, 4420.0], [81530.0, 14730.0], [81545.0, 1260.0]]}}}
{"jsonrpc": "2.0", "method": "subscription", "params": {"channel": "book.BTC-14MAR25.none.20.100ms", "data": {"timestamp": 1741762476744, "change_id": 92389225959, "instrument_name": "BTC-14MAR25", "bids": [[81362.5, 1110.0], [81360.0, 1100.0], [81357.5, 1120.0], [81355.0, 1780.0], [81352.5, 1100.0], [81350.0, 4010.0], [81347.5, 18850.0], [81345.0, 68520.0], [81342.5, 4520.0], [81335.0, 1360.0], [81332.5, 4520.0], [81330.0, 5440.0], [81327.5, 15220.0], [81325.0, 4300.0], [81322.5, 4620.0], [81315.0, 9360.0], [81312.5, 26600.0], [81310.0, 4600.0], [81302.5, 1410.0], [81300.0, 4690.0]], "asks": [[81370.0, 6960.0], [81372.5, 23630.0], [81377.5, 870.0], [81380.0, 8910.0], [81385.0, 19060.0], [81387.5, 1390.0], [81390.0, 13490.0], [81392.5, 29500.0], [81395.0, 3610.0], [81397.5, 4600.0], [81400.0, 7430.0], [81402.5, 10090.0], [81405.0, 33640.0], [81412.5, 1360.0], [81415.0, 4520.0], [81417.5, 11080.0], [81420.0, 35000.0], [81422.5, 1360.0], [81425.0, 4520.0], [81435.0, 1350.0]]}}}
{"jsonrpc": "2.0", "method": "subscription", "params": {"channel": "book.BTC-21MAR25.none.20.100ms", "data": {"timestamp": 1741762476842, "change_id": 92389226057, "instrument_name": "BTC-21MAR25", "bids": [[81437.5, 660.0], [81435.0, 4940.0], [81432.5, 4980.0], [81430.0, 5380.0], [81427.5, 2200.0], [81425.0, 6500.0], [81422.5, 10020.0], [81420.0, 4300.0], [81412.5, 1390.0], [81410.0, 4220.0], [81402.5, 2100.0], [81400.0, 22000.0], [81397.5, 50000.0], [81380.0, 4220.0], [81377.5, 2000.0], [81372.5, 2260.0], [81370.0, 7540.0], [81367.5, 4350.0], [81357.5, 4260.0], [81352.5, 7350.0]], "asks": [[81447.5, 2200.0], [81450.0, 6450.0], [81452.5, 6450.0], [81455.0, 50000.0], [81460.0, 19200.0], [81462.5, 1290.0], [81465.0, 4300.0], [81467.5, 830.0], [81470.0, 7490.0], [81472.5, 12200.0], [81475.0, 4300.0], [81482.5, 7000.0], [81485.0, 23330.0], [81497.5, 2140.0], [81500.0, 7130.0], [81520.0, 14720.0], [81522.5, 35000.0], [81527.5, 4420.0], [81530.0, 14730.0], [81545.0, 1260.0]]}}}
{"jsonrpc": "2.0", "method": "subscription", "params": {"channel": "book.BTC-14MAR25.none.20.100ms", "data": {"timestamp": 1741762477041, "change_id": 92389226184, "instrument_name": "BTC-14MAR25", "bids": [[81362.5, 1100.0], [81360.0, 1100.0], [81357.5, 1120.0], [81355.0, 4750.0], [81352.5, 5810.0], [81350.0, 11170.0], [81347.5, 18850.0], [81345.0, 61360.0], [81342.5, 4520.0], [81335.0, 1360.0], [81332.5, 4520.0], [81330.0, 5440.0], [81327.5, 15220.0], [81325.0, 4300.0], [81322.5, 4620.0], [81315.0, 9360.0], [81312.5, 26600.0], [81310.0, 4600.0], [81302.5, 1410.0], [81300.0, 4690.0]], "asks": [[81370.0, 6960.0], [81372.5, 23630.0], [81377.5, 870.0], [81380.0, 8910.0], [81385.0, 19060.0], [81387.5, 1390.0], [81390.0, 13490.0], [81392.5, 29500.0], [81395.0, 3610.0], [81397.5, 4600.0], [81400.0, 7430.0], [81402.5, 10090.0], [81405.0, 33640.0], [81412.5, 1360.0], [81415.0, 4520.0], [81417.5, 11080.0], [81420.0, 35000.0], [81422.5, 1360.0], [81425.0, 4520.0], [81435.0, 1350.0]]}}}
{"jsonrpc": "2.0", "method": "subscription", "params": {"channel": "book.BTC-14MAR25.none.20.100ms", "data": {"timestamp": 1741762477557, "change_id": 92389227282, "instrument_name": "BTC-14MAR25", "bids": [[81362.5, 1100.0], [81360.0, 3830.0], [81357.5, 8280.0], [81355.0, 2550.0], [81352.5, 1100.0], [81350.0, 4010.0], [81347.5, 4220.0], [81345.0, 26190.0], [81342.5, 54520.0], [81335.0, 1360.0], [81332.5, 4520.0], [81330.0, 5440.0], [81327.5, 15220.0], [81325.0, 4300.0], [81322.5, 4620.0], [81315.0, 9360.0], [81312.5, 26600.0], [81310.0, 4600.0], [81302.5, 1410.0], [81300.0, 4690.0]], "asks": [[81370.0, 6960.0], [81372.5, 23630.0], [81377.5, 2180.0], [81380.0, 13620.0], [81387.5, 1390.0], [81390.0, 13490.0], [81392.5, 29500.0], [81395.0, 3610.0], [81397.5, 4600.0], [81400.0, 7430.0], [81402.5, 10090.0], [81405.0, 33640.0], [81412.5, 1360.0], [81415.0, 4520.0], [81417.5, 11080.0], [81420.0, 35000.0], [81422.5, 1360.0], [81425.0, 4520.0], [81435.0, 1350.0], [81437.5, 4510.0]]}}}
{"jsonrpc": "2.0", "method": "subscription", "params": {"channel": "book.BTC-21MAR25.none.20.100ms", "data": {"timestamp": 1741762477443, "change_id": 92389227114, "instrument_name": "BTC-21MAR25", "bids": [[81437.5, 2860.0], [81435.0, 4100.0], [81432.5, 2200.0], [81430.0, 6140.0], [81427.5, 4980.0], [81425.0, 6500.0], [81422.5, 10020.0], [81420.0, 4300.0], [81417.5, 660.0], [81415.0, 2200.0], [81412.5, 1390.0], [81410.0, 4220.0], [81402.5, 2100.0], [81400.0, 22000.0], [81397.5, 50000.0], [81380.0, 4220.0], [81377.5, 2000.0], [81372.5, 2260.0], [81370.0, 8850.0], [81367.5, 4350.0]], "asks": [[81447.5, 2200.0], [81450.0, 6450.0], [81452.5, 2200.0], [81455.0, 50000.0], [81460.0, 19200.0], [81462.5, 1290.0], [81465.0, 4300.0], [81467.5, 830.0], [81470.0, 7490.0], [81472.5, 12200.0], [81475.0, 4300.0], [81482.5, 7000.0], [81485.0, 23330.0], [81497.5, 2140.0], [81500.0, 7130.0], [81517.5, 1270.0], [81520.0, 14720.0], [81522.5, 35000.0], [81527.5, 4420.0], [81530.0, 14730.0]]}}}
{"jsonrpc": "2.0", "method": "subscription", "params": {"channel": "book.BTC-14MAR25.none.20.100ms", "data": {"timestamp": 1741762477738, "change_id": 92389227785, "instrument_name": "BTC-14MAR25", "bids": [[81367.5, 1100.0], [81362.5, 1100.0], [81360.0, 1770.0], [81357.5, 1120.0], [81355.0, 3860.0], [81352.5, 5810.0], [81350.0, 22380.0], [81347.5, 1220.0], [81345.0, 68520.0], [81342.5, 4520.0], [81335.0, 1360.0], [81332.5, 4520.0], [81330.0, 5440.0], [81327.5, 15220.0], [81325.0, 4300.0], [81322.5, 4620.0], [81315.0, 9360.0], [81312.5, 26600.0], [81310.0, 4600.0], [81302.5, 1410.0]], "asks": [[81370.0, 10.0], [81372.5, 23630.0], [81377.5, 870.0], [81380.0, 2910.0], [81387.5, 1390.0], [81390.0, 13490.0], [81392.5, 29500.0], [81395.0, 3610.0], [81397.5, 4600.0], [81400.0, 7430.0], [81402.5, 10090.0], [81405.0, 33640.0], [81412.5, 1360.0], [81415.0, 4520.0], [81417.5, 11080.0], [81420.0, 35000.0], [81422.5, 1360.0], [81425.0, 4520.0], [81435.0, 1350.0], [81437.5, 4510.0]]}}}
{"jsonrpc": "2.0", "method": "subscription", "params": {"channel": "book.BTC-21MAR25.none.20.100ms", "data": {"timestamp": 1741762477693, "change_id": 92389227646, "instrument_name": "BTC-21MAR25", "bids": [[81437.5, 2860.0], [81435.0, 4100.0], [81432.5, 2200.0], [81430.0, 6140.0], [81427.5, 4980.0], [81425.0, 6500.0], [81422.5, 10020.0], [81420.0, 4300.0], [81417.5, 660.0], [81415.0, 2200.0], [81412.5, 1390.0], [81410.0, 4220.0], [81402.5, 2100.0], [81400.0, 22000.0], [81397.5, 50000.0], [81380.0, 4220.0], [81372.5, 2260.0], [81370.0, 8850.0], [81367.5, 4350.0], [81357.5, 4260.0]], "asks": [[81447.5, 2200.0], [81450.0, 2200.0], [81452.5, 2200.0], [81455.0, 50000.0], [81460.0, 19200.0], [81462.5, 1290.0], [81465.0, 4300.0], [81467.5, 830.0], [81470.0, 7490.0], [81472.5, 12200.0], [81475.0, 4300.0], [81482.5, 7000.0], [81485.0, 23330.0], [81497.5, 2140.0], [81500.0, 7130.0], [81517.5, 1270.0], [81520.0, 14720.0], [81522.5, 35000.0], [81527.5, 4420.0], [81530.0, 14730.0]]}}}
{"jsonrpc": "2.0", "method": "subscription", "params": {"channel": "book.BTC-14MAR25.none.20.100ms", "data": {"timestamp": 1741762478060, "change_id": 92389228244, "instrument_name": "BTC-14MAR25", "bids": [[81370.0, 1110.0], [81365.0, 660.0], [81362.5, 1100.0], [81360.0, 1770.0], [81357.5, 1120.0], [81355.0, 3860.0], [81352.5, 5810.0], [81350.0, 22380.0], [81347.5, 1220.0], [81345.0, 68520.0], [81342.5, 4520.0], [81335.0, 1360.0], [81332.5, 4520.0], [81330.0, 5440.0], [81327.5, 15220.0], [81325.0, 4300.0], [81322.5, 4620.0], [81315.0, 9360.0], [81312.5, 26600.0], [81310.0, 4600.0]], "asks": [[81372.5, 23630.0], [81377.5, 7780.0], [81380.0, 26300.0], [81387.5, 1390.0], [81390.0, 13490.0], [81392.5, 29500.0], [81395.0, 3610.0], [81397.5, 4600.0], [81400.0, 7430.0], [81402.5, 10090.0], [81405.0, 33640.0], [81412.5, 1360.0], [81415.0, 4520.0], [81417.5, 11080.0], [81420.0, 35000.0], [81422.5, 1360.0], [81425.0, 4520.0], [81435.0, 1350.0], [81437.5, 4510.0], [81445.0, 1350.0]]}}}
{"jsonrpc": "2.0", "method": "subscription", "params": {"channel": "book.BTC-21MAR25.none.20.100ms", "data": {"timestamp": 1741762478195, "change_id": 92389228381, "instrument_name": "BTC-21MAR25", "bids": [[81442.5, 2860.0], [81440.0, 3940.0], [81437.5, 6450.0], [81435.0, 1900.0], [81432.5, 2200.0], [81430.0, 6140.0], [81427.5, 4980.0], [81425.0, 6500.0], [81422.5, 10020.0], [81420.0, 4300.0], [81412.5, 1390.0], [81410.0, 4220.0], [81402.5, 2100.0], [81400.0, 22000.0], [81397.5, 50000.0], [81380.0, 4220.0], [81372.5, 2260.0], [81370.0, 8850.0], [81367.5, 4350.0], [81357.5, 4260.0]], "asks": [[81447.5, 2200.0], [81450.0, 2200.0], [81452.5, 2200.0], [81455.0, 50000.0], [81460.0, 19200.0], [81465.0, 4300.0], [81467.5, 830.0], [81470.0, 7490.0], [81472.5, 12200.0], [81475.0, 4300.0], [81482.5, 7000.0], [81485.0, 23330.0], [81497.5, 2140.0], [81500.0, 7130.0], [81517.5, 1270.0], [81520.0, 14720.0], [81522.5, 35000.0], [81527.5, 4420.0], [81530.0, 14730.0], [81545.0, 1260.0]]}}}
{"jsonrpc": "2.0", "method": "subscription", "params": {"channel": "book.BTC-14MAR25.none.20.100ms", "data": {"timestamp": 1741762478533, "change_id": 92389230034, "instrument_name": "BTC-14MAR25", "bids": [[81345.0, 1100.0], [81337.5, 8260.0], [81335.0, 4710.0], [81322.5, 4620.0], [81320.0, 10000.0], [81312.5, 50000.0], [81310.0, 4600.0], [81300.0, 4690.0], [81292.5, 20.0], [81290.0, 4520.0], [81270.0, 4710.0], [81267.5, 20.0], [81265.0, 24600.0], [81260.0, 4550.0], [81255.0, 3630.0], [81250.0, 4600.0], [81230.0, 4670.0], [81227.5, 20.0], [81212.5, 14530.0], [81210.0, 4600.0]], "asks": [[81360.0, 4600.0], [81362.5, 1670.0], [81365.0, 5700.0], [81367.5, 1100.0], [81370.0, 5810.0], [81372.5, 3630.0], [81375.0, 120.0], [81380.0, 36300.0], [81390.0, 4520.0], [81400.0, 7430.0], [81405.0, 23640.0], [81415.0, 4520.0], [81425.0, 4520.0], [81437.5, 4510.0], [81447.5, 4510.0], [81457.5, 4540.0], [81467.5, 4660.0], [81482.5, 8840.0], [81487.5, 20.0], [81490.0, 14530.0]]}}}
{"jsonrpc": "2.0", "method": "subscription", "params": {"channel": "book.BTC-21MAR25.none.20.100ms", "data": {"timestamp": 1741762478476, "change_id": 92389230075, "instrument_name": "BTC-21MAR25", "bids": [[81422.5, 20.0], [81410.0, 4220.0], [81400.0, 4220.0], [81387.5, 10000.0], [81380.0, 4220.0], [81367.5, 4350.0], [81357.5, 4260.0], [81355.0, 7540.0], [81350.0, 52000.0], [81297.5, 4240.0], [81292.5, 20.0], [81287.5, 4160.0], [81285.0, 14530.0], [81282.5, 22970.0], [81277.5, 4160.0], [81270.0, 105000.0], [81267.5, 4210.0], [81257.5, 50200.0], [81247.5, 4340.0], [81245.0, 45800.0]], "asks": [[81440.0, 6450.0], [81442.5, 10750.0], [81447.5, 120.0], [81450.0, 2200.0], [81452.5, 6500.0], [81457.5, 10000.0], [81460.0, 19080.0], [81465.0, 4300.0], [81470.0, 2780.0], [81472.5, 2200.0], [81475.0, 4300.0], [81485.0, 23330.0], [81500.0, 7130.0], [81520.0, 4220.0], [81522.5, 35000.0], [81530.0, 14730.0], [81547.5, 4190.0], [81552.5, 20.0], [81557.5, 4340.0], [81567.5, 4310.0]]}}}
{"jsonrpc": "2.0", "method": "subscription", "params": {"channel": "book.BTC-14MAR25.none.20.100ms", "data": {"timestamp": 1741762478858, "change_id": 92389232153, "instrument_name": "BTC-14MAR25", "bids": [[81322.5, 4600.0], [81320.0, 12910.0], [81315.0, 7160.0], [81312.5, 120.0], [81310.0, 4600.0], [81300.0, 7600.0], [81297.5, 50000.0], [81295.0, 15220.0], [81292.5, 20.0], [81290.0, 4520.0], [81280.0, 4710.0], [81270.0, 4710.0], [81267.5, 20.0], [81265.0, 29800.0], [81260.0, 4550.0], [81255.0, 3630.0], [81250.0, 4600.0], [81230.0, 4670.0], [81227.5, 20.0], [81212.5, 14530.0]], "asks": [[81342.5, 4610.0], [81345.0, 20000.0], [81347.5, 2910.0], [81352.5, 28590.0], [81357.5, 4710.0], [81360.0, 1100.0], [81362.5, 1670.0], [81365.0, 1220.0], [81367.5, 1100.0], [81370.0, 5810.0], [81372.5, 3630.0], [81375.0, 29500.0], [81380.0, 12910.0], [81390.0, 4520.0], [81400.0, 4520.0], [81415.0, 4520.0], [81422.5, 20.0], [81425.0, 4520.0], [81437.5, 6510.0], [81447.5, 4510.0]]}}}
{"jsonrpc": "2.0", "method": "subscription", "params": {"channel": "book.BTC-21MAR25.none.20.100ms", "data": {"timestamp": 1741762478814, "change_id": 92389232183, "instrument_name": "BTC-21MAR25", "bids": [[81422.5, 20.0], [81400.0, 4220.0], [81397.5, 2780.0], [81390.0, 4300.0], [81387.5, 10000.0], [81380.0, 4340.0], [81375.0, 2780.0], [81367.5, 4350.0], [81357.5, 4260.0], [81350.0, 50000.0], [81347.5, 4300.0], [81337.5, 4300.0], [81330.0, 7540.0], [81327.5, 4300.0], [81320.0, 2000.0], [81317.5, 4300.0], [81297.5, 4240.0], [81292.5, 20.0], [81287.5, 4160.0], [81285.0, 14530.0]], "asks": [[81430.0, 11330.0], [81432.5, 56450.0], [81437.5, 26010.0], [81440.0, 2200.0], [81442.5, 4300.0], [81447.5, 10000.0], [81450.0, 4980.0], [81452.5, 4300.0], [81465.0, 4300.0], [81472.5, 2200.0], [81475.0, 4300.0], [81497.5, 14730.0], [81500.0, 4350.0], [81520.0, 4220.0], [81545.0, 22490.0], [81547.5, 4190.0], [81552.5, 20.0], [81557.5, 4340.0], [81567.5, 4310.0], [81582.5, 47650.0]]}}}
{"jsonrpc": "2.0", "method": "subscription", "params": {"channel": "book.BTC-14MAR25.none.20.100ms", "data": {"timestamp": 1741762479112, "change_id": 92389234101, "instrument_name": "BTC-14MAR25", "bids": [[81340.0, 10.0], [81337.5, 1100.0], [81332.5, 1380.0], [81330.0, 11070.0], [81327.5, 5700.0], [81325.0, 4600.0], [81322.5, 7160.0], [81320.0, 7620.0], [81310.0, 54600.0], [81307.5, 10000.0], [81300.0, 7600.0], [81297.5, 120.0], [81295.0, 1360.0], [81292.5, 20.0], [81290.0, 19740.0], [81280.0, 4710.0], [81270.0, 4710.0], [81267.5, 20.0], [81260.0, 39270.0], [81257.5, 29800.0]], "asks": [[81345.0, 20000.0], [81347.5, 2910.0], [81350.0, 8580.0], [81352.5, 28590.0], [81355.0, 1860.0], [81357.5, 29500.0], [81362.5, 570.0], [81365.0, 1100.0], [81367.5, 11100.0], [81370.0, 4710.0], [81372.5, 3630.0], [81380.0, 2910.0], [81390.0, 4520.0], [81400.0, 4520.0], [81415.0, 4520.0], [81422.5, 20.0], [81425.0, 4520.0], [81437.5, 6510.0], [81447.5, 4510.0], [81457.5, 4540.0]]}}}
{"jsonrpc": "2.0", "method": "subscription", "params": {"channel": "book.BTC-21MAR25.none.20.100ms", "data": {"timestamp": 1741762479065, "change_id": 92389234524, "instrument_name": "BTC-21MAR25", "bids": [[81422.5, 20.0], [81402.5, 1270.0], [81400.0, 5050.0], [81397.5, 2780.0], [81392.5, 1290.0], [81390.0, 7300.0], [81387.5, 10000.0], [81382.5, 1300.0], [81380.0, 4220.0], [81377.5, 830.0], [81375.0, 2780.0], [81370.0, 1310.0], [81367.5, 4350.0], [81365.0, 120.0], [81357.5, 4260.0], [81352.5, 15000.0], [81350.0, 51290.0], [81347.5, 4300.0], [81345.0, 7490.0], [81342.5, 24980.0]], "asks": [[81425.0, 120.0], [81430.0, 2780.0], [81432.5, 52200.0], [81437.5, 35890.0], [81440.0, 1290.0], [81442.5, 4300.0], [81450.0, 6270.0], [81452.5, 4300.0], [81465.0, 4300.0], [81472.5, 2200.0], [81475.0, 4300.0], [81495.0, 5720.0], [81497.5, 14730.0], [81500.0, 4350.0], [81517.5, 1270.0], [81520.0, 4220.0], [81542.5, 6750.0], [81545.0, 22490.0], [81547.5, 4190.0], [81552.5, 20.0]]}}}
{"jsonrpc": "2.0", "method": "subscription", "params": {"channel": "book.BTC-14MAR25.none.20.100ms", "data": {"timestamp": 1741762479520, "change_id": 92389236367, "instrument_name": "BTC-14MAR25", "bids": [[81335.0, 5700.0], [81332.5, 1380.0], [81330.0, 4600.0], [81327.5, 1100.0], [81325.0, 4430.0], [81322.5, 7160.0], [81320.0, 7620.0], [81310.0, 22640.0], [81307.5, 60120.0], [81302.5, 2280.0], [81300.0, 7600.0], [81292.5, 5940.0], [81290.0, 19740.0], [81280.0, 4710.0], [81270.0, 4710.0], [81267.5, 20.0], [81260.0, 39270.0], [81257.5, 29800.0], [81250.0, 4600.0], [81230.0, 4670.0]], "asks": [[81345.0, 20000.0], [81347.5, 2910.0], [81350.0, 22310.0], [81352.5, 4600.0], [81355.0, 81960.0], [81357.5, 29500.0], [81362.5, 570.0], [81365.0, 1100.0], [81367.5, 11100.0], [81370.0, 4710.0], [81372.5, 3630.0], [81380.0, 2910.0], [81382.5, 23700.0], [81390.0, 4520.0], [81400.0, 4520.0], [81415.0, 4520.0], [81422.5, 20.0], [81425.0, 4520.0], [81437.5, 6510.0], [81447.5, 4510.0]]}}}
{"jsonrpc": "2.0", "method": "subscription", "params": {"channel": "book.BTC-21MAR25.none.20.100ms", "data": {"timestamp": 1741762479476, "change_id": 92389236085, "instrument_name": "BTC-21MAR25", "bids": [[81422.5, 20.0], [81407.5, 660.0], [81405.0, 2200.0], [81402.5, 1270.0], [81400.0, 5050.0], [81397.5, 2780.0], [81392.5, 1290.0], [81390.0, 7300.0], [81387.5, 10000.0], [81382.5, 1300.0], [81380.0, 4220.0], [81377.5, 830.0], [81375.0, 2900.0], [81370.0, 1310.0], [81367.5, 4350.0], [81360.0, 1280.0], [81357.5, 4260.0], [81352.5, 15000.0], [81350.0, 51290.0], [81347.5, 4300.0]], "asks": [[81425.0, 120.0], [81430.0, 2780.0], [81432.5, 123280.0], [81437.5, 12200.0], [81440.0, 1290.0], [81442.5, 4300.0], [81447.5, 830.0], [81450.0, 4070.0], [81452.5, 4300.0], [81462.5, 1290.0], [81465.0, 11620.0], [81467.5, 24400.0], [81472.5, 1290.0], [81475.0, 4300.0], [81495.0, 5720.0], [81497.5, 14730.0], [81500.0, 4350.0], [81517.5, 1270.0], [81520.0, 4220.0], [81542.5, 6750.0]]}}}
{"jsonrpc": "2.0", "method": "subscription", "params": {"channel": "book.BTC-14MAR25.none.20.100ms", "data": {"timestamp": 1741762479852, "change_id": 92389237562, "instrument_name": "BTC-14MAR25", "bids": [[81340.0, 1100.0], [81335.0, 1100.0], [81332.5, 1380.0], [81330.0, 4600.0], [81327.5, 1100.0], [81325.0, 4430.0], [81322.5, 7160.0], [81320.0, 22250.0], [81317.5, 60000.0], [81312.5, 1380.0], [81310.0, 4600.0], [81307.5, 120.0], [81302.5, 2280.0], [81300.0, 7600.0], [81292.5, 5940.0], [81290.0, 19740.0], [81282.5, 1410.0], [81280.0, 4710.0], [81272.5, 1410.0], [81270.0, 4710.0]], "asks": [[81342.5, 1110.0], [81345.0, 20870.0], [81347.5, 2910.0], [81352.5, 26600.0], [81355.0, 82180.0], [81357.5, 29500.0], [81362.5, 570.0], [81365.0, 4740.0], [81367.5, 11100.0], [81370.0, 5800.0], [81372.5, 3630.0], [81377.5, 870.0], [81380.0, 10020.0], [81382.5, 23700.0], [81387.5, 1360.0], [81390.0, 4520.0], [81400.0, 4520.0], [81415.0, 4520.0], [81422.5, 20.0], [81425.0, 4520.0]]}}}
{"jsonrpc": "2.0", "method": "subscription", "params": {"channel": "book.BTC-14MAR25.none.20.100ms", "data": {"timestamp": 1741762480202, "change_id": 92389238284, "instrument_name": "BTC-14MAR25", "bids": [[81335.0, 1100.0], [81332.5, 1380.0], [81330.0, 4600.0], [81327.5, 1100.0], [81325.0, 4430.0], [81322.5, 7160.0], [81320.0, 22250.0], [81317.5, 60000.0], [81312.5, 1380.0], [81310.0, 4600.0], [81307.5, 120.0], [81302.5, 2280.0], [81300.0, 7600.0], [81292.5, 5940.0], [81290.0, 19740.0], [81282.5, 1410.0], [81280.0, 4710.0], [81272.5, 1410.0], [81270.0, 4710.0], [81267.5, 20.0]], "asks": [[81337.5, 1100.0], [81342.5, 7100.0], [81345.0, 20870.0], [81347.5, 2910.0], [81352.5, 26600.0], [81355.0, 82180.0], [81357.5, 34210.0], [81362.5, 570.0], [81365.0, 4740.0], [81367.5, 11100.0], [81370.0, 5800.0], [81372.5, 3630.0], [81377.5, 870.0], [81380.0, 10020.0], [81382.5, 23700.0], [81387.5, 1360.0], [81390.0, 4520.0], [81397.5, 1360.0], [81400.0, 4520.0], [81412.5, 1360.0]]}}}
{"jsonrpc": "2.0", "method": "subscription", "params": {"channel": "book.BTC-21MAR25.none.20.100ms", "data": {"timestamp": 1741762480000, "change_id": 92389237839, "instrument_name": "BTC-21MAR25", "bids": [[81422.5, 20.0], [81407.5, 660.0], [81405.0, 2200.0], [81402.5, 1270.0], [81400.0, 5050.0], [81397.5, 2780.0], [81392.5, 1290.0], [81390.0, 7300.0], [81387.5, 10000.0], [81382.5, 1300.0], [81380.0, 4220.0], [81377.5, 830.0], [81375.0, 2900.0], [81370.0, 1310.0], [81367.5, 4350.0], [81360.0, 1280.0], [81357.5, 4260.0], [81352.5, 15000.0], [81350.0, 51290.0], [81347.5, 4300.0]], "asks": [[81425.0, 4370.0], [81430.0, 2780.0], [81432.5, 123280.0], [81435.0, 3660.0], [81437.5, 12200.0], [81440.0, 1290.0], [81442.5, 4300.0], [81447.5, 830.0], [81450.0, 4070.0], [81452.5, 4300.0], [81462.5, 1290.0], [81465.0, 11620.0], [81467.5, 24400.0], [81472.5, 1290.0], [81475.0, 4300.0], [81495.0, 5720.0], [81497.5, 14730.0], [81500.0, 4350.0], [81517.5, 1270.0], [81520.0, 4220.0]]}}}
{"jsonrpc": "2.0", "method": "subscription", "params": {"channel": "book.BTC-14MAR25.none.20.100ms", "data": {"timestamp": 1741762480514, "change_id": 92389239070, "instrument_name": "BTC-14MAR25", "bids": [[81335.0, 1110.0], [81332.5, 1380.0], [81330.0, 5260.0], [81327.5, 1100.0], [81325.0, 5530.0], [81322.5, 7160.0], [81320.0, 22250.0], [81317.5, 60000.0], [81312.5, 1380.0], [81310.0, 4600.0], [81307.5, 120.0], [81302.5, 2280.0], [81300.0, 7600.0], [81297.5, 4570.0], [81295.0, 15220.0], [81292.5, 1380.0], [81290.0, 4520.0], [81282.5, 1410.0], [81280.0, 4710.0], [81272.5, 1410.0]], "asks": [[81337.5, 1100.0], [81342.5, 7100.0], [81345.0, 20870.0], [81347.5, 2910.0], [81350.0, 1420.0], [81352.5, 4600.0], [81355.0, 8970.0], [81357.5, 34210.0], [81362.5, 570.0], [81365.0, 4740.0], [81367.5, 10000.0], [81370.0, 5800.0], [81372.5, 3630.0], [81377.5, 870.0], [81380.0, 10020.0], [81382.5, 23700.0], [81387.5, 1360.0], [81390.0, 4520.0], [81397.5, 1360.0], [81400.0, 4520.0]]}}}
{"jsonrpc": "2.0", "method": "subscription", "params": {"channel": "book.BTC-21MAR25.none.20.100ms", "data": {"timestamp": 1741762480519, "change_id": 92389239075, "instrument_name": "BTC-21MAR25", "bids": [[81422.5, 20.0], [81407.5, 660.0], [81405.0, 2200.0], [81402.5, 1270.0], [81400.0, 5050.0], [81397.5, 2780.0], [81392.5, 1290.0], [81390.0, 7300.0], [81387.5, 10000.0], [81382.5, 1300.0], [81380.0, 4220.0], [81377.5, 830.0], [81375.0, 2900.0], [81370.0, 1310.0], [81367.5, 4350.0], [81360.0, 1280.0], [81357.5, 4260.0], [81352.5, 15000.0], [81350.0, 51290.0], [81347.5, 4300.0]], "asks": [[81425.0, 2320.0], [81427.5, 2200.0], [81430.0, 2780.0], [81432.5, 50000.0], [81435.0, 3660.0], [81437.5, 10000.0], [81440.0, 1290.0], [81442.5, 4300.0], [81447.5, 830.0], [81450.0, 4070.0], [81452.5, 4300.0], [81462.5, 1290.0], [81465.0, 11620.0], [81467.5, 24400.0], [81472.5, 1290.0], [81475.0, 4300.0], [81495.0, 5720.0], [81497.5, 14730.0], [81500.0, 4350.0], [81517.5, 1270.0]]}}}
{"jsonrpc": "2.0", "method": "subscription", "params": {"channel": "book.BTC-14MAR25.none.20.100ms", "data": {"timestamp": 1741762480860, "change_id": 92389239786, "instrument_name": "BTC-14MAR25", "bids": [[81335.0, 1100.0], [81332.5, 1380.0], [81330.0, 5260.0], [81327.5, 1100.0], [81325.0, 5530.0], [81322.5, 7160.0], [81320.0, 19340.0], [81317.5, 60000.0], [81312.5, 2080.0], [81310.0, 7510.0], [81307.5, 120.0], [81302.5, 1410.0], [81300.0, 4690.0], [81297.5, 4570.0], [81295.0, 15220.0], [81292.5, 1380.0], [81290.0, 4520.0], [81282.5, 1410.0], [81280.0, 4710.0], [81277.5, 870.0]], "asks": [[81337.5, 2910.0], [81342.5, 7110.0], [81345.0, 20870.0], [81350.0, 4330.0], [81352.5, 4600.0], [81355.0, 8970.0], [81357.5, 29500.0], [81362.5, 570.0], [81365.0, 4740.0], [81367.5, 10000.0], [81370.0, 5800.0], [81372.5, 3630.0], [81380.0, 7110.0], [81382.5, 23700.0], [81387.5, 1360.0], [81390.0, 4520.0], [81397.5, 1360.0], [81400.0, 4520.0], [81412.5, 1360.0], [81415.0, 4520.0]]}}}
{"jsonrpc": "2.0", "method": "subscription", "params": {"channel": "book.BTC-21MAR25.none.20.100ms", "data": {"timestamp": 1741762480836, "change_id": 92389239756, "instrument_name": "BTC-21MAR25", "bids": [[81422.5, 20.0], [81407.5, 660.0], [81405.0, 2200.0], [81402.5, 1270.0], [81400.0, 4220.0], [81392.5, 1960.0], [81390.0, 10080.0], [81387.5, 10000.0], [81382.5, 1300.0], [81380.0, 4220.0], [81377.5, 830.0], [81375.0, 2900.0], [81370.0, 1310.0], [81367.5, 4350.0], [81360.0, 1280.0], [81357.5, 4260.0], [81352.5, 15000.0], [81350.0, 51290.0], [81347.5, 4300.0], [81345.0, 7490.0]], "asks": [[81425.0, 2320.0], [81427.5, 2200.0], [81430.0, 2780.0], [81432.5, 50000.0], [81435.0, 3660.0], [81437.5, 10000.0], [81440.0, 1290.0], [81442.5, 4300.0], [81447.5, 830.0], [81450.0, 4070.0], [81452.5, 4300.0], [81462.5, 1290.0], [81465.0, 11620.0], [81467.5, 24400.0], [81472.5, 1290.0], [81475.0, 4300.0], [81495.0, 5720.0], [81497.5, 14730.0], [81500.0, 4350.0], [81517.5, 1270.0]]}}}
{"jsonrpc": "2.0", "method": "subscription", "params": {"channel": "book.BTC-14MAR25.none.20.100ms", "data": {"timestamp": 1741762481147, "change_id": 92389240388, "instrument_name": "BTC-14MAR25", "bids": [[81335.0, 5710.0], [81332.5, 1380.0], [81330.0, 5260.0], [81327.5, 1100.0], [81325.0, 5530.0], [81322.5, 7160.0], [81320.0, 19340.0], [81317.5, 60000.0], [81312.5, 2080.0], [81310.0, 7510.0], [81307.5, 120.0], [81302.5, 2100.0], [81300.0, 7600.0], [81297.5, 4570.0], [81295.0, 15220.0], [81292.5, 1380.0], [81290.0, 4520.0], [81282.5, 1410.0], [81280.0, 4710.0], [81272.5, 1410.0]], "asks": [[81337.5, 2910.0], [81342.5, 7100.0], [81345.0, 26440.0], [81350.0, 20330.0], [81352.5, 4600.0], [81355.0, 8970.0], [81357.5, 34210.0], [81362.5, 570.0], [81365.0, 4740.0], [81367.5, 10000.0], [81370.0, 4710.0], [81372.5, 870.0], [81375.0, 2910.0], [81380.0, 7110.0], [81382.5, 23700.0], [81387.5, 1360.0], [81390.0, 4520.0], [81397.5, 1360.0], [81400.0, 4520.0], [81412.5, 1360.0]]}}}
{"jsonrpc": "2.0", "method": "subscription", "params": {"channel": "book.BTC-21MAR25.none.20.100ms", "data": {"timestamp": 1741762480884, "change_id": 92389239813, "instrument_name": "BTC-21MAR25", "bids": [[81422.5, 20.0], [81407.5, 660.0], [81405.0, 2200.0], [81402.5, 1270.0], [81400.0, 4220.0], [81392.5, 1960.0], [81390.0, 10080.0], [81387.5, 10000.0], [81382.5, 1300.0], [81380.0, 4220.0], [81377.5, 830.0], [81375.0, 2900.0], [81370.0, 1310.0], [81367.5, 4350.0], [81360.0, 1280.0], [81357.5, 4260.0], [81352.5, 15000.0], [81350.0, 51290.0], [81347.5, 4300.0], [81345.0, 7490.0]], "asks": [[81425.0, 2320.0], [81427.5, 21130.0], [81430.0, 2780.0], [81432.5, 50000.0], [81435.0, 3660.0], [81437.5, 10000.0], [81440.0, 1290.0], [81442.5, 4300.0], [81447.5, 830.0], [81450.0, 4070.0], [81452.5, 4300.0], [81462.5, 1290.0], [81465.0, 11620.0], [81467.5, 24400.0], [81472.5, 1290.0], [81475.0, 4300.0], [81495.0, 5720.0], [81497.5, 14730.0], [81500.0, 4350.0], [81517.5, 1270.0]]}}}
{"jsonrpc": "2.0", "method": "subscription", "params": {"channel": "book.BTC-14MAR25.none.20.100ms", "data": {"timestamp": 1741762481505, "change_id": 92389241287, "instrument_name": "BTC-14MAR25", "bids": [[81340.0, 1110.0], [81337.5, 1710.0], [81335.0, 5700.0], [81332.5, 3720.0], [81330.0, 9970.0], [81327.5, 1100.0], [81325.0, 19110.0], [81322.5, 57160.0], [81320.0, 8580.0], [81317.5, 12910.0], [81312.5, 1380.0], [81310.0, 4600.0], [81307.5, 120.0], [81302.5, 2100.0], [81300.0, 7600.0], [81297.5, 4570.0], [81295.0, 15220.0], [81292.5, 1380.0], [81290.0, 4520.0], [81282.5, 1410.0]], "asks": [[81342.5, 37910.0], [81345.0, 26440.0], [81350.0, 20330.0], [81355.0, 8970.0], [81357.5, 29500.0], [81362.5, 570.0], [81365.0, 4740.0], [81367.5, 10000.0], [81370.0, 4710.0], [81372.5, 870.0], [81375.0, 2910.0], [81380.0, 7110.0], [81382.5, 23700.0], [81387.5, 1360.0], [81390.0, 4520.0], [81397.5, 1360.0], [81400.0, 4520.0], [81412.5, 1360.0], [81415.0, 4520.0], [81422.5, 1380.0]]}}}
{"jsonrpc": "2.0", "method": "subscription", "params": {"channel": "book.BTC-21MAR25.none.20.100ms", "data": {"timestamp": 1741762481421, "change_id": 92389241156, "instrument_name": "BTC-21MAR25", "bids": [[81422.5, 20.0], [81407.5, 660.0], [81405.0, 2200.0], [81402.5, 1270.0], [81400.0, 5050.0], [81397.5, 2780.0], [81392.5, 1290.0], [81390.0, 7300.0], [81387.5, 10000.0], [81382.5, 1300.0], [81380.0, 4220.0], [81377.5, 830.0], [81375.0, 2900.0], [81370.0, 1310.0], [81367.5, 4350.0], [81360.0, 1280.0], [81357.5, 4260.0], [81352.5, 15000.0], [81350.0, 51290.0], [81347.5, 4300.0]], "asks": [[81425.0, 2320.0], [81427.5, 21130.0], [81430.0, 2780.0], [81432.5, 50000.0], [81435.0, 3660.0], [81437.5, 10000.0], [81440.0, 1290.0], [81442.5, 4300.0], [81447.5, 830.0], [81450.0, 4070.0], [81452.5, 4300.0], [81462.5, 1290.0], [81465.0, 11620.0], [81467.5, 24400.0], [81472.5, 1290.0], [81475.0, 4300.0], [81495.0, 5720.0], [81497.5, 14730.0], [81500.0, 4350.0], [81517.5, 1270.0]]}}}
{"jsonrpc": "2.0", "method": "subscription", "params": {"channel": "book.BTC-14MAR25.none.20.100ms", "data": {"timestamp": 1741762481748, "change_id": 92389242124, "instrument_name": "BTC-14MAR25", "bids": [[81340.0, 1100.0], [81337.5, 1710.0], [81335.0, 5700.0], [81332.5, 3720.0], [81330.0, 9970.0], [81327.5, 1100.0], [81325.0, 19110.0], [81322.5, 57160.0], [81320.0, 8580.0], [81317.5, 12910.0], [81312.5, 1380.0], [81310.0, 4600.0], [81307.5, 120.0], [81302.5, 2100.0], [81300.0, 7600.0], [81297.5, 4570.0], [81295.0, 15220.0], [81292.5, 1380.0], [81290.0, 4520.0], [81282.5, 1410.0]], "asks": [[81342.5, 37910.0], [81345.0, 26440.0], [81350.0, 20330.0], [81355.0, 8970.0], [81357.5, 29500.0], [81362.5, 570.0], [81365.0, 4740.0], [81367.5, 10000.0], [81370.0, 4710.0], [81372.5, 870.0], [81375.0, 2910.0], [81380.0, 7110.0], [81382.5, 23700.0], [81387.5, 1360.0], [81390.0, 4520.0], [81397.5, 1360.0], [81400.0, 4520.0], [81412.5, 1360.0], [81415.0, 4520.0], [81422.5, 1380.0]]}}}
{"jsonrpc": "2.0", "method": "subscription", "params": {"channel": "book.BTC-21MAR25.none.20.100ms", "data": {"timestamp": 1741762481690, "change_id": 92389241722, "instrument_name": "BTC-21MAR25", "bids": [[81422.5, 20.0], [81407.5, 660.0], [81405.0, 2200.0], [81402.5, 1270.0], [81400.0, 5050.0], [81397.5, 2780.0], [81392.5, 1290.0], [81390.0, 7300.0], [81387.5, 10000.0], [81382.5, 1300.0], [81380.0, 4220.0], [81377.5, 830.0], [81375.0, 2900.0], [81370.0, 1310.0], [81367.5, 4350.0], [81360.0, 1280.0], [81357.5, 4260.0], [81352.5, 15000.0], [81350.0, 51290.0], [81347.5, 4300.0]], "asks": [[81425.0, 2320.0], [81427.5, 21130.0], [81430.0, 2780.0], [81432.5, 50000.0], [81435.0, 3660.0], [81437.5, 10000.0], [81440.0, 1290.0], [81442.5, 4300.0], [81447.5, 830.0], [81450.0, 4070.0], [81452.5, 4300.0], [81455.0, 10500.0], [81457.5, 35000.0], [81462.5, 1290.0], [81465.0, 11620.0], [81467.5, 24400.0], [81472.5, 1290.0], [81475.0, 4300.0], [81495.0, 5720.0], [81497.5, 14730.0]]}}}
{"jsonrpc": "2.0", "method": "subscription", "params": {"channel": "book.BTC-14MAR25.none.20.100ms", "data": {"timestamp": 1741762482160, "change_id": 92389243859, "instrument_name": "BTC-14MAR25", "bids": [[81317.5, 5700.0], [81315.0, 1100.0], [81312.5, 8260.0], [81300.0, 4690.0], [81292.5, 20.0], [81290.0, 4520.0], [81287.5, 10000.0], [81285.0, 120.0], [81280.0, 4710.0], [81277.5, 50000.0], [81275.0, 2910.0], [81272.5, 15220.0], [81270.0, 4710.0], [81267.5, 20.0], [81260.0, 4550.0], [81250.0, 4600.0], [81245.0, 29800.0], [81240.0, 4710.0], [81230.0, 29560.0], [81227.5, 20.0]], "asks": [[81327.5, 24430.0], [81330.0, 1100.0], [81335.0, 25700.0], [81340.0, 10410.0], [81342.5, 35000.0], [81345.0, 120.0], [81350.0, 18910.0], [81352.5, 4710.0], [81357.5, 39500.0], [81370.0, 4710.0], [81390.0, 4520.0], [81400.0, 4520.0], [81407.5, 2000.0], [81415.0, 4520.0], [81422.5, 20.0], [81425.0, 4520.0], [81437.5, 4510.0], [81447.5, 4510.0], [81457.5, 4540.0], [81467.5, 4660.0]]}}}
{"jsonrpc": "2.0", "method": "subscription", "params": {"channel": "book.BTC-21MAR25.none.20.100ms", "data": {"timestamp": 1741762482151, "change_id": 92389243897, "instrument_name": "BTC-21MAR25", "bids": [[81392.5, 6450.0], [81390.0, 10750.0], [81385.0, 2200.0], [81380.0, 4220.0], [81367.5, 4350.0], [81357.5, 14260.0], [81352.5, 120.0], [81350.0, 2780.0], [81347.5, 4300.0], [81340.0, 50000.0], [81337.5, 4300.0], [81327.5, 4300.0], [81320.0, 7540.0], [81317.5, 4300.0], [81315.0, 24310.0], [81297.5, 4240.0], [81292.5, 20.0], [81287.5, 6160.0], [81282.5, 22970.0], [81267.5, 4210.0]], "asks": [[81415.0, 54420.0], [81422.5, 4250.0], [81425.0, 20750.0], [81427.5, 2200.0], [81430.0, 2780.0], [81432.5, 24950.0], [81442.5, 4300.0], [81450.0, 2780.0], [81452.5, 4300.0], [81457.5, 35000.0], [81462.5, 14730.0], [81465.0, 4300.0], [81475.0, 4300.0], [81487.5, 20.0], [81500.0, 4350.0], [81520.0, 4220.0], [81545.0, 22490.0], [81547.5, 4190.0], [81552.5, 20.0], [81567.5, 4310.0]]}}}
{"jsonrpc": "2.0", "method": "subscription", "params": {"channel": "book.BTC-14MAR25.none.20.100ms", "data": {"timestamp": 1741762482238, "change_id": 92389244437, "instrument_name": "BTC-14MAR25", "bids": [[81317.5, 5700.0], [81315.0, 1100.0], [81312.5, 7160.0], [81300.0, 4690.0], [81297.5, 2910.0], [81292.5, 20.0], [81290.0, 4520.0], [81287.5, 10000.0], [81285.0, 120.0], [81280.0, 4710.0], [81277.5, 50000.0], [81275.0, 2910.0], [81272.5, 15220.0], [81270.0, 4710.0], [81267.5, 20.0], [81260.0, 4550.0], [81250.0, 4600.0], [81245.0, 29800.0], [81240.0, 4710.0], [81230.0, 29560.0]], "asks": [[81327.5, 27340.0], [81335.0, 24600.0], [81340.0, 10410.0], [81342.5, 35000.0], [81345.0, 120.0], [81350.0, 2910.0], [81352.5, 4710.0], [81357.5, 39500.0], [81370.0, 4710.0], [81390.0, 4520.0], [81400.0, 4520.0], [81407.5, 2000.0], [81415.0, 4520.0], [81422.5, 20.0], [81425.0, 4520.0], [81437.5, 4510.0], [81447.5, 4510.0], [81457.5, 4540.0], [81467.5, 4660.0], [81482.5, 8840.0]]}}}
{"jsonrpc": "2.0", "method": "subscription", "params": {"channel": "book.BTC-21MAR25.none.20.100ms", "data": {"timestamp": 1741762482518, "change_id": 92389245167, "instrument_name": "BTC-21MAR25", "bids": [[81397.5, 4250.0], [81395.0, 6450.0], [81392.5, 2200.0], [81390.0, 4300.0], [81380.0, 4220.0], [81377.5, 2780.0], [81367.5, 4350.0], [81357.5, 14260.0], [81352.5, 120.0], [81350.0, 52780.0], [81347.5, 4300.0], [81337.5, 4300.0], [81327.5, 4300.0], [81320.0, 7540.0], [81317.5, 4300.0], [81315.0, 24310.0], [81297.5, 4240.0], [81292.5, 20.0], [81287.5, 6160.0], [81282.5, 22970.0]], "asks": [[81415.0, 50120.0], [81422.5, 4250.0], [81425.0, 14300.0], [81427.5, 2200.0], [81430.0, 2780.0], [81432.5, 24950.0], [81442.5, 4300.0], [81450.0, 2780.0], [81452.5, 4300.0], [81457.5, 35000.0], [81462.5, 14730.0], [81465.0, 4300.0], [81475.0, 4300.0], [81487.5, 20.0], [81500.0, 4350.0], [81520.0, 4220.0], [81545.0, 22490.0], [81547.5, 4190.0], [81552.5, 20.0], [81567.5, 4310.0]]}}}
{"jsonrpc": "2.0", "method": "subscription", "params": {"channel": "book.BTC-14MAR25.none.20.100ms", "data": {"timestamp": 1741762482844, "change_id": 92389246502, "instrument_name": "BTC-14MAR25", "bids": [[81320.0, 10.0], [81317.5, 6310.0], [81315.0, 8990.0], [81312.5, 7160.0], [81310.0, 4710.0], [81302.5, 1410.0], [81300.0, 5560.0], [81297.5, 2910.0], [81295.0, 120.0], [81292.5, 1380.0], [81290.0, 7560.0], [81287.5, 10000.0], [81282.5, 5800.0], [81280.0, 35800.0], [81277.5, 50000.0], [81275.0, 2910.0], [81272.5, 1410.0], [81270.0, 4710.0], [81267.5, 20.0], [81262.5, 1370.0]], "asks": [[81322.5, 20570.0], [81325.0, 8200.0], [81327.5, 26770.0], [81332.5, 1380.0], [81335.0, 24450.0], [81337.5, 55750.0], [81340.0, 16550.0], [81342.5, 39710.0], [81345.0, 3990.0], [81347.5, 10000.0], [81350.0, 4320.0], [81352.5, 4710.0], [81355.0, 8850.0], [81357.5, 29500.0], [81367.5, 1410.0], [81370.0, 4710.0], [81387.5, 1360.0], [81390.0, 4520.0], [81397.5, 1360.0], [81400.0, 4520.0]]}}}
{"jsonrpc": "2.0", "method": "subscription", "params": {"channel": "book.BTC-21MAR25.none.20.100ms", "data": {"timestamp": 1741762482784, "change_id": 92389246386, "instrument_name": "BTC-21MAR25", "bids": [[81390.0, 8550.0], [81382.5, 1270.0], [81380.0, 5050.0], [81377.5, 2780.0], [81370.0, 1310.0], [81367.5, 4350.0], [81362.5, 15120.0], [81360.0, 54280.0], [81357.5, 14260.0], [81352.5, 830.0], [81350.0, 4070.0], [81347.5, 4300.0], [81340.0, 1290.0], [81337.5, 4300.0], [81330.0, 1290.0], [81327.5, 4300.0], [81322.5, 2260.0], [81320.0, 7540.0], [81317.5, 11590.0], [81315.0, 24310.0]], "asks": [[81415.0, 110180.0], [81422.5, 4290.0], [81425.0, 15130.0], [81430.0, 10270.0], [81432.5, 24950.0], [81440.0, 1290.0], [81442.5, 4300.0], [81447.5, 830.0], [81450.0, 4070.0], [81452.5, 4300.0], [81460.0, 5710.0], [81462.5, 14730.0], [81465.0, 4300.0], [81472.5, 1290.0], [81475.0, 4300.0], [81487.5, 20.0], [81497.5, 1310.0], [81500.0, 4350.0], [81517.5, 1270.0], [81520.0, 4220.0]]}}}
{"jsonrpc": "2.0", "method": "subscription", "params": {"channel": "book.BTC-14MAR25.none.20.100ms", "data": {"timestamp": 1741762483125, "change_id": 92389246993, "instrument_name": "BTC-14MAR25", "bids": [[81320.0, 10.0], [81317.5, 6310.0], [81315.0, 8990.0], [81312.5, 7160.0], [81310.0, 4710.0], [81302.5, 1410.0], [81300.0, 5560.0], [81297.5, 2910.0], [81295.0, 120.0], [81292.5, 1380.0], [81290.0, 7560.0], [81287.5, 10000.0], [81282.5, 1410.0], [81280.0, 20580.0], [81277.5, 50000.0], [81275.0, 8890.0], [81272.5, 15220.0], [81270.0, 4710.0], [81267.5, 20.0], [81262.5, 1370.0]], "asks": [[81322.5, 20570.0], [81325.0, 8240.0], [81327.5, 27830.0], [81335.0, 18110.0], [81337.5, 85250.0], [81340.0, 16550.0], [81342.5, 39710.0], [81345.0, 3570.0], [81347.5, 10000.0], [81350.0, 4320.0], [81352.5, 4710.0], [81367.5, 1410.0], [81370.0, 4710.0], [81387.5, 1360.0], [81390.0, 4520.0], [81397.5, 1360.0], [81400.0, 4520.0], [81405.0, 600.0], [81407.5, 2000.0], [81412.5, 1360.0]]}}}
{"jsonrpc": "2.0", "method": "subscription", "params": {"channel": "book.BTC-21MAR25.none.20.100ms", "data": {"timestamp": 1741762483115, "change_id": 92389246980, "instrument_name": "BTC-21MAR25", "bids": [[81397.5, 7730.0], [81395.0, 4150.0], [81392.5, 2200.0], [81390.0, 4300.0], [81382.5, 1270.0], [81380.0, 5050.0], [81377.5, 2780.0], [81370.0, 1310.0], [81367.5, 4350.0], [81365.0, 15040.0], [81362.5, 50120.0], [81360.0, 4280.0], [81357.5, 14260.0], [81352.5, 830.0], [81350.0, 4070.0], [81347.5, 4300.0], [81340.0, 1290.0], [81337.5, 4300.0], [81330.0, 1290.0], [81327.5, 4300.0]], "asks": [[81415.0, 105930.0], [81422.5, 4290.0], [81425.0, 15130.0], [81430.0, 10270.0], [81432.5, 24950.0], [81440.0, 1290.0], [81442.5, 4300.0], [81447.5, 830.0], [81450.0, 4070.0], [81452.5, 4300.0], [81460.0, 5710.0], [81462.5, 14730.0], [81465.0, 4300.0], [81472.5, 1290.0], [81475.0, 4300.0], [81487.5, 20.0], [81497.5, 1310.0], [81500.0, 4350.0], [81517.5, 1270.0], [81520.0, 4220.0]]}}}
{"jsonrpc": "2.0", "method": "subscription", "params": {"channel": "book.BTC-14MAR25.none.20.100ms", "data": {"timestamp": 1741762483479, "change_id": 92389247773, "instrument_name": "BTC-14MAR25", "bids": [[81317.5, 1100.0], [81315.0, 7850.0], [81312.5, 7160.0], [81302.5, 2510.0], [81300.0, 8490.0], [81297.5, 12910.0], [81295.0, 16480.0], [81292.5, 50020.0], [81290.0, 4520.0], [81282.5, 1410.0], [81280.0, 4710.0], [81277.5, 870.0], [81275.0, 8890.0], [81272.5, 15220.0], [81270.0, 4710.0], [81267.5, 20.0], [81262.5, 1370.0], [81260.0, 4550.0], [81252.5, 1380.0], [81250.0, 4600.0]], "asks": [[81320.0, 1100.0], [81322.5, 20570.0], [81325.0, 8240.0], [81327.5, 27830.0], [81335.0, 10230.0], [81337.5, 29500.0], [81340.0, 16550.0], [81342.5, 39710.0], [81345.0, 3570.0], [81347.5, 10000.0], [81350.0, 4320.0], [81352.5, 4710.0], [81367.5, 1410.0], [81370.0, 4710.0], [81387.5, 1360.0], [81390.0, 4520.0], [81397.5, 1360.0], [81400.0, 4520.0], [81405.0, 600.0], [81407.5, 2000.0]]}}}
{"jsonrpc": "2.0", "method": "subscription", "params": {"channel": "book.BTC-21MAR25.none.20.100ms", "data": {"timestamp": 1741762483488, "change_id": 92389247780, "instrument_name": "BTC-21MAR25", "bids": [[81390.0, 6240.0], [81387.5, 2200.0], [81385.0, 4250.0], [81382.5, 1270.0], [81380.0, 5050.0], [81377.5, 2780.0], [81370.0, 4140.0], [81367.5, 14350.0], [81365.0, 15040.0], [81362.5, 50120.0], [81360.0, 1280.0], [81357.5, 4260.0], [81352.5, 830.0], [81350.0, 4070.0], [81347.5, 4300.0], [81340.0, 1290.0], [81337.5, 4300.0], [81330.0, 1290.0], [81327.5, 4300.0], [81322.5, 2260.0]], "asks": [[81412.5, 8550.0], [81415.0, 54370.0], [81422.5, 4290.0], [81425.0, 15130.0], [81430.0, 10270.0], [81432.5, 24950.0], [81440.0, 1290.0], [81442.5, 4300.0], [81447.5, 830.0], [81450.0, 4070.0], [81452.5, 4300.0], [81460.0, 5710.0], [81462.5, 14730.0], [81465.0, 4300.0], [81472.5, 1290.0], [81475.0, 4300.0], [81487.5, 20.0], [81497.5, 1310.0], [81500.0, 4350.0], [81517.5, 1270.0]]}}}
{"jsonrpc": "2.0", "method": "subscription", "params": {"channel": "book.BTC-14MAR25.none.20.100ms", "data": {"timestamp": 1741762483819, "change_id": 92389248538, "instrument_name": "BTC-14MAR25", "bids": [[81320.0, 1100.0], [81317.5, 5700.0], [81315.0, 8990.0], [81312.5, 7160.0], [81310.0, 4710.0], [81302.5, 17330.0], [81300.0, 58490.0], [81297.5, 12910.0], [81295.0, 120.0], [81292.5, 1380.0], [81290.0, 4520.0], [81282.5, 1410.0], [81280.0, 4710.0], [81277.5, 870.0], [81275.0, 8890.0], [81272.5, 15220.0], [81270.0, 4710.0], [81267.5, 20.0], [81262.5, 1370.0], [81260.0, 4550.0]], "asks": [[81322.5, 20570.0], [81325.0, 8240.0], [81327.5, 27830.0], [81335.0, 10230.0], [81337.5, 29500.0], [81340.0, 37020.0], [81342.5, 112910.0], [81345.0, 3570.0], [81347.5, 10000.0], [81350.0, 4320.0], [81352.5, 4710.0], [81367.5, 1410.0], [81370.0, 4710.0], [81387.5, 1360.0], [81390.0, 4520.0], [81397.5, 1360.0], [81400.0, 4520.0], [81405.0, 600.0], [81407.5, 2000.0], [81412.5, 1360.0]]}}}
{"jsonrpc": "2.0", "method": "subscription", "params": {"channel": "book.BTC-21MAR25.none.20.100ms", "data": {"timestamp": 1741762483820, "change_id": 92389248539, "instrument_name": "BTC-21MAR25", "bids": [[81392.5, 6450.0], [81390.0, 9210.0], [81387.5, 2200.0], [81382.5, 1270.0], [81380.0, 5050.0], [81377.5, 2780.0], [81370.0, 4140.0], [81367.5, 14350.0], [81365.0, 15040.0], [81362.5, 50120.0], [81360.0, 1280.0], [81357.5, 4260.0], [81352.5, 830.0], [81350.0, 4070.0], [81347.5, 4300.0], [81340.0, 1290.0], [81337.5, 4300.0], [81330.0, 1290.0], [81327.5, 4300.0], [81322.5, 2260.0]], "asks": [[81412.5, 4250.0], [81415.0, 54370.0], [81417.5, 21980.0], [81420.0, 73270.0], [81422.5, 4290.0], [81425.0, 15130.0], [81430.0, 10270.0], [81432.5, 24950.0], [81440.0, 1290.0], [81442.5, 4300.0], [81447.5, 830.0], [81450.0, 4070.0], [81452.5, 4300.0], [81460.0, 5710.0], [81462.5, 14730.0], [81465.0, 4300.0], [81472.5, 1290.0], [81475.0, 4300.0], [81487.5, 20.0], [81497.5, 1310.0]]}}}
{"jsonrpc": "2.0", "method": "subscription", "params": {"channel": "book.BTC-14MAR25.none.20.100ms", "data": {"timestamp": 1741762484121, "change_id": 92389248914, "instrument_name": "BTC-14MAR25", "bids": [[81320.0, 5710.0], [81317.5, 5700.0], [81315.0, 4390.0], [81312.5, 7160.0], [81310.0, 4710.0], [81302.5, 17330.0], [81300.0, 58490.0], [81297.5, 12910.0], [81295.0, 120.0], [81292.5, 1380.0], [81290.0, 4520.0], [81282.5, 1410.0], [81280.0, 4710.0], [81277.5, 870.0], [81275.0, 8890.0], [81272.5, 15220.0], [81270.0, 4710.0], [81267.5, 20.0], [81262.5, 1370.0], [81260.0, 4550.0]], "asks": [[81322.5, 20570.0], [81325.0, 8240.0], [81327.5, 27830.0], [81335.0, 10230.0], [81337.5, 29500.0], [81340.0, 37020.0], [81342.5, 112910.0], [81345.0, 3570.0], [81347.5, 10000.0], [81350.0, 4320.0], [81352.5, 4710.0], [81367.5, 1410.0], [81370.0, 4710.0], [81387.5, 1360.0], [81390.0, 4520.0], [81397.5, 1360.0], [81400.0, 4520.0], [81405.0, 600.0], [81407.5, 2000.0], [81412.5, 1360.0]]}}}
{"jsonrpc": "2.0", "method": "subscription", "params": {"channel": "book.BTC-21MAR25.none.20.100ms", "data": {"timestamp": 1741762484152, "change_id": 92389248938, "instrument_name": "BTC-21MAR25", "bids": [[81395.0, 7480.0], [81392.5, 6450.0], [81390.0, 4960.0], [81387.5, 2200.0], [81382.5, 1270.0], [81380.0, 5050.0], [81377.5, 2780.0], [81370.0, 4140.0], [81367.5, 14350.0], [81365.0, 15040.0], [81362.5, 50120.0], [81360.0, 1280.0], [81357.5, 4260.0], [81352.5, 830.0], [81350.0, 4070.0], [81347.5, 4300.0], [81340.0, 1290.0], [81337.5, 4300.0], [81330.0, 1290.0], [81327.5, 4300.0]], "asks": [[81405.0, 120.0], [81415.0, 54250.0], [81417.5, 21980.0], [81420.0, 73270.0], [81422.5, 4290.0], [81425.0, 15130.0], [81430.0, 10270.0], [81432.5, 24950.0], [81440.0, 1290.0], [81442.5, 4300.0], [81447.5, 830.0], [81450.0, 4070.0], [81452.5, 4300.0], [81460.0, 5710.0], [81462.5, 14730.0], [81465.0, 4300.0], [81472.5, 1290.0], [81475.0, 4300.0], [81487.5, 20.0], [81497.5, 1310.0]]}}}
{"jsonrpc": "2.0", "method": "subscription", "params": {"channel": "book.BTC-14MAR25.none.20.100ms", "data": {"timestamp": 1741762484479, "change_id": 92389249888, "instrument_name": "BTC-14MAR25", "bids": [[81330.0, 1110.0], [81327.5, 5700.0], [81325.0, 1100.0], [81322.5, 3130.0], [81320.0, 9970.0], [81317.5, 1100.0], [81315.0, 19250.0], [81312.5, 7160.0], [81310.0, 58470.0], [81307.5, 12910.0], [81302.5, 1410.0], [81300.0, 4690.0], [81295.0, 120.0], [81292.5, 1380.0], [81290.0, 4520.0], [81282.5, 1410.0], [81280.0, 4710.0], [81277.5, 870.0], [81275.0, 8890.0], [81272.5, 15220.0]], "asks": [[81332.5, 20000.0], [81335.0, 11760.0], [81337.5, 29500.0], [81340.0, 32420.0], [81342.5, 108200.0], [81345.0, 990.0], [81350.0, 11590.0], [81352.5, 29530.0], [81357.5, 3000.0], [81360.0, 10000.0], [81367.5, 1410.0], [81370.0, 4710.0], [81387.5, 1360.0], [81390.0, 4520.0], [81397.5, 1360.0], [81400.0, 4520.0], [81405.0, 600.0], [81407.5, 2000.0], [81412.5, 1360.0], [81415.0, 4520.0]]}}}
{"jsonrpc": "2.0", "method": "subscription", "params": {"channel": "book.BTC-21MAR25.none.20.100ms", "data": {"timestamp": 1741762484440, "change_id": 92389249771, "instrument_name": "BTC-21MAR25", "bids": [[81407.5, 1280.0], [81405.0, 9410.0], [81402.5, 10750.0], [81400.0, 3520.0], [81397.5, 2200.0], [81395.0, 4150.0], [81392.5, 2200.0], [81390.0, 4300.0], [81387.5, 830.0], [81385.0, 2780.0], [81382.5, 1270.0], [81380.0, 4220.0], [81370.0, 18790.0], [81367.5, 14350.0], [81365.0, 50000.0], [81362.5, 120.0], [81360.0, 1280.0], [81357.5, 4260.0], [81352.5, 830.0], [81350.0, 4070.0]], "asks": [[81415.0, 50000.0], [81417.5, 2900.0], [81420.0, 73270.0], [81425.0, 10000.0], [81430.0, 7490.0], [81432.5, 24950.0], [81440.0, 1290.0], [81442.5, 4300.0], [81447.5, 830.0], [81450.0, 4070.0], [81452.5, 4300.0], [81460.0, 5710.0], [81462.5, 14730.0], [81465.0, 4300.0], [81472.5, 1290.0], [81475.0, 4300.0], [81487.5, 20.0], [81497.5, 1310.0], [81500.0, 4350.0], [81517.5, 1270.0]]}}}
{"jsonrpc": "2.0", "method": "subscription", "params": {"channel": "book.BTC-14MAR25.none.20.100ms", "data": {"timestamp": 1741762484792, "change_id": 92389250747, "instrument_name": "BTC-14MAR25", "bids": [[81330.0, 1100.0], [81327.5, 5700.0], [81325.0, 1100.0], [81322.5, 3130.0], [81320.0, 9970.0], [81317.5, 1100.0], [81315.0, 19250.0], [81312.5, 7160.0], [81310.0, 58470.0], [81307.5, 12910.0], [81302.5, 1410.0], [81300.0, 4690.0], [81295.0, 120.0], [81292.5, 1380.0], [81290.0, 4520.0], [81282.5, 1410.0], [81280.0, 4710.0], [81277.5, 870.0], [81275.0, 8890.0], [81272.5, 15220.0]], "asks": [[81332.5, 20010.0], [81335.0, 12330.0], [81337.5, 29500.0], [81340.0, 32420.0], [81342.5, 108200.0], [81345.0, 120.0], [81350.0, 8680.0], [81352.5, 29530.0], [81357.5, 3000.0], [81360.0, 10000.0], [81367.5, 1410.0], [81370.0, 4710.0], [81372.5, 870.0], [81375.0, 2910.0], [81387.5, 1360.0], [81390.0, 4520.0], [81397.5, 1360.0], [81400.0, 4520.0], [81405.0, 600.0], [81407.5, 2000.0]]}}}
{"jsonrpc": "2.0", "method": "subscription", "params": {"channel": "book.BTC-21MAR25.none.20.100ms", "data": {"timestamp": 1741762484771, "change_id": 92389250726, "instrument_name": "BTC-21MAR25", "bids": [[81407.5, 1280.0], [81405.0, 6660.0], [81402.5, 6500.0], [81400.0, 2860.0], [81397.5, 2200.0], [81395.0, 1950.0], [81392.5, 4980.0], [81390.0, 4300.0], [81382.5, 1220.0], [81380.0, 7220.0], [81377.5, 10000.0], [81367.5, 19350.0], [81365.0, 50000.0], [81362.5, 120.0], [81360.0, 1280.0], [81357.5, 4260.0], [81352.5, 830.0], [81350.0, 4070.0], [81347.5, 4300.0], [81340.0, 1290.0]], "asks": [[81415.0, 50000.0], [81417.5, 2900.0], [81420.0, 73270.0], [81425.0, 10000.0], [81432.5, 24950.0], [81440.0, 1290.0], [81442.5, 4300.0], [81447.5, 780.0], [81450.0, 4070.0], [81452.5, 4300.0], [81460.0, 5710.0], [81462.5, 14730.0], [81465.0, 4300.0], [81472.5, 1290.0], [81475.0, 4300.0], [81487.5, 20.0], [81497.5, 1310.0], [81500.0, 4350.0], [81517.5, 1270.0], [81520.0, 4220.0]]}}}
{"jsonrpc": "2.0", "method": "subscription", "params": {"channel": "book.BTC-14MAR25.none.20.100ms", "data": {"timestamp": 1741762485158, "change_id": 92389251528, "instrument_name": "BTC-14MAR25", "bids": [[81330.0, 1110.0], [81327.5, 5700.0], [81325.0, 1100.0], [81322.5, 3130.0], [81320.0, 9970.0], [81317.5, 1100.0], [81315.0, 19250.0], [81312.5, 7160.0], [81310.0, 58470.0], [81307.5, 10000.0], [81305.0, 120.0], [81302.5, 1410.0], [81300.0, 4690.0], [81292.5, 1380.0], [81290.0, 4520.0], [81282.5, 1410.0], [81280.0, 4710.0], [81270.0, 4710.0], [81267.5, 20.0], [81262.5, 1370.0]], "asks": [[81332.5, 20000.0], [81335.0, 570.0], [81340.0, 14860.0], [81342.5, 35000.0], [81345.0, 120.0], [81350.0, 8680.0], [81352.5, 24820.0], [81357.5, 3000.0], [81360.0, 10000.0], [81367.5, 1410.0], [81370.0, 4710.0], [81372.5, 870.0], [81375.0, 2910.0], [81380.0, 4710.0], [81387.5, 1360.0], [81390.0, 4520.0], [81397.5, 1360.0], [81400.0, 4520.0], [81405.0, 600.0], [81407.5, 2000.0]]}}}
{"jsonrpc": "2.0", "method": "subscription", "params": {"channel": "book.BTC-21MAR25.none.20.100ms", "data": {"timestamp": 1741762485159, "change_id": 92389251531, "instrument_name": "BTC-21MAR25", "bids": [[81410.0, 6450.0], [81405.0, 2410.0], [81402.5, 6500.0], [81400.0, 2860.0], [81397.5, 2200.0], [81395.0, 1950.0], [81392.5, 4980.0], [81390.0, 4300.0], [81382.5, 1220.0], [81380.0, 7220.0], [81377.5, 10000.0], [81372.5, 120.0], [81367.5, 4350.0], [81360.0, 51280.0], [81357.5, 4260.0], [81352.5, 830.0], [81350.0, 4070.0], [81347.5, 4300.0], [81340.0, 1290.0], [81337.5, 4300.0]], "asks": [[81415.0, 50000.0], [81417.5, 120.0], [81422.5, 2780.0], [81437.5, 10000.0], [81440.0, 1290.0], [81442.5, 28330.0], [81447.5, 780.0], [81450.0, 4070.0], [81452.5, 4300.0], [81460.0, 5710.0], [81462.5, 14730.0], [81465.0, 4300.0], [81472.5, 1290.0], [81475.0, 4300.0], [81487.5, 20.0], [81497.5, 1310.0], [81500.0, 4350.0], [81517.5, 1270.0], [81520.0, 4220.0], [81542.5, 6750.0]]}}}
{"jsonrpc": "2.0", "method": "subscription", "params": {"channel": "book.BTC-14MAR25.none.20.100ms", "data": {"timestamp": 1741762485366, "change_id": 92389252162, "instrument_name": "BTC-14MAR25", "bids": [[81332.5, 5710.0], [81330.0, 3140.0], [81327.5, 5700.0], [81325.0, 1100.0], [81322.5, 2510.0], [81320.0, 21060.0], [81317.5, 1100.0], [81315.0, 57570.0], [81312.5, 7160.0], [81310.0, 8470.0], [81307.5, 10000.0], [81305.0, 120.0], [81302.5, 1410.0], [81300.0, 7600.0], [81292.5, 1380.0], [81290.0, 4520.0], [81285.0, 15220.0], [81282.5, 1410.0], [81280.0, 4710.0], [81270.0, 4710.0]], "asks": [[81335.0, 570.0], [81340.0, 11950.0], [81342.5, 55000.0], [81345.0, 2910.0], [81350.0, 15210.0], [81352.5, 24820.0], [81355.0, 29500.0], [81357.5, 3120.0], [81360.0, 10000.0], [81367.5, 1410.0], [81370.0, 4710.0], [81372.5, 870.0], [81375.0, 2910.0], [81380.0, 4710.0], [81387.5, 1360.0], [81390.0, 4520.0], [81397.5, 1360.0], [81400.0, 4520.0], [81405.0, 600.0], [81407.5, 2000.0]]}}}
{"jsonrpc": "2.0", "method": "subscription", "params": {"channel": "book.BTC-21MAR25.none.20.100ms", "data": {"timestamp": 1741762485492, "change_id": 92389252691, "instrument_name": "BTC-21MAR25", "bids": [[81412.5, 1280.0], [81410.0, 4250.0], [81405.0, 2410.0], [81402.5, 6500.0], [81400.0, 660.0], [81397.5, 2200.0], [81395.0, 1950.0], [81392.5, 4980.0], [81390.0, 4300.0], [81382.5, 1220.0], [81380.0, 7220.0], [81377.5, 10000.0], [81375.0, 2780.0], [81372.5, 120.0], [81367.5, 4350.0], [81360.0, 51280.0], [81357.5, 4260.0], [81350.0, 1290.0], [81347.5, 4300.0], [81340.0, 1290.0]], "asks": [[81417.5, 120.0], [81425.0, 50000.0], [81427.5, 2780.0], [81435.0, 13780.0], [81437.5, 10000.0], [81440.0, 1290.0], [81442.5, 28330.0], [81447.5, 780.0], [81450.0, 4070.0], [81452.5, 4300.0], [81460.0, 5710.0], [81462.5, 14730.0], [81465.0, 4300.0], [81472.5, 1290.0], [81475.0, 4300.0], [81487.5, 20.0], [81497.5, 1310.0], [81500.0, 4350.0], [81517.5, 1270.0], [81520.0, 4220.0]]}}}
{"jsonrpc": "2.0", "method": "subscription", "params": {"channel": "book.BTC-14MAR25.none.20.100ms", "data": {"timestamp": 1741762485738, "change_id": 92389253184, "instrument_name": "BTC-14MAR25", "bids": [[81332.5, 5710.0], [81330.0, 3140.0], [81327.5, 5700.0], [81325.0, 1100.0], [81322.5, 2510.0], [81320.0, 21060.0], [81317.5, 1100.0], [81315.0, 57570.0], [81312.5, 7160.0], [81310.0, 8470.0], [81307.5, 10000.0], [81305.0, 120.0], [81302.5, 1410.0], [81300.0, 7600.0], [81292.5, 1380.0], [81290.0, 4520.0], [81287.5, 4570.0], [81285.0, 15220.0], [81282.5, 1410.0], [81280.0, 4710.0]], "asks": [[81335.0, 570.0], [81340.0, 11950.0], [81342.5, 55000.0], [81345.0, 2910.0], [81350.0, 15210.0], [81352.5, 24820.0], [81355.0, 29500.0], [81357.5, 3120.0], [81360.0, 10000.0], [81367.5, 1410.0], [81370.0, 4710.0], [81372.5, 870.0], [81375.0, 2910.0], [81377.5, 1410.0], [81380.0, 4710.0], [81387.5, 1360.0], [81390.0, 4520.0], [81397.5, 1360.0], [81400.0, 4520.0], [81405.0, 600.0]]}}}
{"jsonrpc": "2.0", "method": "subscription", "params": {"channel": "book.BTC-21MAR25.none.20.100ms", "data": {"timestamp": 1741762485738, "change_id": 92389253209, "instrument_name": "BTC-21MAR25", "bids": [[81412.5, 1280.0], [81410.0, 4250.0], [81405.0, 2410.0], [81402.5, 6500.0], [81400.0, 660.0], [81397.5, 2200.0], [81395.0, 1950.0], [81392.5, 4980.0], [81390.0, 4300.0], [81382.5, 1220.0], [81380.0, 7220.0], [81377.5, 10000.0], [81375.0, 2780.0], [81372.5, 120.0], [81370.0, 1310.0], [81367.5, 4350.0], [81360.0, 51280.0], [81357.5, 4260.0], [81350.0, 1290.0], [81347.5, 4300.0]], "asks": [[81417.5, 120.0], [81425.0, 50000.0], [81427.5, 2780.0], [81435.0, 13780.0], [81437.5, 10000.0], [81440.0, 8340.0], [81442.5, 28330.0], [81447.5, 780.0], [81450.0, 4070.0], [81452.5, 39300.0], [81460.0, 5710.0], [81462.5, 14730.0], [81465.0, 4300.0], [81472.5, 1290.0], [81475.0, 4300.0], [81487.5, 20.0], [81497.5, 1310.0], [81500.0, 4350.0], [81517.5, 1270.0], [81520.0, 4220.0]]}}}
{"jsonrpc": "2.0", "method": "subscription", "params": {"channel": "book.BTC-14MAR25.none.20.100ms", "data": {"timestamp": 1741762486148, "change_id": 92389253788, "instrument_name": "BTC-14MAR25", "bids": [[81332.5, 5710.0], [81330.0, 3140.0], [81327.5, 4600.0], [81325.0, 1100.0], [81322.5, 2510.0], [81320.0, 21060.0], [81317.5, 1100.0], [81315.0, 57570.0], [81312.5, 7160.0], [81310.0, 8470.0], [81307.5, 10000.0], [81305.0, 120.0], [81302.5, 1410.0], [81300.0, 7600.0], [81292.5, 1380.0], [81290.0, 4520.0], [81287.5, 4570.0], [81285.0, 15220.0], [81282.5, 1410.0], [81280.0, 4710.0]], "asks": [[81335.0, 570.0], [81342.5, 55000.0], [81345.0, 2910.0], [81350.0, 15210.0], [81352.5, 24820.0], [81355.0, 43260.0], [81357.5, 35870.0], [81360.0, 10000.0], [81367.5, 1410.0], [81370.0, 4710.0], [81372.5, 870.0], [81375.0, 2910.0], [81377.5, 1410.0], [81380.0, 4710.0], [81387.5, 1360.0], [81390.0, 4520.0], [81397.5, 1360.0], [81400.0, 4520.0], [81405.0, 600.0], [81407.5, 2000.0]]}}}
{"jsonrpc": "2.0", "method": "subscription", "params": {"channel": "book.BTC-21MAR25.none.20.100ms", "data": {"timestamp": 1741762485967, "change_id": 92389253571, "instrument_name": "BTC-21MAR25", "bids": [[81412.5, 8410.0], [81405.0, 2410.0], [81402.5, 6500.0], [81400.0, 660.0], [81397.5, 2200.0], [81395.0, 1950.0], [81392.5, 4980.0], [81390.0, 4300.0], [81382.5, 1220.0], [81380.0, 7220.0], [81377.5, 10000.0], [81375.0, 2780.0], [81372.5, 120.0], [81370.0, 1310.0], [81367.5, 4350.0], [81360.0, 51280.0], [81357.5, 4260.0], [81350.0, 1290.0], [81347.5, 4300.0], [81340.0, 1290.0]], "asks": [[81417.5, 120.0], [81425.0, 50000.0], [81427.5, 2780.0], [81435.0, 13780.0], [81437.5, 10000.0], [81440.0, 8340.0], [81442.5, 28330.0], [81447.5, 780.0], [81450.0, 4070.0], [81452.5, 39300.0], [81460.0, 5710.0], [81462.5, 14730.0], [81465.0, 4300.0], [81472.5, 1290.0], [81475.0, 4300.0], [81487.5, 20.0], [81497.5, 1310.0], [81500.0, 4350.0], [81517.5, 1270.0], [81520.0, 4220.0]]}}}
{"jsonrpc": "2.0", "method": "subscription", "params": {"channel": "book.BTC-14MAR25.none.20.100ms", "data": {"timestamp": 1741762486452, "change_id": 92389254553, "instrument_name": "BTC-14MAR25", "bids": [[81340.0, 1110.0], [81337.5, 5700.0], [81335.0, 4260.0], [81332.5, 5700.0], [81330.0, 5680.0], [81325.0, 1100.0], [81322.5, 2510.0], [81320.0, 21060.0], [81317.5, 1100.0], [81315.0, 57570.0], [81312.5, 7160.0], [81310.0, 8470.0], [81307.5, 10000.0], [81305.0, 120.0], [81302.5, 1410.0], [81300.0, 7600.0], [81295.0, 15220.0], [81292.5, 1380.0], [81290.0, 4520.0], [81282.5, 1410.0]], "asks": [[81342.5, 55000.0], [81345.0, 2910.0], [81350.0, 15210.0], [81352.5, 24820.0], [81355.0, 43260.0], [81357.5, 35870.0], [81360.0, 10000.0], [81367.5, 1410.0], [81370.0, 4710.0], [81372.5, 870.0], [81375.0, 2910.0], [81377.5, 1410.0], [81380.0, 4710.0], [81387.5, 1360.0], [81390.0, 4520.0], [81397.5, 1360.0], [81400.0, 4520.0], [81405.0, 600.0], [81407.5, 2000.0], [81412.5, 1360.0]]}}}
