{"jsonrpc": "2.0", "method": "subscription", "params": {"channel": "book.BTC-21MAR25.none.20.100ms", "data": {"timestamp": 1741675589873, "change_id": 92186642548, "instrument_name": "BTC-21MAR25", "bids": [[80322.5, 20.0], [80315.0, 1070.0], [80312.5, 1900.0], [80310.0, 3920.0], [80307.5, 6730.0], [80300.0, 1310.0], [80297.5, 4360.0], [80292.5, 22210.0], [80290.0, 78300.0], [80287.5, 14240.0], [80282.5, 750.0], [80280.0, 3750.0], [80277.5, 4200.0], [80267.5, 1270.0], [80265.0, 4230.0], [80260.0, 3490.0], [80257.5, 7360.0], [80255.0, 4200.0], [80247.5, 1260.0], [80245.0, 4200.0]], "asks": [[80330.0, 7320.0], [80332.5, 1900.0], [80335.0, 15020.0], [80337.5, 6150.0], [80340.0, 3060.0], [80342.5, 1900.0], [80345.0, 1300.0], [80347.5, 4320.0], [80352.5, 12190.0], [80355.0, 41900.0], [80357.5, 4200.0], [80367.5, 2010.0], [80370.0, 6690.0], [80372.5, 7420.0], [80375.0, 24720.0], [80400.0, 1270.0], [80402.5, 4240.0], [80410.0, 15460.0], [80412.5, 4240.0], [80415.0, 49650.0]]}}}
{"jsonrpc": "2.0", "method": "subscription", "params": {"channel": "book.BTC-14MAR25.none.20.100ms", "data": {"timestamp": 1741675590313, "change_id": 92186643098, "instrument_name": "BTC-14MAR25", "bids": [[80197.5, 1310.0], [80195.0, 800.0], [80192.5, 1300.0], [80190.0, 11740.0], [80187.5, 5870.0], [80185.0, 48990.0], [80182.5, 50000.0], [80180.0, 7310.0], [80177.5, 28950.0], [80170.0, 1450.0], [80167.5, 4700.0], [80165.0, 900.0], [80162.5, 580.0], [80160.0, 5390.0], [80157.5, 4750.0], [80155.0, 7560.0], [80152.5, 10000.0], [80147.5, 1410.0], [80145.0, 4690.0], [80140.0, 1080.0]], "asks": [[80205.0, 3430.0], [80207.5, 10000.0], [80210.0, 1290.0], [80212.5, 2600.0], [80215.0, 1300.0], [80217.5, 2710.0], [80220.0, 4570.0], [80227.5, 1300.0], [80230.0, 1410.0], [80232.5, 4700.0], [80242.5, 1410.0], [80245.0, 4700.0], [80247.5, 780.0], [80250.0, 2600.0], [80252.5, 1410.0], [80255.0, 20930.0], [80257.5, 30120.0], [80260.0, 24010.0], [80262.5, 1410.0], [80265.0, 4690.0]]}}}
{"jsonrpc": "2.0", "method": "subscription", "params": {"channel": "book.BTC-14MAR25.none.20.100ms", "data": {"timestamp": 1741675590835, "change_id": 92186643695, "instrument_name": "BTC-14MAR25", "bids": [[80202.5, 1310.0], [80197.5, 5900.0], [80195.0, 800.0], [80192.5, 1300.0], [80190.0, 11740.0], [80187.5, 5870.0], [80185.0, 48990.0], [80182.5, 50000.0], [80180.0, 7310.0], [80177.5, 28950.0], [80170.0, 1450.0], [80167.5, 4700.0], [80165.0, 900.0], [80162.5, 580.0], [80160.0, 5390.0], [80157.5, 4750.0], [80155.0, 7560.0], [80152.5, 10000.0], [80147.5, 1410.0], [80145.0, 4690.0]], "asks": [[80207.5, 10000.0], [80210.0, 1290.0], [80212.5, 2600.0], [80215.0, 1300.0], [80217.5, 2710.0], [80220.0, 4570.0], [80227.5, 1300.0], [80230.0, 1410.0], [80232.5, 4700.0], [80242.5, 1410.0], [80245.0, 4700.0], [80247.5, 780.0], [80250.0, 2600.0], [80252.5, 1410.0], [80255.0, 20930.0], [80257.5, 30120.0], [80260.0, 24010.0], [80262.5, 1410.0], [80265.0, 4690.0], [80272.5, 1410.0]]}}}
{"jsonrpc": "2.0", "method": "subscription", "params": {"channel": "book.BTC-21MAR25.none.20.100ms", "data": {"timestamp": 1741675590820, "change_id": 92186643665, "instrument_name": "BTC-21MAR25", "bids": [[80322.5, 4270.0], [80315.0, 1070.0], [80312.5, 1900.0], [80310.0, 3920.0], [80307.5, 6730.0], [80300.0, 1310.0], [80297.5, 4360.0], [80292.5, 22210.0], [80290.0, 78300.0], [80287.5, 14240.0], [80282.5, 750.0], [80280.0, 3750.0], [80277.5, 4200.0], [80267.5, 1270.0], [80265.0, 4230.0], [80260.0, 3490.0], [80257.5, 7360.0], [80255.0, 4200.0], [80247.5, 1260.0], [80245.0, 4200.0]], "asks": [[80330.0, 7320.0], [80332.5, 1900.0], [80335.0, 15020.0], [80337.5, 6150.0], [80340.0, 3060.0], [80342.5, 1900.0], [80345.0, 1300.0], [80347.5, 4320.0], [80352.5, 12190.0], [80355.0, 41900.0], [80357.5, 4200.0], [80367.5, 2010.0], [80370.0, 6690.0], [80372.5, 7420.0], [80375.0, 24720.0], [80400.0, 1270.0], [80402.5, 4240.0], [80410.0, 15460.0], [80412.5, 4240.0], [80415.0, 49650.0]]}}}
{"jsonrpc": "2.0", "method": "subscription", "params": {"channel": "book.BTC-14MAR25.none.20.100ms", "data": {"timestamp": 1741675590922, "change_id": 92186644343, "instrument_name": "BTC-14MAR25", "bids": [[80205.0, 1300.0], [80202.5, 1300.0], [80197.5, 1300.0], [80195.0, 800.0], [80192.5, 1300.0], [80190.0, 26950.0], [80187.5, 55870.0], [80185.0, 33990.0], [80180.0, 7310.0], [80177.5, 28950.0], [80175.0, 120.0], [80170.0, 1450.0], [80167.5, 4700.0], [80165.0, 780.0], [80162.5, 580.0], [80160.0, 5390.0], [80157.5, 4750.0], [80155.0, 7560.0], [80152.5, 10000.0], [80147.5, 1410.0]], "asks": [[80207.5, 10010.0], [80210.0, 120.0], [80215.0, 2390.0], [80217.5, 8470.0], [80227.5, 1300.0], [80230.0, 1410.0], [80232.5, 4700.0], [80242.5, 1410.0], [80245.0, 4700.0], [80247.5, 780.0], [80250.0, 2600.0], [80252.5, 1410.0], [80255.0, 20930.0], [80257.5, 30120.0], [80260.0, 24010.0], [80262.5, 1410.0], [80265.0, 4690.0], [80272.5, 1410.0], [80275.0, 4690.0], [80280.0, 11520.0]]}}}
{"jsonrpc": "2.0", "method": "subscription", "params": {"channel": "book.BTC-21MAR25.none.20.100ms", "data": {"timestamp": 1741675591155, "change_id": 92186644369, "instrument_name": "BTC-21MAR25", "bids": [[80322.5, 20.0], [80315.0, 1070.0], [80312.5, 1900.0], [80310.0, 3920.0], [80307.5, 6850.0], [80300.0, 1310.0], [80297.5, 4240.0], [80292.5, 50000.0], [80290.0, 28300.0], [80287.5, 14240.0], [80282.5, 750.0], [80280.0, 3750.0], [80277.5, 4200.0], [80267.5, 1270.0], [80265.0, 4230.0], [80260.0, 3490.0], [80257.5, 7360.0], [80255.0, 4200.0], [80247.5, 1260.0], [80245.0, 4200.0]], "asks": [[80332.5, 5470.0], [80335.0, 16720.0], [80337.5, 1900.0], [80340.0, 570.0], [80342.5, 1900.0], [80345.0, 2450.0], [80347.5, 6810.0], [80350.0, 1900.0], [80352.5, 12190.0], [80355.0, 41900.0], [80357.5, 4200.0], [80367.5, 2010.0], [80370.0, 6690.0], [80372.5, 7420.0], [80375.0, 24720.0], [80400.0, 1270.0], [80402.5, 4240.0], [80410.0, 15460.0], [80412.5, 4240.0], [80415.0, 49650.0]]}}}
{"jsonrpc": "2.0", "method": "subscription", "params": {"channel": "book.BTC-14MAR25.none.20.100ms", "data": {"timestamp": 1741675591473, "change_id": 92186644914, "instrument_name": "BTC-14MAR25", "bids": [[80202.5, 1300.0], [80197.5, 1300.0], [80195.0, 800.0], [80192.5, 1300.0], [80190.0, 26950.0], [80187.5, 51300.0], [80185.0, 33990.0], [80180.0, 7310.0], [80177.5, 28950.0], [80175.0, 120.0], [80170.0, 1450.0], [80167.5, 4700.0], [80165.0, 780.0], [80162.5, 580.0], [80160.0, 5390.0], [80157.5, 4750.0], [80155.0, 7560.0], [80152.5, 10000.0], [80147.5, 1410.0], [80145.0, 4690.0]], "asks": [[80205.0, 10.0], [80207.5, 10000.0], [80210.0, 120.0], [80215.0, 2390.0], [80217.5, 8470.0], [80227.5, 1300.0], [80230.0, 1410.0], [80232.5, 4700.0], [80242.5, 1410.0], [80245.0, 4700.0], [80247.5, 780.0], [80250.0, 2600.0], [80252.5, 1410.0], [80255.0, 20930.0], [80257.5, 30120.0], [80260.0, 24010.0], [80262.5, 1410.0], [80265.0, 4690.0], [80272.5, 1410.0], [80275.0, 4690.0]]}}}
{"jsonrpc": "2.0", "method": "subscription", "params": {"channel": "book.BTC-21MAR25.none.20.100ms", "data": {"timestamp": 1741675591171, "change_id": 92186644417, "instrument_name": "BTC-21MAR25", "bids": [[80322.5, 20.0], [80315.0, 1070.0], [80312.5, 1900.0], [80310.0, 3920.0], [80307.5, 6850.0], [80300.0, 1310.0], [80297.5, 4240.0], [80290.0, 78300.0], [80287.5, 14240.0], [80282.5, 750.0], [80280.0, 3750.0], [80277.5, 4200.0], [80267.5, 1270.0], [80265.0, 4230.0], [80260.0, 3490.0], [80257.5, 7360.0], [80255.0, 4200.0], [80247.5, 1260.0], [80245.0, 4200.0], [80227.5, 1260.0]], "asks": [[80332.5, 5470.0], [80335.0, 16720.0], [80337.5, 1900.0], [80340.0, 570.0], [80342.5, 1900.0], [80345.0, 2450.0], [80347.5, 6810.0], [80350.0, 1900.0], [80352.5, 12190.0], [80355.0, 41900.0], [80357.5, 4200.0], [80367.5, 2010.0], [80370.0, 6690.0], [80372.5, 7420.0], [80375.0, 24720.0], [80400.0, 1270.0], [80402.5, 4240.0], [80410.0, 15460.0], [80412.5, 4240.0], [80415.0, 49650.0]]}}}
{"jsonrpc": "2.0", "method": "subscription", "params": {"channel": "book.BTC-14MAR25.none.20.100ms", "data": {"timestamp": 1741675591801, "change_id": 92186645437, "instrument_name": "BTC-14MAR25", "bids": [[80202.5, 1310.0], [80197.5, 1300.0], [80195.0, 800.0], [80192.5, 1300.0], [80190.0, 26950.0], [80187.5, 51300.0], [80185.0, 33990.0], [80180.0, 7310.0], [80177.5, 28950.0], [80175.0, 120.0], [80170.0, 1450.0], [80167.5, 4700.0], [80165.0, 780.0], [80162.5, 580.0], [80160.0, 5390.0], [80157.5, 4750.0], [80155.0, 7560.0], [80152.5, 10000.0], [80147.5, 1410.0], [80145.0, 4690.0]], "asks": [[80205.0, 10.0], [80207.5, 10000.0], [80210.0, 120.0], [80215.0, 2390.0], [80217.5, 7170.0], [80227.5, 1300.0], [80230.0, 1410.0], [80232.5, 4700.0], [80242.5, 1410.0], [80245.0, 4700.0], [80247.5, 780.0], [80250.0, 2600.0], [80252.5, 1410.0], [80255.0, 20930.0], [80257.5, 30120.0], [80260.0, 24010.0], [80262.5, 1410.0], [80265.0, 4690.0], [80272.5, 1410.0], [80275.0, 5270.0]]}}}
{"jsonrpc": "2.0", "method": "subscription", "params": {"channel": "book.BTC-21MAR25.none.20.100ms", "data": {"timestamp": 1741675591778, "change_id": 92186645375, "instrument_name": "BTC-21MAR25", "bids": [[80325.0, 5530.0], [80322.5, 4270.0], [80315.0, 1070.0], [80312.5, 1900.0], [80310.0, 3920.0], [80307.5, 6850.0], [80300.0, 1310.0], [80297.5, 4240.0], [80290.0, 78300.0], [80287.5, 14240.0], [80282.5, 750.0], [80280.0, 3750.0], [80277.5, 4200.0], [80267.5, 1270.0], [80265.0, 4230.0], [80260.0, 3490.0], [80257.5, 7360.0], [80255.0, 4200.0], [80247.5, 1260.0], [80245.0, 4200.0]], "asks": [[80332.5, 1900.0], [80335.0, 12470.0], [80337.5, 1900.0], [80340.0, 570.0], [80342.5, 1900.0], [80345.0, 2450.0], [80347.5, 6810.0], [80350.0, 1900.0], [80352.5, 12190.0], [80355.0, 41900.0], [80357.5, 4200.0], [80367.5, 2010.0], [80370.0, 6690.0], [80372.5, 7420.0], [80375.0, 24720.0], [80400.0, 1270.0], [80402.5, 4240.0], [80410.0, 15460.0], [80412.5, 4240.0], [80415.0, 49650.0]]}}}
{"jsonrpc": "2.0", "method": "subscription", "params": {"channel": "book.BTC-14MAR25.none.20.100ms", "data": {"timestamp": 1741675591979, "change_id": 92186645799, "instrument_name": "BTC-14MAR25", "bids": [[80202.5, 1310.0], [80197.5, 1300.0], [80195.0, 2810.0], [80192.5, 8610.0], [80190.0, 26950.0], [80187.5, 51300.0], [80185.0, 31390.0], [80180.0, 7310.0], [80177.5, 28950.0], [80175.0, 120.0], [80170.0, 1450.0], [80167.5, 4700.0], [80165.0, 780.0], [80162.5, 580.0], [80160.0, 5390.0], [80157.5, 4750.0], [80155.0, 7560.0], [80152.5, 10000.0], [80147.5, 1410.0], [80145.0, 4690.0]], "asks": [[80205.0, 10.0], [80207.5, 10000.0], [80210.0, 120.0], [80215.0, 780.0], [80217.5, 2600.0], [80227.5, 1300.0], [80230.0, 1410.0], [80232.5, 4700.0], [80242.5, 1410.0], [80245.0, 4700.0], [80247.5, 780.0], [80250.0, 2600.0], [80252.5, 1410.0], [80255.0, 20930.0], [80257.5, 30120.0], [80260.0, 24010.0], [80262.5, 1410.0], [80265.0, 4690.0], [80272.5, 1410.0], [80275.0, 5270.0]]}}}
{"jsonrpc": "2.0", "method": "subscription", "params": {"channel": "book.BTC-21MAR25.none.20.100ms", "data": {"timestamp": 1741675592126, "change_id": 92186646028, "instrument_name": "BTC-21MAR25", "bids": [[80327.5, 1280.0], [80325.0, 5530.0], [80322.5, 4270.0], [80320.0, 1280.0], [80317.5, 4250.0], [80315.0, 1070.0], [80312.5, 1900.0], [80310.0, 3920.0], [80307.5, 6850.0], [80300.0, 1310.0], [80297.5, 4240.0], [80290.0, 78300.0], [80287.5, 14240.0], [80282.5, 750.0], [80280.0, 3750.0], [80277.5, 4200.0], [80267.5, 1270.0], [80265.0, 4230.0], [80260.0, 3490.0], [80257.5, 7360.0]], "asks": [[80332.5, 1900.0], [80335.0, 10000.0], [80337.5, 1900.0], [80340.0, 1070.0], [80342.5, 1900.0], [80345.0, 4350.0], [80347.5, 6810.0], [80350.0, 1900.0], [80352.5, 12190.0], [80355.0, 41900.0], [80357.5, 4200.0], [80367.5, 2010.0], [80370.0, 6690.0], [80372.5, 7420.0], [80375.0, 24720.0], [80400.0, 1270.0], [80402.5, 4240.0], [80410.0, 15460.0], [80412.5, 4240.0], [80415.0, 49650.0]]}}}
{"jsonrpc": "2.0", "method": "subscription", "params": {"channel": "book.BTC-14MAR25.none.20.100ms", "data": {"timestamp": 1741675592303, "change_id": 92186646179, "instrument_name": "BTC-14MAR25", "bids": [[80205.0, 10.0], [80202.5, 1300.0], [80197.5, 1300.0], [80195.0, 1580.0], [80192.5, 3900.0], [80190.0, 26950.0], [80187.5, 51300.0], [80185.0, 31390.0], [80180.0, 7310.0], [80177.5, 28950.0], [80175.0, 120.0], [80170.0, 1450.0], [80167.5, 4700.0], [80165.0, 780.0], [80162.5, 580.0], [80160.0, 5390.0], [80157.5, 4750.0], [80155.0, 7560.0], [80152.5, 10000.0], [80147.5, 1410.0]], "asks": [[80207.5, 10010.0], [80215.0, 780.0], [80217.5, 2600.0], [80222.5, 120.0], [80227.5, 1300.0], [80230.0, 1410.0], [80232.5, 4700.0], [80242.5, 1410.0], [80245.0, 4700.0], [80247.5, 780.0], [80250.0, 2600.0], [80252.5, 1410.0], [80255.0, 20930.0], [80257.5, 30120.0], [80260.0, 24010.0], [80262.5, 1410.0], [80265.0, 4690.0], [80272.5, 1410.0], [80275.0, 5270.0], [80280.0, 11520.0]]}}}
{"jsonrpc": "2.0", "method": "subscription", "params": {"channel": "book.BTC-21MAR25.none.20.100ms", "data": {"timestamp": 1741675592445, "change_id": 92186646569, "instrument_name": "BTC-21MAR25", "bids": [[80327.5, 5530.0], [80325.0, 4250.0], [80322.5, 20.0], [80320.0, 1280.0], [80317.5, 4250.0], [80315.0, 1070.0], [80312.5, 1900.0], [80310.0, 3920.0], [80307.5, 6850.0], [80300.0, 1310.0], [80297.5, 4240.0], [80290.0, 78300.0], [80287.5, 14240.0], [80282.5, 750.0], [80280.0, 3750.0], [80277.5, 4200.0], [80267.5, 1270.0], [80265.0, 4230.0], [80260.0, 3490.0], [80257.5, 7360.0]], "asks": [[80335.0, 10000.0], [80337.5, 1900.0], [80340.0, 1070.0], [80342.5, 1900.0], [80345.0, 4350.0], [80347.5, 6810.0], [80350.0, 1900.0], [80352.5, 12190.0], [80355.0, 41900.0], [80357.5, 4200.0], [80367.5, 2010.0], [80370.0, 6690.0], [80372.5, 7420.0], [80375.0, 24720.0], [80400.0, 1270.0], [80402.5, 4240.0], [80410.0, 15460.0], [80412.5, 4240.0], [80415.0, 49650.0], [80420.0, 1880.0]]}}}
{"jsonrpc": "2.0", "method": "subscription", "params": {"channel": "book.BTC-14MAR25.none.20.100ms", "data": {"timestamp": 1741675592794, "change_id": 92186647045, "instrument_name": "BTC-14MAR25", "bids": [[80200.0, 1300.0], [80197.5, 1300.0], [80195.0, 1580.0], [80192.5, 3900.0], [80190.0, 26950.0], [80187.5, 51300.0], [80185.0, 31390.0], [80180.0, 7310.0], [80177.5, 28950.0], [80175.0, 120.0], [80170.0, 1450.0], [80167.5, 4700.0], [80165.0, 780.0], [80162.5, 580.0], [80160.0, 5390.0], [80157.5, 4750.0], [80155.0, 7560.0], [80152.5, 10000.0], [80147.5, 1410.0], [80145.0, 4690.0]], "asks": [[80202.5, 10.0], [80205.0, 3000.0], [80207.5, 10000.0], [80215.0, 2100.0], [80217.5, 7310.0], [80222.5, 120.0], [80227.5, 1300.0], [80230.0, 1410.0], [80232.5, 4700.0], [80242.5, 1410.0], [80245.0, 4700.0], [80247.5, 780.0], [80250.0, 2600.0], [80252.5, 1410.0], [80255.0, 20930.0], [80257.5, 30120.0], [80260.0, 24010.0], [80262.5, 1410.0], [80265.0, 4690.0], [80272.5, 1410.0]]}}}
{"jsonrpc": "2.0", "method": "subscription", "params": {"channel": "book.BTC-21MAR25.none.20.100ms", "data": {"timestamp": 1741675592538, "change_id": 92186646728, "instrument_name": "BTC-21MAR25", "bids": [[80325.0, 1280.0], [80322.5, 4270.0], [80320.0, 1280.0], [80317.5, 4250.0], [80315.0, 1070.0], [80312.5, 1900.0], [80310.0, 3920.0], [80307.5, 6850.0], [80300.0, 1310.0], [80297.5, 4240.0], [80290.0, 78300.0], [80287.5, 14240.0], [80282.5, 750.0], [80280.0, 3750.0], [80277.5, 4200.0], [80267.5, 1270.0], [80265.0, 4230.0], [80260.0, 3490.0], [80257.5, 7360.0], [80255.0, 4200.0]], "asks": [[80335.0, 10570.0], [80337.5, 1900.0], [80340.0, 1070.0], [80342.5, 1900.0], [80345.0, 4350.0], [80347.5, 6810.0], [80350.0, 1900.0], [80352.5, 12190.0], [80355.0, 41900.0], [80357.5, 4200.0], [80367.5, 2010.0], [80370.0, 6690.0], [80372.5, 7420.0], [80375.0, 24720.0], [80400.0, 1270.0], [80402.5, 4240.0], [80410.0, 15460.0], [80412.5, 4240.0], [80415.0, 49650.0], [80420.0, 1880.0]]}}}
{"jsonrpc": "2.0", "method": "subscription", "params": {"channel": "book.BTC-14MAR25.none.20.100ms", "data": {"timestamp": 1741675593042, "change_id": 92186647442, "instrument_name": "BTC-14MAR25", "bids": [[80200.0, 1310.0], [80197.5, 1300.0], [80195.0, 1580.0], [80192.5, 3900.0], [80190.0, 26950.0], [80187.5, 51300.0], [80185.0, 31390.0], [80180.0, 7310.0], [80177.5, 28950.0], [80175.0, 120.0], [80170.0, 1450.0], [80167.5, 4700.0], [80165.0, 780.0], [80162.5, 580.0], [80160.0, 5390.0], [80157.5, 4750.0], [80155.0, 7560.0], [80152.5, 10000.0], [80147.5, 1410.0], [80145.0, 4690.0]], "asks": [[80202.5, 10.0], [80205.0, 3000.0], [80207.5, 10000.0], [80215.0, 2100.0], [80217.5, 7310.0], [80222.5, 120.0], [80227.5, 1300.0], [80230.0, 1410.0], [80232.5, 4700.0], [80242.5, 1410.0], [80245.0, 4700.0], [80247.5, 780.0], [80250.0, 2600.0], [80252.5, 1410.0], [80255.0, 20930.0], [80257.5, 30120.0], [80260.0, 24010.0], [80262.5, 1410.0], [80265.0, 4690.0], [80272.5, 1410.0]]}}}
{"jsonrpc": "2.0", "method": "subscription", "params": {"channel": "book.BTC-21MAR25.none.20.100ms", "data": {"timestamp": 1741675592911, "change_id": 92186647356, "instrument_name": "BTC-21MAR25", "bids": [[80325.0, 1280.0], [80322.5, 4270.0], [80320.0, 1280.0], [80317.5, 4250.0], [80315.0, 1070.0], [80312.5, 1900.0], [80310.0, 3920.0], [80307.5, 6850.0], [80300.0, 1310.0], [80297.5, 4240.0], [80292.5, 22210.0], [80290.0, 78300.0], [80287.5, 14240.0], [80282.5, 750.0], [80280.0, 3750.0], [80277.5, 4200.0], [80267.5, 1270.0], [80265.0, 4230.0], [80260.0, 8640.0], [80255.0, 4200.0]], "asks": [[80332.5, 1900.0], [80335.0, 12470.0], [80337.5, 1900.0], [80340.0, 1070.0], [80342.5, 1900.0], [80345.0, 4350.0], [80347.5, 6810.0], [80350.0, 1900.0], [80352.5, 12190.0], [80355.0, 41900.0], [80357.5, 4200.0], [80367.5, 2010.0], [80370.0, 6690.0], [80372.5, 7420.0], [80375.0, 24720.0], [80400.0, 1270.0], [80402.5, 4240.0], [80410.0, 15460.0], [80412.5, 4240.0], [80415.0, 49650.0]]}}}
{"jsonrpc": "2.0", "method": "subscription", "params": {"channel": "book.BTC-14MAR25.none.20.100ms", "data": {"timestamp": 1741675593310, "change_id": 92186647751, "instrument_name": "BTC-14MAR25", "bids": [[80200.0, 1300.0], [80197.5, 1300.0], [80195.0, 1580.0], [80192.5, 3900.0], [80190.0, 26950.0], [80187.5, 51300.0], [80185.0, 31390.0], [80180.0, 7310.0], [80177.5, 28950.0], [80175.0, 120.0], [80170.0, 1450.0], [80167.5, 4700.0], [80165.0, 780.0], [80162.5, 580.0], [80160.0, 5390.0], [80157.5, 4750.0], [80155.0, 7560.0], [80152.5, 10000.0], [80147.5, 1410.0], [80145.0, 4690.0]], "asks": [[80202.5, 1310.0], [80205.0, 3000.0], [80207.5, 10000.0], [80212.5, 1410.0], [80215.0, 5490.0], [80217.5, 2600.0], [80222.5, 120.0], [80227.5, 1300.0], [80230.0, 1410.0], [80232.5, 4700.0], [80242.5, 1410.0], [80245.0, 4700.0], [80247.5, 780.0], [80250.0, 2600.0], [80252.5, 1410.0], [80255.0, 20930.0], [80257.5, 30120.0], [80260.0, 24010.0], [80262.5, 1410.0], [80265.0, 4690.0]]}}}
{"jsonrpc": "2.0", "method": "subscription", "params": {"channel": "book.BTC-21MAR25.none.20.100ms", "data": {"timestamp": 1741675593383, "change_id": 92186648060, "instrument_name": "BTC-21MAR25", "bids": [[80322.5, 20.0], [80315.0, 1070.0], [80312.5, 1900.0], [80310.0, 3920.0], [80307.5, 6850.0], [80300.0, 1310.0], [80297.5, 4240.0], [80290.0, 78300.0], [80287.5, 14240.0], [80282.5, 750.0], [80280.0, 3750.0], [80277.5, 4200.0], [80267.5, 1270.0], [80265.0, 4230.0], [80260.0, 8640.0], [80255.0, 4200.0], [80247.5, 1260.0], [80245.0, 4200.0], [80227.5, 1260.0], [80225.0, 4200.0]], "asks": [[80330.0, 7320.0], [80332.5, 1900.0], [80335.0, 12470.0], [80337.5, 1900.0], [80340.0, 1070.0], [80342.5, 1900.0], [80345.0, 4350.0], [80347.5, 6810.0], [80350.0, 1900.0], [80352.5, 12190.0], [80355.0, 41900.0], [80357.5, 4200.0], [80367.5, 2010.0], [80370.0, 6690.0], [80372.5, 7420.0], [80375.0, 24720.0], [80400.0, 1270.0], [80402.5, 4240.0], [80410.0, 15460.0], [80412.5, 4240.0]]}}}
{"jsonrpc": "2.0", "method": "subscription", "params": {"channel": "book.BTC-14MAR25.none.20.100ms", "data": {"timestamp": 1741675593795, "change_id": 92186648781, "instrument_name": "BTC-14MAR25", "bids": [[80197.5, 1300.0], [80195.0, 1580.0], [80192.5, 3900.0], [80190.0, 26950.0], [80187.5, 51300.0], [80185.0, 31390.0], [80180.0, 7310.0], [80177.5, 28950.0], [80175.0, 120.0], [80170.0, 1450.0], [80167.5, 4700.0], [80165.0, 780.0], [80162.5, 580.0], [80160.0, 5390.0], [80157.5, 4750.0], [80155.0, 7560.0], [80152.5, 10000.0], [80147.5, 1410.0], [80145.0, 4690.0], [80140.0, 1080.0]], "asks": [[80200.0, 10.0], [80202.5, 1300.0], [80205.0, 4300.0], [80207.5, 10000.0], [80212.5, 1410.0], [80215.0, 5490.0], [80217.5, 2600.0], [80222.5, 120.0], [80227.5, 1300.0], [80230.0, 1410.0], [80232.5, 4700.0], [80242.5, 1410.0], [80245.0, 4700.0], [80247.5, 780.0], [80250.0, 2600.0], [80252.5, 1410.0], [80255.0, 20930.0], [80257.5, 30120.0], [80260.0, 24010.0], [80262.5, 1410.0]]}}}
{"jsonrpc": "2.0", "method": "subscription", "params": {"channel": "book.BTC-21MAR25.none.20.100ms", "data": {"timestamp": 1741675593524, "change_id": 92186648369, "instrument_name": "BTC-21MAR25", "bids": [[80322.5, 20.0], [80315.0, 1070.0], [80312.5, 1900.0], [80310.0, 3920.0], [80307.5, 6850.0], [80300.0, 1310.0], [80297.5, 4240.0], [80290.0, 78300.0], [80287.5, 14240.0], [80282.5, 750.0], [80280.0, 3750.0], [80277.5, 4200.0], [80267.5, 1270.0], [80265.0, 4230.0], [80260.0, 8640.0], [80255.0, 4200.0], [80247.5, 1260.0], [80245.0, 4200.0], [80227.5, 1260.0], [80225.0, 4200.0]], "asks": [[80330.0, 1900.0], [80332.5, 1900.0], [80335.0, 12470.0], [80337.5, 1900.0], [80340.0, 1070.0], [80342.5, 1900.0], [80345.0, 4350.0], [80347.5, 6810.0], [80350.0, 1900.0], [80352.5, 12190.0], [80355.0, 41900.0], [80357.5, 4200.0], [80367.5, 2010.0], [80370.0, 6690.0], [80372.5, 7420.0], [80375.0, 24720.0], [80400.0, 1270.0], [80402.5, 4240.0], [80410.0, 15460.0], [80412.5, 4240.0]]}}}
{"jsonrpc": "2.0", "method": "subscription", "params": {"channel": "book.BTC-21MAR25.none.20.100ms", "data": {"timestamp": 1741675593813, "change_id": 92186648797, "instrument_name": "BTC-21MAR25", "bids": [[80322.5, 20.0], [80315.0, 1070.0], [80312.5, 1900.0], [80310.0, 3920.0], [80307.5, 6850.0], [80300.0, 1310.0], [80297.5, 4240.0], [80290.0, 78300.0], [80287.5, 14240.0], [80282.5, 750.0], [80280.0, 3750.0], [80277.5, 4200.0], [80267.5, 1270.0], [80265.0, 4230.0], [80260.0, 8640.0], [80255.0, 4200.0], [80247.5, 1260.0], [80245.0, 4200.0], [80227.5, 1260.0], [80225.0, 4200.0]], "asks": [[80330.0, 5470.0], [80332.5, 1900.0], [80335.0, 10570.0], [80337.5, 1900.0], [80340.0, 1070.0], [80342.5, 1900.0], [80345.0, 4350.0], [80347.5, 6810.0], [80350.0, 1900.0], [80352.5, 12190.0], [80355.0, 41900.0], [80357.5, 4200.0], [80367.5, 2010.0], [80370.0, 6690.0], [80372.5, 7420.0], [80375.0, 24720.0], [80400.0, 1270.0], [80402.5, 4240.0], [80410.0, 15460.0], [80412.5, 4240.0]]}}}
{"jsonrpc": "2.0", "method": "subscription", "params": {"channel": "book.BTC-14MAR25.none.20.100ms", "data": {"timestamp": 1741675594449, "change_id": 92186649948, "instrument_name": "BTC-14MAR25", "bids": [[80195.0, 20.0], [80190.0, 1300.0], [80187.5, 4590.0], [80185.0, 33990.0], [80182.5, 15000.0], [80180.0, 51410.0], [80177.5, 4570.0], [80170.0, 1450.0], [80167.5, 4700.0], [80165.0, 780.0], [80162.5, 120.0], [80160.0, 5390.0], [80157.5, 4750.0], [80155.0, 7560.0], [80152.5, 10000.0], [80147.5, 1410.0], [80145.0, 4690.0], [80140.0, 1080.0], [80137.5, 3600.0], [80135.0, 1360.0]], "asks": [[80197.5, 1310.0], [80205.0, 4300.0], [80207.5, 10000.0], [80212.5, 1410.0], [80215.0, 5490.0], [80217.5, 2600.0], [80222.5, 120.0], [80227.5, 1300.0], [80230.0, 1410.0], [80232.5, 4700.0], [80242.5, 1410.0], [80245.0, 4700.0], [80247.5, 780.0], [80250.0, 2600.0], [80252.5, 1410.0], [80255.0, 20930.0], [80257.5, 30120.0], [80260.0, 24010.0], [80262.5, 1410.0], [80265.0, 4690.0]]}}}
{"jsonrpc": "2.0", "method": "subscription", "params": {"channel": "book.BTC-21MAR25.none.20.100ms", "data": {"timestamp": 1741675594460, "change_id": 92186649888, "instrument_name": "BTC-21MAR25", "bids": [[80322.5, 20.0], [80312.5, 1900.0], [80310.0, 3920.0], [80307.5, 6730.0], [80300.0, 1310.0], [80297.5, 4240.0], [80295.0, 120.0], [80292.5, 15000.0], [80290.0, 54270.0], [80287.5, 14240.0], [80282.5, 24960.0], [80280.0, 3750.0], [80277.5, 4200.0], [80267.5, 1270.0], [80265.0, 4230.0], [80262.5, 2210.0], [80260.0, 8640.0], [80255.0, 4200.0], [80247.5, 1260.0], [80245.0, 4200.0]], "asks": [[80327.5, 7320.0], [80330.0, 1900.0], [80332.5, 1900.0], [80335.0, 11770.0], [80337.5, 6140.0], [80340.0, 3560.0], [80342.5, 1900.0], [80345.0, 4350.0], [80347.5, 4320.0], [80350.0, 1900.0], [80352.5, 12190.0], [80355.0, 41900.0], [80357.5, 4200.0], [80367.5, 2010.0], [80370.0, 6690.0], [80372.5, 7420.0], [80375.0, 24720.0], [80400.0, 1270.0], [80402.5, 4240.0], [80410.0, 15460.0]]}}}
{"jsonrpc": "2.0", "method": "subscription", "params": {"channel": "book.BTC-14MAR25.none.20.100ms", "data": {"timestamp": 1741675594784, "change_id": 92186650616, "instrument_name": "BTC-14MAR25", "bids": [[80195.0, 1330.0], [80190.0, 1300.0], [80187.5, 8510.0], [80185.0, 33990.0], [80182.5, 15000.0], [80180.0, 51410.0], [80177.5, 4570.0], [80172.5, 7240.0], [80170.0, 25570.0], [80167.5, 4700.0], [80165.0, 1360.0], [80162.5, 120.0], [80160.0, 5390.0], [80157.5, 4750.0], [80155.0, 7560.0], [80152.5, 10000.0], [80147.5, 1410.0], [80145.0, 4690.0], [80140.0, 1080.0], [80137.5, 3600.0]], "asks": [[80197.5, 10000.0], [80212.5, 2830.0], [80215.0, 5490.0], [80217.5, 2600.0], [80227.5, 1300.0], [80230.0, 1410.0], [80232.5, 4700.0], [80242.5, 1410.0], [80245.0, 4700.0], [80247.5, 780.0], [80250.0, 2600.0], [80252.5, 1410.0], [80255.0, 20930.0], [80257.5, 30120.0], [80260.0, 24010.0], [80262.5, 1410.0], [80265.0, 4690.0], [80267.5, 600.0], [80270.0, 2000.0], [80272.5, 1410.0]]}}}
{"jsonrpc": "2.0", "method": "subscription", "params": {"channel": "book.BTC-21MAR25.none.20.100ms", "data": {"timestamp": 1741675594801, "change_id": 92186650624, "instrument_name": "BTC-21MAR25", "bids": [[80322.5, 4270.0], [80315.0, 1140.0], [80312.5, 1900.0], [80310.0, 3920.0], [80307.5, 6730.0], [80300.0, 1310.0], [80297.5, 4240.0], [80295.0, 120.0], [80292.5, 15000.0], [80290.0, 54270.0], [80287.5, 14240.0], [80282.5, 24960.0], [80280.0, 3750.0], [80277.5, 4200.0], [80267.5, 1270.0], [80265.0, 4230.0], [80262.5, 2210.0], [80260.0, 8640.0], [80255.0, 4200.0], [80247.5, 1260.0]], "asks": [[80327.5, 1900.0], [80332.5, 4900.0], [80335.0, 11250.0], [80337.5, 1900.0], [80340.0, 3560.0], [80342.5, 1900.0], [80345.0, 4350.0], [80347.5, 4320.0], [80350.0, 1900.0], [80352.5, 12190.0], [80355.0, 41900.0], [80357.5, 4200.0], [80367.5, 2010.0], [80370.0, 6690.0], [80372.5, 7420.0], [80375.0, 24720.0], [80400.0, 1270.0], [80402.5, 4240.0], [80410.0, 15460.0], [80412.5, 4240.0]]}}}
{"jsonrpc": "2.0", "method": "subscription", "params": {"channel": "book.BTC-14MAR25.none.20.100ms", "data": {"timestamp": 1741675594876, "change_id": 92186650816, "instrument_name": "BTC-14MAR25", "bids": [[80195.0, 1330.0], [80190.0, 1300.0], [80187.5, 8510.0], [80185.0, 33990.0], [80182.5, 15000.0], [80180.0, 51410.0], [80177.5, 4570.0], [80172.5, 7360.0], [80170.0, 25570.0], [80167.5, 4700.0], [80165.0, 1360.0], [80160.0, 5390.0], [80157.5, 4750.0], [80155.0, 7560.0], [80152.5, 10000.0], [80147.5, 1410.0], [80145.0, 4690.0], [80140.0, 1080.0], [80137.5, 3600.0], [80135.0, 1360.0]], "asks": [[80197.5, 10000.0], [80212.5, 2830.0], [80215.0, 5490.0], [80217.5, 2600.0], [80227.5, 1300.0], [80230.0, 1410.0], [80232.5, 4700.0], [80242.5, 1410.0], [80245.0, 4700.0], [80247.5, 780.0], [80250.0, 2600.0], [80252.5, 1410.0], [80255.0, 20930.0], [80257.5, 30120.0], [80260.0, 24010.0], [80262.5, 1410.0], [80265.0, 4690.0], [80267.5, 600.0], [80270.0, 2000.0], [80272.5, 1410.0]]}}}
{"jsonrpc": "2.0", "method": "subscription", "params": {"channel": "book.BTC-21MAR25.none.20.100ms", "data": {"timestamp": 1741675595026, "change_id": 92186651030, "instrument_name": "BTC-21MAR25", "bids": [[80322.5, 4270.0], [80315.0, 1140.0], [80312.5, 1900.0], [80310.0, 3920.0], [80307.5, 6730.0], [80305.0, 120.0], [80300.0, 1310.0], [80297.5, 4240.0], [80292.5, 15000.0], [80290.0, 54270.0], [80287.5, 14240.0], [80282.5, 24960.0], [80280.0, 3750.0], [80277.5, 4200.0], [80267.5, 1270.0], [80265.0, 4230.0], [80262.5, 2210.0], [80260.0, 8640.0], [80255.0, 4200.0], [80247.5, 1260.0]], "asks": [[80332.5, 4900.0], [80335.0, 11250.0], [80337.5, 1900.0], [80340.0, 3560.0], [80342.5, 1900.0], [80345.0, 4350.0], [80347.5, 4320.0], [80350.0, 1900.0], [80352.5, 12190.0], [80355.0, 41900.0], [80357.5, 4200.0], [80367.5, 2010.0], [80370.0, 6690.0], [80372.5, 7420.0], [80375.0, 24720.0], [80400.0, 1270.0], [80402.5, 4240.0], [80410.0, 15460.0], [80412.5, 4240.0], [80415.0, 49650.0]]}}}
{"jsonrpc": "2.0", "method": "subscription", "params": {"channel": "book.BTC-14MAR25.none.20.100ms", "data": {"timestamp": 1741675595377, "change_id": 92186651782, "instrument_name": "BTC-14MAR25", "bids": [[80195.0, 1330.0], [80192.5, 2600.0], [80190.0, 38690.0], [80187.5, 101300.0], [80185.0, 31390.0], [80180.0, 1410.0], [80177.5, 4570.0], [80172.5, 7360.0], [80170.0, 25570.0], [80167.5, 4700.0], [80165.0, 1360.0], [80160.0, 5390.0], [80157.5, 4750.0], [80155.0, 7560.0], [80152.5, 10000.0], [80147.5, 1410.0], [80145.0, 4690.0], [80140.0, 1080.0], [80137.5, 3600.0], [80135.0, 1360.0]], "asks": [[80197.5, 10000.0], [80212.5, 2830.0], [80215.0, 5490.0], [80217.5, 2600.0], [80227.5, 1300.0], [80230.0, 1410.0], [80232.5, 4700.0], [80242.5, 1410.0], [80245.0, 4700.0], [80247.5, 780.0], [80250.0, 2600.0], [80252.5, 1410.0], [80255.0, 4690.0], [80257.5, 30120.0], [80260.0, 24290.0], [80262.5, 1410.0], [80265.0, 4690.0], [80267.5, 600.0], [80270.0, 2000.0], [80272.5, 1410.0]]}}}
{"jsonrpc": "2.0", "method": "subscription", "params": {"channel": "book.BTC-21MAR25.none.20.100ms", "data": {"timestamp": 1741675595351, "change_id": 92186651626, "instrument_name": "BTC-21MAR25", "bids": [[80325.0, 1280.0], [80322.5, 4270.0], [80320.0, 1270.0], [80317.5, 4240.0], [80315.0, 1140.0], [80312.5, 1900.0], [80310.0, 3920.0], [80307.5, 6730.0], [80305.0, 120.0], [80300.0, 1310.0], [80297.5, 4240.0], [80292.5, 15000.0], [80290.0, 54270.0], [80287.5, 14240.0], [80285.0, 8010.0], [80282.5, 24210.0], [80280.0, 3750.0], [80277.5, 4200.0], [80267.5, 1270.0], [80265.0, 4230.0]], "asks": [[80335.0, 10570.0], [80337.5, 1900.0], [80340.0, 1070.0], [80342.5, 1900.0], [80345.0, 4350.0], [80347.5, 6810.0], [80350.0, 1900.0], [80352.5, 12190.0], [80355.0, 41900.0], [80357.5, 4200.0], [80367.5, 2010.0], [80370.0, 13890.0], [80372.5, 23990.0], [80400.0, 1270.0], [80402.5, 4240.0], [80410.0, 15460.0], [80412.5, 4240.0], [80415.0, 49650.0], [80420.0, 1880.0], [80422.5, 4280.0]]}}}
{"jsonrpc": "2.0", "method": "subscription", "params": {"channel": "book.BTC-14MAR25.none.20.100ms", "data": {"timestamp": 1741675595773, "change_id": 92186652350, "instrument_name": "BTC-14MAR25", "bids": [[80195.0, 1330.0], [80192.5, 3900.0], [80190.0, 38690.0], [80187.5, 101300.0], [80185.0, 31390.0], [80180.0, 1410.0], [80177.5, 4570.0], [80172.5, 7360.0], [80170.0, 25570.0], [80167.5, 4700.0], [80165.0, 1360.0], [80160.0, 5390.0], [80157.5, 4750.0], [80155.0, 7560.0], [80152.5, 10000.0], [80147.5, 1410.0], [80145.0, 4690.0], [80140.0, 1080.0], [80137.5, 3600.0], [80135.0, 1360.0]], "asks": [[80197.5, 10000.0], [80210.0, 1300.0], [80212.5, 2830.0], [80215.0, 5490.0], [80217.5, 2600.0], [80227.5, 1300.0], [80230.0, 1410.0], [80232.5, 4700.0], [80242.5, 1410.0], [80245.0, 4700.0], [80247.5, 780.0], [80250.0, 2600.0], [80252.5, 1410.0], [80255.0, 4690.0], [80257.5, 30120.0], [80260.0, 24290.0], [80262.5, 1410.0], [80265.0, 4690.0], [80267.5, 600.0], [80270.0, 2000.0]]}}}
{"jsonrpc": "2.0", "method": "subscription", "params": {"channel": "book.BTC-21MAR25.none.20.100ms", "data": {"timestamp": 1741675595783, "change_id": 92186652358, "instrument_name": "BTC-21MAR25", "bids": [[80325.0, 1280.0], [80322.5, 4270.0], [80320.0, 1270.0], [80317.5, 4240.0], [80315.0, 1140.0], [80312.5, 1900.0], [80310.0, 3920.0], [80307.5, 6730.0], [80305.0, 120.0], [80300.0, 1310.0], [80297.5, 4240.0], [80292.5, 15000.0], [80290.0, 54270.0], [80287.5, 14240.0], [80285.0, 8010.0], [80282.5, 24210.0], [80280.0, 3750.0], [80277.5, 4200.0], [80267.5, 1270.0], [80265.0, 4230.0]], "asks": [[80335.0, 10570.0], [80337.5, 1900.0], [80340.0, 1070.0], [80342.5, 1900.0], [80345.0, 4350.0], [80347.5, 6810.0], [80350.0, 1900.0], [80352.5, 12190.0], [80355.0, 41900.0], [80357.5, 4200.0], [80367.5, 2010.0], [80370.0, 13890.0], [80372.5, 23990.0], [80400.0, 1270.0], [80402.5, 4240.0], [80410.0, 15460.0], [80412.5, 4240.0], [80415.0, 49650.0], [80420.0, 1880.0], [80422.5, 4280.0]]}}}
{"jsonrpc": "2.0", "method": "subscription", "params": {"channel": "book.BTC-14MAR25.none.20.100ms", "data": {"timestamp": 1741675596088, "change_id": 92186652850, "instrument_name": "BTC-14MAR25", "bids": [[80195.0, 5930.0], [80192.5, 3900.0], [80190.0, 38690.0], [80187.5, 101300.0], [80185.0, 31390.0], [80180.0, 1410.0], [80177.5, 4570.0], [80172.5, 7360.0], [80170.0, 25570.0], [80167.5, 4700.0], [80165.0, 1360.0], [80160.0, 5390.0], [80157.5, 4750.0], [80155.0, 7560.0], [80152.5, 10000.0], [80147.5, 1410.0], [80145.0, 4690.0], [80140.0, 1080.0], [80137.5, 3600.0], [80135.0, 1360.0]], "asks": [[80197.5, 10000.0], [80210.0, 1300.0], [80212.5, 2830.0], [80215.0, 5490.0], [80217.5, 2600.0], [80227.5, 1300.0], [80230.0, 1410.0], [80232.5, 4700.0], [80242.5, 1410.0], [80245.0, 4700.0], [80247.5, 780.0], [80250.0, 2600.0], [80252.5, 1410.0], [80255.0, 4690.0], [80257.5, 30120.0], [80260.0, 24290.0], [80262.5, 1410.0], [80265.0, 4690.0], [80267.5, 600.0], [80270.0, 2000.0]]}}}
{"jsonrpc": "2.0", "method": "subscription", "params": {"channel": "book.BTC-21MAR25.none.20.100ms", "data": {"timestamp": 1741675596090, "change_id": 92186652853, "instrument_name": "BTC-21MAR25", "bids": [[80327.5, 1280.0], [80325.0, 5530.0], [80322.5, 4270.0], [80320.0, 1270.0], [80317.5, 4240.0], [80315.0, 1140.0], [80312.5, 1900.0], [80310.0, 3920.0], [80307.5, 6730.0], [80305.0, 120.0], [80300.0, 1310.0], [80297.5, 4240.0], [80292.5, 15000.0], [80290.0, 54270.0], [80287.5, 14240.0], [80285.0, 8010.0], [80282.5, 24210.0], [80280.0, 3750.0], [80277.5, 4200.0], [80267.5, 1270.0]], "asks": [[80332.5, 1900.0], [80335.0, 12470.0], [80337.5, 1900.0], [80340.0, 1070.0], [80342.5, 1900.0], [80345.0, 4350.0], [80347.5, 6810.0], [80350.0, 1900.0], [80352.5, 12190.0], [80355.0, 41900.0], [80357.5, 4200.0], [80367.5, 2010.0], [80370.0, 13890.0], [80372.5, 23990.0], [80400.0, 1270.0], [80402.5, 4240.0], [80410.0, 15460.0], [80412.5, 4240.0], [80415.0, 49650.0], [80420.0, 1880.0]]}}}
{"jsonrpc": "2.0", "method": "subscription", "params": {"channel": "book.BTC-14MAR25.none.20.100ms", "data": {"timestamp": 1741675596271, "change_id": 92186653077, "instrument_name": "BTC-14MAR25", "bids": [[80195.0, 1330.0], [80192.5, 3900.0], [80190.0, 38690.0], [80187.5, 101300.0], [80185.0, 31390.0], [80180.0, 1410.0], [80177.5, 4570.0], [80172.5, 7360.0], [80170.0, 25570.0], [80167.5, 4700.0], [80165.0, 1360.0], [80160.0, 5390.0], [80157.5, 4750.0], [80155.0, 7560.0], [80152.5, 10000.0], [80147.5, 1410.0], [80145.0, 4690.0], [80140.0, 1080.0], [80137.5, 3600.0], [80135.0, 1360.0]], "asks": [[80197.5, 10000.0], [80210.0, 1300.0], [80212.5, 2830.0], [80215.0, 5490.0], [80217.5, 2600.0], [80227.5, 1300.0], [80230.0, 1410.0], [80232.5, 4700.0], [80242.5, 1410.0], [80245.0, 4700.0], [80247.5, 780.0], [80250.0, 2600.0], [80252.5, 1410.0], [80255.0, 4690.0], [80257.5, 30120.0], [80260.0, 24290.0], [80262.5, 1410.0], [80265.0, 4690.0], [80267.5, 600.0], [80270.0, 2000.0]]}}}
{"jsonrpc": "2.0", "method": "subscription", "params": {"channel": "book.BTC-21MAR25.none.20.100ms", "data": {"timestamp": 1741675596271, "change_id": 92186653076, "instrument_name": "BTC-21MAR25", "bids": [[80325.0, 1280.0], [80322.5, 4270.0], [80320.0, 1270.0], [80317.5, 4240.0], [80315.0, 1140.0], [80312.5, 1900.0], [80310.0, 3920.0], [80307.5, 6730.0], [80305.0, 120.0], [80300.0, 1310.0], [80297.5, 4240.0], [80292.5, 15000.0], [80290.0, 54270.0], [80287.5, 14240.0], [80285.0, 8010.0], [80282.5, 24210.0], [80280.0, 3750.0], [80277.5, 4200.0], [80267.5, 1270.0], [80265.0, 4230.0]], "asks": [[80335.0, 12470.0], [80337.5, 1900.0], [80340.0, 1070.0], [80342.5, 1900.0], [80345.0, 4350.0], [80347.5, 6810.0], [80350.0, 1900.0], [80352.5, 12190.0], [80355.0, 41900.0], [80357.5, 4200.0], [80367.5, 2010.0], [80370.0, 13890.0], [80372.5, 23990.0], [80400.0, 1270.0], [80402.5, 4240.0], [80410.0, 15460.0], [80412.5, 4240.0], [80415.0, 49650.0], [80420.0, 1880.0], [80422.5, 4280.0]]}}}
{"jsonrpc": "2.0", "method": "subscription", "params": {"channel": "book.BTC-14MAR25.none.20.100ms", "data": {"timestamp": 1741675596763, "change_id": 92186653835, "instrument_name": "BTC-14MAR25", "bids": [[80195.0, 1330.0], [80192.5, 3900.0], [80190.0, 38690.0], [80187.5, 101300.0], [80185.0, 31390.0], [80180.0, 1410.0], [80177.5, 4570.0], [80172.5, 7360.0], [80170.0, 25570.0], [80167.5, 4700.0], [80165.0, 1360.0], [80160.0, 5390.0], [80157.5, 4750.0], [80155.0, 7560.0], [80152.5, 10000.0], [80147.5, 1410.0], [80145.0, 4690.0], [80140.0, 1080.0], [80137.5, 3600.0], [80135.0, 1360.0]], "asks": [[80197.5, 10000.0], [80210.0, 1300.0], [80212.5, 2830.0], [80215.0, 6790.0], [80217.5, 2600.0], [80227.5, 1300.0], [80230.0, 1410.0], [80232.5, 4700.0], [80242.5, 1410.0], [80245.0, 4700.0], [80247.5, 780.0], [80250.0, 2600.0], [80252.5, 1410.0], [80255.0, 21010.0], [80257.5, 30120.0], [80260.0, 24290.0], [80262.5, 1410.0], [80265.0, 4690.0], [80267.5, 600.0], [80270.0, 2000.0]]}}}
{"jsonrpc": "2.0", "method": "subscription", "params": {"channel": "book.BTC-21MAR25.none.20.100ms", "data": {"timestamp": 1741675596718, "change_id": 92186653765, "instrument_name": "BTC-21MAR25", "bids": [[80322.5, 20.0], [80315.0, 1140.0], [80312.5, 1900.0], [80310.0, 3920.0], [80307.5, 6730.0], [80305.0, 120.0], [80300.0, 1310.0], [80297.5, 4240.0], [80292.5, 15000.0], [80290.0, 54270.0], [80287.5, 14240.0], [80285.0, 8010.0], [80282.5, 24210.0], [80280.0, 3750.0], [80277.5, 4200.0], [80267.5, 1270.0], [80265.0, 4230.0], [80262.5, 2210.0], [80260.0, 8640.0], [80255.0, 4200.0]], "asks": [[80335.0, 16720.0], [80337.5, 1900.0], [80340.0, 1070.0], [80342.5, 1900.0], [80345.0, 4350.0], [80347.5, 6810.0], [80350.0, 1900.0], [80352.5, 12190.0], [80355.0, 41900.0], [80357.5, 4200.0], [80367.5, 2010.0], [80370.0, 13890.0], [80372.5, 23990.0], [80400.0, 1270.0], [80402.5, 4240.0], [80410.0, 15460.0], [80412.5, 4240.0], [80415.0, 49650.0], [80420.0, 1880.0], [80422.5, 4280.0]]}}}
{"jsonrpc": "2.0", "method": "subscription", "params": {"channel": "book.BTC-14MAR25.none.20.100ms", "data": {"timestamp": 1741675597042, "change_id": 92186654311, "instrument_name": "BTC-14MAR25", "bids": [[80195.0, 1330.0], [80192.5, 3900.0], [80190.0, 38690.0], [80187.5, 101300.0], [80185.0, 31390.0], [80180.0, 1410.0], [80177.5, 4570.0], [80172.5, 7360.0], [80170.0, 25570.0], [80167.5, 4700.0], [80165.0, 1360.0], [80160.0, 5390.0], [80157.5, 4750.0], [80155.0, 7560.0], [80152.5, 10000.0], [80147.5, 1410.0], [80145.0, 4690.0], [80140.0, 1080.0], [80137.5, 3600.0], [80135.0, 1360.0]], "asks": [[80197.5, 10010.0], [80210.0, 1300.0], [80212.5, 2830.0], [80215.0, 6790.0], [80217.5, 2600.0], [80227.5, 1300.0], [80230.0, 1410.0], [80232.5, 4700.0], [80242.5, 1410.0], [80245.0, 4700.0], [80247.5, 780.0], [80250.0, 2600.0], [80252.5, 1410.0], [80255.0, 21010.0], [80257.5, 30120.0], [80260.0, 24290.0], [80262.5, 1410.0], [80265.0, 4690.0], [80267.5, 600.0], [80270.0, 2000.0]]}}}
{"jsonrpc": "2.0", "method": "subscription", "params": {"channel": "book.BTC-21MAR25.none.20.100ms", "data": {"timestamp": 1741675596980, "change_id": 92186654275, "instrument_name": "BTC-21MAR25", "bids": [[80322.5, 20.0], [80315.0, 1140.0], [80312.5, 1900.0], [80310.0, 3920.0], [80307.5, 6730.0], [80305.0, 120.0], [80300.0, 1310.0], [80297.5, 4240.0], [80292.5, 15000.0], [80290.0, 54270.0], [80287.5, 14240.0], [80285.0, 8010.0], [80282.5, 24210.0], [80280.0, 3750.0], [80277.5, 4200.0], [80267.5, 1270.0], [80265.0, 4230.0], [80262.5, 2210.0], [80260.0, 8640.0], [80255.0, 4200.0]], "asks": [[80332.5, 1900.0], [80335.0, 12470.0], [80337.5, 1900.0], [80340.0, 1070.0], [80342.5, 1900.0], [80345.0, 4350.0], [80347.5, 6810.0], [80350.0, 1900.0], [80352.5, 12190.0], [80355.0, 41900.0], [80357.5, 4200.0], [80367.5, 2010.0], [80370.0, 13890.0], [80372.5, 23990.0], [80400.0, 1270.0], [80402.5, 4240.0], [80410.0, 15460.0], [80412.5, 4240.0], [80415.0, 49650.0], [80420.0, 1880.0]]}}}
{"jsonrpc": "2.0", "method": "subscription", "params": {"channel": "book.BTC-14MAR25.none.20.100ms", "data": {"timestamp": 1741675597370, "change_id": 92186654850, "instrument_name": "BTC-14MAR25", "bids": [[80195.0, 5930.0], [80192.5, 3900.0], [80190.0, 38690.0], [80187.5, 101300.0], [80185.0, 31390.0], [80180.0, 1410.0], [80177.5, 4570.0], [80172.5, 7360.0], [80170.0, 25570.0], [80167.5, 4700.0], [80165.0, 1360.0], [80160.0, 5390.0], [80157.5, 4750.0], [80155.0, 7560.0], [80152.5, 10000.0], [80147.5, 1410.0], [80145.0, 4690.0], [80140.0, 1080.0], [80137.5, 3600.0], [80135.0, 1360.0]], "asks": [[80197.5, 10000.0], [80210.0, 1300.0], [80212.5, 2830.0], [80215.0, 6790.0], [80217.5, 2600.0], [80227.5, 1300.0], [80230.0, 1410.0], [80232.5, 4700.0], [80242.5, 1410.0], [80245.0, 4700.0], [80247.5, 780.0], [80250.0, 2600.0], [80252.5, 1410.0], [80255.0, 21010.0], [80257.5, 30120.0], [80260.0, 24290.0], [80262.5, 1410.0], [80265.0, 4690.0], [80267.5, 600.0], [80270.0, 2000.0]]}}}
{"jsonrpc": "2.0", "method": "subscription", "params": {"channel": "book.BTC-21MAR25.none.20.100ms", "data": {"timestamp": 1741675597347, "change_id": 92186654690, "instrument_name": "BTC-21MAR25", "bids": [[80327.5, 1850.0], [80325.0, 7430.0], [80322.5, 4270.0], [80320.0, 1270.0], [80317.5, 4240.0], [80315.0, 1140.0], [80312.5, 1900.0], [80310.0, 3920.0], [80307.5, 6730.0], [80305.0, 120.0], [80300.0, 1310.0], [80297.5, 4240.0], [80292.5, 15000.0], [80290.0, 54270.0], [80287.5, 14240.0], [80285.0, 8010.0], [80282.5, 24210.0], [80280.0, 3750.0], [80277.5, 4200.0], [80267.5, 1270.0]], "asks": [[80335.0, 12470.0], [80337.5, 1900.0], [80340.0, 1070.0], [80342.5, 1900.0], [80345.0, 4350.0], [80347.5, 6810.0], [80350.0, 1900.0], [80352.5, 12190.0], [80355.0, 41900.0], [80357.5, 4200.0], [80367.5, 2010.0], [80370.0, 13890.0], [80372.5, 23990.0], [80400.0, 1270.0], [80402.5, 4240.0], [80410.0, 15460.0], [80412.5, 4240.0], [80415.0, 49650.0], [80420.0, 1880.0], [80422.5, 4280.0]]}}}
{"jsonrpc": "2.0", "method": "subscription", "params": {"channel": "book.BTC-14MAR25.none.20.100ms", "data": {"timestamp": 1741675597753, "change_id": 92186655473, "instrument_name": "BTC-14MAR25", "bids": [[80207.5, 1310.0], [80205.0, 2080.0], [80202.5, 1300.0], [80200.0, 4460.0], [80197.5, 5900.0], [80195.0, 8700.0], [80192.5, 8610.0], [80190.0, 38690.0], [80187.5, 101300.0], [80185.0, 31390.0], [80180.0, 1410.0], [80177.5, 4570.0], [80172.5, 7360.0], [80170.0, 25570.0], [80167.5, 4700.0], [80165.0, 1360.0], [80160.0, 5390.0], [80157.5, 4750.0], [80155.0, 7560.0], [80152.5, 10000.0]], "asks": [[80210.0, 10000.0], [80212.5, 120.0], [80215.0, 780.0], [80217.5, 2600.0], [80225.0, 780.0], [80227.5, 1300.0], [80230.0, 2710.0], [80232.5, 4700.0], [80242.5, 1410.0], [80245.0, 4700.0], [80247.5, 780.0], [80250.0, 2600.0], [80252.5, 1410.0], [80255.0, 4690.0], [80257.5, 30120.0], [80262.5, 1410.0], [80265.0, 28710.0], [80267.5, 600.0], [80270.0, 2000.0], [80272.5, 1410.0]]}}}
{"jsonrpc": "2.0", "method": "subscription", "params": {"channel": "book.BTC-21MAR25.none.20.100ms", "data": {"timestamp": 1741675597759, "change_id": 92186655483, "instrument_name": "BTC-21MAR25", "bids": [[80330.0, 6150.0], [80322.5, 20.0], [80320.0, 1270.0], [80317.5, 4240.0], [80315.0, 1140.0], [80312.5, 1900.0], [80310.0, 3920.0], [80307.5, 6730.0], [80305.0, 120.0], [80300.0, 1310.0], [80297.5, 4240.0], [80292.5, 15000.0], [80290.0, 54270.0], [80287.5, 14240.0], [80285.0, 8010.0], [80282.5, 24210.0], [80280.0, 3750.0], [80277.5, 4200.0], [80267.5, 1270.0], [80265.0, 4230.0]], "asks": [[80340.0, 1070.0], [80342.5, 1900.0], [80345.0, 7210.0], [80347.5, 16810.0], [80350.0, 1900.0], [80352.5, 12190.0], [80355.0, 41900.0], [80357.5, 4200.0], [80367.5, 2010.0], [80370.0, 13930.0], [80372.5, 24140.0], [80400.0, 1270.0], [80402.5, 4240.0], [80410.0, 15460.0], [80412.5, 4240.0], [80415.0, 49650.0], [80420.0, 1880.0], [80422.5, 4280.0], [80425.0, 2000.0], [80430.0, 1260.0]]}}}
{"jsonrpc": "2.0", "method": "subscription", "params": {"channel": "book.BTC-14MAR25.none.20.100ms", "data": {"timestamp": 1741675597899, "change_id": 92186655980, "instrument_name": "BTC-14MAR25", "bids": [[80207.5, 1310.0], [80205.0, 2080.0], [80202.5, 1300.0], [80200.0, 4460.0], [80197.5, 5900.0], [80195.0, 8700.0], [80192.5, 8610.0], [80190.0, 38690.0], [80187.5, 101300.0], [80185.0, 31390.0], [80180.0, 1410.0], [80177.5, 4570.0], [80172.5, 7360.0], [80170.0, 25570.0], [80167.5, 4700.0], [80165.0, 1360.0], [80160.0, 5390.0], [80157.5, 4750.0], [80155.0, 7560.0], [80152.5, 10000.0]], "asks": [[80210.0, 10010.0], [80225.0, 1580.0], [80227.5, 3900.0], [80230.0, 2710.0], [80232.5, 4700.0], [80242.5, 1410.0], [80245.0, 4700.0], [80247.5, 780.0], [80250.0, 2600.0], [80252.5, 1410.0], [80255.0, 13730.0], [80257.5, 30120.0], [80262.5, 1410.0], [80265.0, 4690.0], [80267.5, 600.0], [80270.0, 2000.0], [80272.5, 1410.0], [80275.0, 4690.0], [80280.0, 35750.0], [80282.5, 38390.0]]}}}
{"jsonrpc": "2.0", "method": "subscription", "params": {"channel": "book.BTC-21MAR25.none.20.100ms", "data": {"timestamp": 1741675597899, "change_id": 92186655976, "instrument_name": "BTC-21MAR25", "bids": [[80332.5, 6150.0], [80322.5, 20.0], [80320.0, 1860.0], [80317.5, 6730.0], [80315.0, 1140.0], [80312.5, 1900.0], [80310.0, 3210.0], [80307.5, 4240.0], [80305.0, 120.0], [80297.5, 4240.0], [80292.5, 15000.0], [80290.0, 54270.0], [80287.5, 14240.0], [80285.0, 8010.0], [80282.5, 24210.0], [80280.0, 3750.0], [80277.5, 4200.0], [80267.5, 1270.0], [80265.0, 4230.0], [80260.0, 7380.0]], "asks": [[80342.5, 570.0], [80345.0, 7210.0], [80347.5, 12490.0], [80350.0, 1900.0], [80352.5, 12190.0], [80355.0, 41900.0], [80357.5, 4200.0], [80360.0, 120.0], [80367.5, 2010.0], [80370.0, 6690.0], [80380.0, 4240.0], [80392.5, 23780.0], [80400.0, 1270.0], [80402.5, 4240.0], [80410.0, 15460.0], [80412.5, 4240.0], [80415.0, 49650.0], [80420.0, 1880.0], [80422.5, 4280.0], [80425.0, 2000.0]]}}}
{"jsonrpc": "2.0", "method": "subscription", "params": {"channel": "book.BTC-14MAR25.none.20.100ms", "data": {"timestamp": 1741675598364, "change_id": 92186656946, "instrument_name": "BTC-14MAR25", "bids": [[80207.5, 1310.0], [80205.0, 2760.0], [80202.5, 1300.0], [80200.0, 6070.0], [80197.5, 5900.0], [80195.0, 4100.0], [80192.5, 6010.0], [80190.0, 38690.0], [80187.5, 101300.0], [80182.5, 120.0], [80180.0, 1410.0], [80177.5, 4570.0], [80172.5, 7240.0], [80170.0, 25570.0], [80167.5, 4700.0], [80165.0, 4260.0], [80162.5, 10000.0], [80160.0, 5390.0], [80157.5, 4750.0], [80155.0, 4560.0]], "asks": [[80210.0, 10000.0], [80225.0, 1580.0], [80227.5, 3900.0], [80230.0, 2710.0], [80232.5, 4700.0], [80242.5, 1410.0], [80245.0, 4700.0], [80247.5, 780.0], [80250.0, 2600.0], [80252.5, 1410.0], [80255.0, 13730.0], [80257.5, 30120.0], [80262.5, 1410.0], [80265.0, 4690.0], [80267.5, 600.0], [80270.0, 2000.0], [80272.5, 1410.0], [80275.0, 4690.0], [80280.0, 35170.0], [80282.5, 38970.0]]}}}
{"jsonrpc": "2.0", "method": "subscription", "params": {"channel": "book.BTC-21MAR25.none.20.100ms", "data": {"timestamp": 1741675598409, "change_id": 92186657155, "instrument_name": "BTC-21MAR25", "bids": [[80335.0, 1280.0], [80332.5, 6150.0], [80330.0, 1270.0], [80327.5, 4240.0], [80322.5, 20.0], [80320.0, 1860.0], [80317.5, 6730.0], [80315.0, 1260.0], [80312.5, 1900.0], [80310.0, 3210.0], [80307.5, 4240.0], [80297.5, 14240.0], [80292.5, 15000.0], [80290.0, 54270.0], [80287.5, 4240.0], [80285.0, 8010.0], [80282.5, 24210.0], [80280.0, 3750.0], [80277.5, 4200.0], [80267.5, 1270.0]], "asks": [[80345.0, 3330.0], [80347.5, 10000.0], [80350.0, 1900.0], [80355.0, 1890.0], [80357.5, 6690.0], [80360.0, 120.0], [80370.0, 4200.0], [80380.0, 4240.0], [80392.5, 23780.0], [80400.0, 3760.0], [80402.5, 4240.0], [80410.0, 15460.0], [80412.5, 4240.0], [80415.0, 49650.0], [80420.0, 1880.0], [80422.5, 4280.0], [80425.0, 2000.0], [80430.0, 1260.0], [80432.5, 4200.0], [80442.5, 1250.0]]}}}
{"jsonrpc": "2.0", "method": "subscription", "params": {"channel": "book.BTC-14MAR25.none.20.100ms", "data": {"timestamp": 1741675598767, "change_id": 92186657686, "instrument_name": "BTC-14MAR25", "bids": [[80207.5, 1310.0], [80205.0, 2760.0], [80202.5, 1300.0], [80200.0, 39770.0], [80197.5, 128070.0], [80195.0, 1580.0], [80192.5, 4710.0], [80190.0, 11800.0], [80187.5, 50000.0], [80182.5, 120.0], [80180.0, 1410.0], [80177.5, 4570.0], [80172.5, 7240.0], [80170.0, 25570.0], [80167.5, 4700.0], [80165.0, 4260.0], [80162.5, 10000.0], [80160.0, 5390.0], [80157.5, 4750.0], [80155.0, 4560.0]], "asks": [[80210.0, 10000.0], [80225.0, 900.0], [80227.5, 1300.0], [80230.0, 3310.0], [80232.5, 6000.0], [80235.0, 2600.0], [80242.5, 1410.0], [80245.0, 4700.0], [80247.5, 780.0], [80250.0, 2600.0], [80252.5, 1410.0], [80255.0, 13730.0], [80257.5, 30120.0], [80262.5, 1410.0], [80265.0, 4690.0], [80267.5, 600.0], [80270.0, 2000.0], [80272.5, 1410.0], [80275.0, 4690.0], [80280.0, 11520.0]]}}}
{"jsonrpc": "2.0", "method": "subscription", "params": {"channel": "book.BTC-21MAR25.none.20.100ms", "data": {"timestamp": 1741675598757, "change_id": 92186657673, "instrument_name": "BTC-21MAR25", "bids": [[80337.5, 1280.0], [80335.0, 5530.0], [80332.5, 6150.0], [80330.0, 1860.0], [80327.5, 4240.0], [80325.0, 2490.0], [80322.5, 20.0], [80320.0, 1270.0], [80317.5, 4240.0], [80315.0, 120.0], [80310.0, 1310.0], [80307.5, 4240.0], [80297.5, 14240.0], [80292.5, 15000.0], [80290.0, 54270.0], [80287.5, 4240.0], [80285.0, 8010.0], [80282.5, 24210.0], [80280.0, 3750.0], [80277.5, 4200.0]], "asks": [[80345.0, 3330.0], [80347.5, 10000.0], [80355.0, 1890.0], [80357.5, 6690.0], [80360.0, 120.0], [80377.5, 1270.0], [80380.0, 4240.0], [80397.5, 24970.0], [80400.0, 3760.0], [80402.5, 4240.0], [80410.0, 15460.0], [80412.5, 4240.0], [80415.0, 49650.0], [80420.0, 1880.0], [80422.5, 4280.0], [80425.0, 2000.0], [80430.0, 1260.0], [80432.5, 4200.0], [80442.5, 1250.0], [80445.0, 4150.0]]}}}
{"jsonrpc": "2.0", "method": "subscription", "params": {"channel": "book.BTC-14MAR25.none.20.100ms", "data": {"timestamp": 1741675599024, "change_id": 92186658296, "instrument_name": "BTC-14MAR25", "bids": [[80207.5, 1310.0], [80205.0, 2760.0], [80202.5, 1300.0], [80200.0, 39770.0], [80197.5, 128070.0], [80195.0, 1580.0], [80192.5, 4710.0], [80190.0, 11800.0], [80187.5, 50000.0], [80182.5, 120.0], [80180.0, 1410.0], [80177.5, 4570.0], [80172.5, 7240.0], [80170.0, 25570.0], [80167.5, 4700.0], [80165.0, 4260.0], [80162.5, 10000.0], [80160.0, 5390.0], [80157.5, 4750.0], [80155.0, 4560.0]], "asks": [[80210.0, 10010.0], [80225.0, 900.0], [80227.5, 1300.0], [80230.0, 3310.0], [80232.5, 6000.0], [80235.0, 2600.0], [80242.5, 1410.0], [80245.0, 4700.0], [80247.5, 780.0], [80250.0, 2600.0], [80252.5, 1410.0], [80255.0, 13730.0], [80257.5, 30120.0], [80262.5, 1410.0], [80265.0, 4690.0], [80267.5, 600.0], [80270.0, 2000.0], [80272.5, 1410.0], [80275.0, 4690.0], [80280.0, 17520.0]]}}}
{"jsonrpc": "2.0", "method": "subscription", "params": {"channel": "book.BTC-21MAR25.none.20.100ms", "data": {"timestamp": 1741675598914, "change_id": 92186658176, "instrument_name": "BTC-21MAR25", "bids": [[80332.5, 1280.0], [80330.0, 6110.0], [80327.5, 4240.0], [80325.0, 2490.0], [80322.5, 20.0], [80320.0, 1270.0], [80317.5, 4240.0], [80315.0, 120.0], [80310.0, 1310.0], [80307.5, 4240.0], [80297.5, 14240.0], [80292.5, 15000.0], [80290.0, 54270.0], [80287.5, 4240.0], [80285.0, 8010.0], [80282.5, 24210.0], [80280.0, 3750.0], [80277.5, 4200.0], [80272.5, 7360.0], [80267.5, 1270.0]], "asks": [[80342.5, 1900.0], [80345.0, 5230.0], [80347.5, 10000.0], [80352.5, 570.0], [80355.0, 3790.0], [80357.5, 6690.0], [80360.0, 120.0], [80377.5, 1270.0], [80380.0, 4240.0], [80397.5, 24970.0], [80400.0, 3760.0], [80402.5, 4240.0], [80410.0, 15460.0], [80412.5, 4240.0], [80415.0, 49650.0], [80420.0, 1880.0], [80422.5, 4280.0], [80425.0, 2000.0], [80430.0, 1260.0], [80432.5, 4200.0]]}}}
{"jsonrpc": "2.0", "method": "subscription", "params": {"channel": "book.BTC-14MAR25.none.20.100ms", "data": {"timestamp": 1741675599352, "change_id": 92186658825, "instrument_name": "BTC-14MAR25", "bids": [[80207.5, 1310.0], [80205.0, 2760.0], [80202.5, 1300.0], [80200.0, 39770.0], [80197.5, 128070.0], [80195.0, 1580.0], [80192.5, 4710.0], [80190.0, 11800.0], [80187.5, 50000.0], [80182.5, 120.0], [80180.0, 1410.0], [80177.5, 4570.0], [80172.5, 7240.0], [80170.0, 25570.0], [80167.5, 4700.0], [80165.0, 4260.0], [80162.5, 10000.0], [80160.0, 5390.0], [80157.5, 4750.0], [80155.0, 4560.0]], "asks": [[80210.0, 10000.0], [80225.0, 900.0], [80227.5, 1300.0], [80230.0, 3310.0], [80232.5, 6000.0], [80235.0, 2600.0], [80242.5, 1410.0], [80245.0, 4700.0], [80247.5, 780.0], [80250.0, 2600.0], [80252.5, 1410.0], [80255.0, 13730.0], [80257.5, 30120.0], [80262.5, 1410.0], [80265.0, 4690.0], [80267.5, 600.0], [80270.0, 2000.0], [80272.5, 1410.0], [80275.0, 4690.0], [80280.0, 17520.0]]}}}
{"jsonrpc": "2.0", "method": "subscription", "params": {"channel": "book.BTC-21MAR25.none.20.100ms", "data": {"timestamp": 1741675599354, "change_id": 92186658733, "instrument_name": "BTC-21MAR25", "bids": [[80335.0, 4250.0], [80330.0, 1860.0], [80327.5, 4240.0], [80325.0, 2490.0], [80322.5, 20.0], [80320.0, 1270.0], [80317.5, 4240.0], [80315.0, 120.0], [80310.0, 1310.0], [80307.5, 4240.0], [80297.5, 14240.0], [80292.5, 15000.0], [80290.0, 54270.0], [80287.5, 4240.0], [80285.0, 8010.0], [80282.5, 24210.0], [80280.0, 3750.0], [80277.5, 4200.0], [80272.5, 7360.0], [80267.5, 1270.0]], "asks": [[80342.5, 1900.0], [80345.0, 5230.0], [80347.5, 10000.0], [80352.5, 570.0], [80355.0, 3790.0], [80357.5, 6690.0], [80360.0, 120.0], [80377.5, 1270.0], [80380.0, 4240.0], [80397.5, 24970.0], [80400.0, 3760.0], [80402.5, 4240.0], [80410.0, 15460.0], [80412.5, 4240.0], [80415.0, 49650.0], [80420.0, 1880.0], [80422.5, 4280.0], [80425.0, 2000.0], [80430.0, 1260.0], [80432.5, 4200.0]]}}}
{"jsonrpc": "2.0", "method": "subscription", "params": {"channel": "book.BTC-14MAR25.none.20.100ms", "data": {"timestamp": 1741675599730, "change_id": 92186659297, "instrument_name": "BTC-14MAR25", "bids": [[80207.5, 1310.0], [80205.0, 1460.0], [80202.5, 1300.0], [80200.0, 39770.0], [80197.5, 128070.0], [80195.0, 1580.0], [80192.5, 4710.0], [80190.0, 11800.0], [80187.5, 50000.0], [80182.5, 120.0], [80180.0, 1410.0], [80177.5, 4570.0], [80172.5, 7240.0], [80170.0, 25570.0], [80167.5, 4700.0], [80165.0, 4260.0], [80162.5, 10000.0], [80160.0, 5390.0], [80157.5, 4750.0], [80155.0, 4560.0]], "asks": [[80210.0, 10010.0], [80220.0, 430.0], [80222.5, 1300.0], [80225.0, 900.0], [80227.5, 1300.0], [80230.0, 3310.0], [80232.5, 6000.0], [80235.0, 2600.0], [80242.5, 1410.0], [80245.0, 4700.0], [80247.5, 780.0], [80250.0, 2600.0], [80252.5, 1410.0], [80255.0, 13730.0], [80257.5, 30120.0], [80262.5, 1410.0], [80265.0, 4690.0], [80267.5, 600.0], [80270.0, 2000.0], [80272.5, 1410.0]]}}}
{"jsonrpc": "2.0", "method": "subscription", "params": {"channel": "book.BTC-21MAR25.none.20.100ms", "data": {"timestamp": 1741675599763, "change_id": 92186659323, "instrument_name": "BTC-21MAR25", "bids": [[80335.0, 2550.0], [80332.5, 4250.0], [80330.0, 6110.0], [80327.5, 4240.0], [80325.0, 2490.0], [80322.5, 20.0], [80320.0, 1270.0], [80317.5, 4240.0], [80315.0, 120.0], [80310.0, 1310.0], [80307.5, 4240.0], [80300.0, 4270.0], [80297.5, 14240.0], [80292.5, 15000.0], [80290.0, 54270.0], [80287.5, 4240.0], [80285.0, 8010.0], [80282.5, 24210.0], [80280.0, 3750.0], [80277.5, 4200.0]], "asks": [[80342.5, 1900.0], [80345.0, 5230.0], [80347.5, 10000.0], [80350.0, 1140.0], [80352.5, 1900.0], [80355.0, 3790.0], [80357.5, 6690.0], [80360.0, 120.0], [80377.5, 1270.0], [80380.0, 4240.0], [80397.5, 24970.0], [80400.0, 3760.0], [80402.5, 4240.0], [80410.0, 15460.0], [80412.5, 4240.0], [80415.0, 49650.0], [80420.0, 1880.0], [80422.5, 4280.0], [80425.0, 2000.0], [80430.0, 1260.0]]}}}
{"jsonrpc": "2.0", "method": "subscription", "params": {"channel": "book.BTC-14MAR25.none.20.100ms", "data": {"timestamp": 1741675600083, "change_id": 92186659871, "instrument_name": "BTC-14MAR25", "bids": [[80207.5, 1300.0], [80205.0, 1460.0], [80202.5, 1300.0], [80200.0, 39770.0], [80197.5, 128070.0], [80195.0, 1580.0], [80192.5, 4710.0], [80190.0, 11800.0], [80187.5, 50000.0], [80182.5, 120.0], [80180.0, 1410.0], [80177.5, 4570.0], [80172.5, 7240.0], [80170.0, 25570.0], [80167.5, 4700.0], [80165.0, 4260.0], [80162.5, 10000.0], [80160.0, 5390.0], [80157.5, 4750.0], [80155.0, 4560.0]], "asks": [[80210.0, 10010.0], [80220.0, 430.0], [80222.5, 1300.0], [80225.0, 900.0], [80227.5, 1300.0], [80230.0, 3310.0], [80232.5, 6000.0], [80235.0, 2600.0], [80242.5, 1410.0], [80245.0, 4700.0], [80247.5, 780.0], [80250.0, 2600.0], [80252.5, 1410.0], [80255.0, 13730.0], [80257.5, 30120.0], [80262.5, 1410.0], [80265.0, 4690.0], [80267.5, 600.0], [80270.0, 2000.0], [80272.5, 1410.0]]}}}
{"jsonrpc": "2.0", "method": "subscription", "params": {"channel": "book.BTC-21MAR25.none.20.100ms", "data": {"timestamp": 1741675599766, "change_id": 92186659331, "instrument_name": "BTC-21MAR25", "bids": [[80332.5, 1280.0], [80330.0, 4840.0], [80325.0, 2490.0], [80322.5, 20.0], [80320.0, 1270.0], [80317.5, 4240.0], [80315.0, 120.0], [80310.0, 1310.0], [80307.5, 4240.0], [80300.0, 4270.0], [80297.5, 14240.0], [80292.5, 15000.0], [80290.0, 54270.0], [80287.5, 4240.0], [80285.0, 8010.0], [80282.5, 24210.0], [80280.0, 3750.0], [80277.5, 4200.0], [80272.5, 7360.0], [80267.5, 1270.0]], "asks": [[80342.5, 1900.0], [80345.0, 5230.0], [80347.5, 10000.0], [80350.0, 1140.0], [80352.5, 1900.0], [80355.0, 3790.0], [80357.5, 6690.0], [80360.0, 120.0], [80377.5, 1270.0], [80380.0, 4240.0], [80395.0, 8240.0], [80397.5, 24970.0], [80400.0, 3760.0], [80402.5, 4240.0], [80410.0, 15460.0], [80412.5, 4240.0], [80415.0, 49650.0], [80420.0, 1880.0], [80422.5, 4280.0], [80425.0, 2000.0]]}}}
{"jsonrpc": "2.0", "method": "subscription", "params": {"channel": "book.BTC-14MAR25.none.20.100ms", "data": {"timestamp": 1741675600359, "change_id": 92186660156, "instrument_name": "BTC-14MAR25", "bids": [[80207.5, 1310.0], [80205.0, 1460.0], [80202.5, 1300.0], [80200.0, 39770.0], [80197.5, 128070.0], [80195.0, 1580.0], [80192.5, 4710.0], [80190.0, 11800.0], [80187.5, 50000.0], [80182.5, 120.0], [80180.0, 1410.0], [80177.5, 4570.0], [80172.5, 7240.0], [80170.0, 25570.0], [80167.5, 4700.0], [80165.0, 4260.0], [80162.5, 10000.0], [80160.0, 5390.0], [80157.5, 4750.0], [80155.0, 4560.0]], "asks": [[80210.0, 10000.0], [80220.0, 430.0], [80222.5, 1300.0], [80225.0, 900.0], [80227.5, 1300.0], [80230.0, 3310.0], [80232.5, 6000.0], [80235.0, 2600.0], [80242.5, 1410.0], [80245.0, 4700.0], [80247.5, 780.0], [80250.0, 2600.0], [80252.5, 1410.0], [80255.0, 13730.0], [80257.5, 30120.0], [80262.5, 1410.0], [80265.0, 4690.0], [80267.5, 600.0], [80270.0, 2000.0], [80272.5, 1410.0]]}}}
{"jsonrpc": "2.0", "method": "subscription", "params": {"channel": "book.BTC-21MAR25.none.20.100ms", "data": {"timestamp": 1741675600364, "change_id": 92186660145, "instrument_name": "BTC-21MAR25", "bids": [[80335.0, 2550.0], [80332.5, 4250.0], [80330.0, 4840.0], [80325.0, 2490.0], [80322.5, 20.0], [80320.0, 1270.0], [80317.5, 4240.0], [80315.0, 120.0], [80310.0, 1310.0], [80307.5, 4240.0], [80300.0, 4270.0], [80297.5, 14240.0], [80292.5, 15000.0], [80290.0, 54270.0], [80287.5, 4240.0], [80285.0, 8010.0], [80282.5, 24210.0], [80280.0, 3750.0], [80277.5, 4200.0], [80272.5, 7360.0]], "asks": [[80342.5, 1900.0], [80345.0, 5230.0], [80347.5, 10000.0], [80350.0, 1140.0], [80352.5, 1900.0], [80355.0, 3790.0], [80357.5, 6690.0], [80360.0, 120.0], [80377.5, 1270.0], [80380.0, 4240.0], [80395.0, 8240.0], [80397.5, 24970.0], [80400.0, 3760.0], [80402.5, 4240.0], [80410.0, 15460.0], [80412.5, 4240.0], [80415.0, 49650.0], [80420.0, 1880.0], [80422.5, 4280.0], [80425.0, 2000.0]]}}}
{"jsonrpc": "2.0", "method": "subscription", "params": {"channel": "book.BTC-14MAR25.none.20.100ms", "data": {"timestamp": 1741675600741, "change_id": 92186660753, "instrument_name": "BTC-14MAR25", "bids": [[80207.5, 1310.0], [80205.0, 1460.0], [80202.5, 1300.0], [80200.0, 39770.0], [80197.5, 128070.0], [80195.0, 1580.0], [80192.5, 4710.0], [80190.0, 11800.0], [80187.5, 50000.0], [80182.5, 120.0], [80180.0, 1410.0], [80177.5, 4570.0], [80172.5, 7240.0], [80170.0, 25570.0], [80167.5, 4700.0], [80165.0, 4260.0], [80162.5, 10000.0], [80160.0, 5390.0], [80157.5, 4750.0], [80155.0, 4560.0]], "asks": [[80210.0, 10000.0], [80220.0, 430.0], [80222.5, 1300.0], [80225.0, 900.0], [80227.5, 1300.0], [80230.0, 3310.0], [80232.5, 6000.0], [80235.0, 2600.0], [80242.5, 1410.0], [80245.0, 4700.0], [80247.5, 780.0], [80250.0, 2600.0], [80252.5, 1410.0], [80255.0, 13730.0], [80257.5, 30120.0], [80262.5, 1410.0], [80265.0, 4690.0], [80267.5, 600.0], [80270.0, 2000.0], [80272.5, 1410.0]]}}}
{"jsonrpc": "2.0", "method": "subscription", "params": {"channel": "book.BTC-21MAR25.none.20.100ms", "data": {"timestamp": 1741675600749, "change_id": 92186660760, "instrument_name": "BTC-21MAR25", "bids": [[80335.0, 2550.0], [80332.5, 4250.0], [80330.0, 4840.0], [80325.0, 2490.0], [80322.5, 20.0], [80320.0, 1270.0], [80317.5, 4240.0], [80315.0, 120.0], [80310.0, 1310.0], [80307.5, 4240.0], [80300.0, 4270.0], [80297.5, 14240.0], [80292.5, 15000.0], [80290.0, 54270.0], [80287.5, 4240.0], [80285.0, 8010.0], [80282.5, 24210.0], [80280.0, 3750.0], [80277.5, 4200.0], [80272.5, 7360.0]], "asks": [[80342.5, 1900.0], [80345.0, 5230.0], [80347.5, 10000.0], [80350.0, 1140.0], [80352.5, 1900.0], [80355.0, 3790.0], [80357.5, 8590.0], [80360.0, 120.0], [80377.5, 1270.0], [80380.0, 4240.0], [80395.0, 8240.0], [80397.5, 24970.0], [80400.0, 3760.0], [80402.5, 4240.0], [80410.0, 15460.0], [80412.5, 4240.0], [80415.0, 49650.0], [80420.0, 1880.0], [80422.5, 4280.0], [80425.0, 2000.0]]}}}
{"jsonrpc": "2.0", "method": "subscription", "params": {"channel": "book.BTC-14MAR25.none.20.100ms", "data": {"timestamp": 1741675601044, "change_id": 92186661302, "instrument_name": "BTC-14MAR25", "bids": [[80207.5, 1310.0], [80205.0, 1460.0], [80202.5, 1300.0], [80200.0, 39770.0], [80197.5, 128070.0], [80195.0, 1580.0], [80192.5, 4710.0], [80190.0, 11800.0], [80187.5, 50000.0], [80182.5, 120.0], [80180.0, 1410.0], [80177.5, 4570.0], [80172.5, 7240.0], [80170.0, 25570.0], [80167.5, 4700.0], [80165.0, 4260.0], [80162.5, 10000.0], [80160.0, 5390.0], [80157.5, 4750.0], [80155.0, 4560.0]], "asks": [[80210.0, 10010.0], [80220.0, 430.0], [80222.5, 1300.0], [80225.0, 900.0], [80227.5, 1300.0], [80230.0, 3310.0], [80232.5, 6000.0], [80235.0, 2600.0], [80242.5, 1410.0], [80245.0, 4700.0], [80247.5, 780.0], [80250.0, 2600.0], [80252.5, 1410.0], [80255.0, 13730.0], [80257.5, 30120.0], [80262.5, 1410.0], [80265.0, 4690.0], [80267.5, 600.0], [80270.0, 2000.0], [80272.5, 1410.0]]}}}
{"jsonrpc": "2.0", "method": "subscription", "params": {"channel": "book.BTC-21MAR25.none.20.100ms", "data": {"timestamp": 1741675600997, "change_id": 92186661261, "instrument_name": "BTC-21MAR25", "bids": [[80335.0, 4250.0], [80330.0, 1950.0], [80327.5, 4240.0], [80325.0, 2490.0], [80322.5, 20.0], [80320.0, 1270.0], [80317.5, 4240.0], [80315.0, 120.0], [80310.0, 1310.0], [80307.5, 4240.0], [80300.0, 4270.0], [80297.5, 14240.0], [80292.5, 15000.0], [80290.0, 54270.0], [80287.5, 4240.0], [80285.0, 8010.0], [80282.5, 24210.0], [80280.0, 3750.0], [80277.5, 4200.0], [80275.0, 2210.0]], "asks": [[80342.5, 1900.0], [80345.0, 4900.0], [80347.5, 10000.0], [80350.0, 1140.0], [80352.5, 1900.0], [80355.0, 3790.0], [80357.5, 8590.0], [80360.0, 120.0], [80377.5, 1270.0], [80380.0, 4240.0], [80395.0, 8240.0], [80397.5, 24970.0], [80400.0, 3760.0], [80402.5, 4240.0], [80410.0, 15460.0], [80412.5, 4240.0], [80415.0, 49650.0], [80420.0, 1880.0], [80422.5, 4280.0], [80425.0, 2000.0]]}}}
{"jsonrpc": "2.0", "method": "subscription", "params": {"channel": "book.BTC-21MAR25.none.20.100ms", "data": {"timestamp": 1741675601346, "change_id": 92186661833, "instrument_name": "BTC-21MAR25", "bids": [[80332.5, 1280.0], [80330.0, 4840.0], [80325.0, 2490.0], [80322.5, 20.0], [80320.0, 1270.0], [80317.5, 4240.0], [80315.0, 120.0], [80310.0, 1310.0], [80307.5, 4240.0], [80300.0, 4270.0], [80297.5, 14240.0], [80292.5, 15000.0], [80290.0, 54270.0], [80287.5, 4240.0], [80285.0, 8010.0], [80282.5, 24210.0], [80280.0, 3750.0], [80277.5, 4200.0], [80275.0, 2210.0], [80272.5, 7360.0]], "asks": [[80340.0, 3040.0], [80342.5, 1900.0], [80345.0, 4900.0], [80347.5, 10000.0], [80350.0, 1140.0], [80352.5, 1900.0], [80355.0, 3790.0], [80357.5, 8590.0], [80360.0, 120.0], [80377.5, 1270.0], [80380.0, 4240.0], [80395.0, 8240.0], [80397.5, 24970.0], [80400.0, 3760.0], [80402.5, 4240.0], [80410.0, 15460.0], [80412.5, 4240.0], [80415.0, 49650.0], [80420.0, 1880.0], [80422.5, 4280.0]]}}}
{"jsonrpc": "2.0", "method": "subscription", "params": {"channel": "book.BTC-21MAR25.none.20.100ms", "data": {"timestamp": 1741675601739, "change_id": 92186662364, "instrument_name": "BTC-21MAR25", "bids": [[80335.0, 3120.0], [80332.5, 6150.0], [80330.0, 4840.0], [80325.0, 2490.0], [80322.5, 20.0], [80320.0, 1270.0], [80317.5, 4240.0], [80315.0, 120.0], [80310.0, 1310.0], [80307.5, 4240.0], [80300.0, 4270.0], [80297.5, 14240.0], [80292.5, 15000.0], [80290.0, 54270.0], [80287.5, 4240.0], [80285.0, 8010.0], [80282.5, 24210.0], [80280.0, 3750.0], [80277.5, 4200.0], [80275.0, 2210.0]], "asks": [[80340.0, 1900.0], [80342.5, 1900.0], [80345.0, 4900.0], [80347.5, 11900.0], [80350.0, 1140.0], [80352.5, 1900.0], [80355.0, 3790.0], [80357.5, 8590.0], [80360.0, 120.0], [80377.5, 1270.0], [80380.0, 4240.0], [80395.0, 8240.0], [80397.5, 24970.0], [80400.0, 3760.0], [80402.5, 4240.0], [80410.0, 15460.0], [80412.5, 4240.0], [80415.0, 49650.0], [80420.0, 1880.0], [80422.5, 4280.0]]}}}
{"jsonrpc": "2.0", "method": "subscription", "params": {"channel": "book.BTC-14MAR25.none.20.100ms", "data": {"timestamp": 1741675601859, "change_id": 92186662515, "instrument_name": "BTC-14MAR25", "bids": [[80207.5, 1310.0], [80205.0, 1460.0], [80202.5, 1300.0], [80200.0, 39770.0], [80197.5, 128070.0], [80195.0, 1580.0], [80192.5, 4710.0], [80190.0, 11800.0], [80187.5, 50000.0], [80182.5, 120.0], [80180.0, 1410.0], [80177.5, 4570.0], [80172.5, 7240.0], [80170.0, 25570.0], [80167.5, 4700.0], [80165.0, 4260.0], [80162.5, 10000.0], [80160.0, 5390.0], [80157.5, 4750.0], [80155.0, 4560.0]], "asks": [[80210.0, 10000.0], [80220.0, 430.0], [80222.5, 1300.0], [80225.0, 900.0], [80227.5, 1300.0], [80230.0, 3310.0], [80232.5, 6000.0], [80235.0, 2600.0], [80242.5, 1410.0], [80245.0, 4700.0], [80247.5, 780.0], [80250.0, 2600.0], [80252.5, 1410.0], [80255.0, 13730.0], [80257.5, 30120.0], [80262.5, 1410.0], [80265.0, 4690.0], [80267.5, 600.0], [80270.0, 2000.0], [80272.5, 1410.0]]}}}
{"jsonrpc": "2.0", "method": "subscription", "params": {"channel": "book.BTC-21MAR25.none.20.100ms", "data": {"timestamp": 1741675601841, "change_id": 92186662507, "instrument_name": "BTC-21MAR25", "bids": [[80332.5, 6150.0], [80330.0, 4840.0], [80325.0, 2490.0], [80322.5, 20.0], [80320.0, 1270.0], [80317.5, 4240.0], [80315.0, 120.0], [80310.0, 1310.0], [80307.5, 4240.0], [80300.0, 4270.0], [80297.5, 14240.0], [80292.5, 15000.0], [80290.0, 54270.0], [80287.5, 4240.0], [80285.0, 8010.0], [80282.5, 24210.0], [80280.0, 3750.0], [80277.5, 4200.0], [80275.0, 2210.0], [80272.5, 7360.0]], "asks": [[80340.0, 1900.0], [80342.5, 1900.0], [80345.0, 4900.0], [80347.5, 11900.0], [80350.0, 1140.0], [80352.5, 1900.0], [80355.0, 3790.0], [80357.5, 8590.0], [80360.0, 120.0], [80377.5, 1270.0], [80380.0, 4240.0], [80395.0, 8240.0], [80397.5, 24970.0], [80400.0, 3760.0], [80402.5, 4240.0], [80410.0, 15460.0], [80412.5, 4240.0], [80415.0, 49650.0], [80420.0, 1880.0], [80422.5, 4280.0]]}}}
{"jsonrpc": "2.0", "method": "subscription", "params": {"channel": "book.BTC-14MAR25.none.20.100ms", "data": {"timestamp": 1741675602642, "change_id": 92186663672, "instrument_name": "BTC-14MAR25", "bids": [[80207.5, 1310.0], [80205.0, 1460.0], [80202.5, 1300.0], [80200.0, 39770.0], [80197.5, 128070.0], [80195.0, 1580.0], [80192.5, 4710.0], [80190.0, 11800.0], [80187.5, 50000.0], [80182.5, 120.0], [80180.0, 1410.0], [80177.5, 4570.0], [80172.5, 7240.0], [80170.0, 25570.0], [80167.5, 4700.0], [80165.0, 4260.0], [80162.5, 10000.0], [80160.0, 5390.0], [80157.5, 4750.0], [80155.0, 4560.0]], "asks": [[80210.0, 10000.0], [80220.0, 430.0], [80222.5, 1300.0], [80225.0, 900.0], [80227.5, 1300.0], [80230.0, 3310.0], [80232.5, 6000.0], [80235.0, 2600.0], [80242.5, 1410.0], [80245.0, 4700.0], [80247.5, 780.0], [80250.0, 2600.0], [80252.5, 1410.0], [80255.0, 13730.0], [80257.5, 30120.0], [80262.5, 1410.0], [80265.0, 4690.0], [80267.5, 600.0], [80270.0, 2000.0], [80272.5, 1410.0]]}}}
{"jsonrpc": "2.0", "method": "subscription", "params": {"channel": "book.BTC-21MAR25.none.20.100ms", "data": {"timestamp": 1741675602710, "change_id": 92186663807, "instrument_name": "BTC-21MAR25", "bids": [[80332.5, 1280.0], [80330.0, 4840.0], [80325.0, 2490.0], [80322.5, 20.0], [80320.0, 1270.0], [80317.5, 4240.0], [80315.0, 120.0], [80310.0, 1310.0], [80307.5, 4240.0], [80300.0, 4270.0], [80297.5, 14240.0], [80292.5, 15000.0], [80290.0, 54270.0], [80287.5, 4240.0], [80285.0, 8010.0], [80282.5, 24210.0], [80280.0, 3750.0], [80277.5, 4200.0], [80275.0, 2210.0], [80272.5, 7360.0]], "asks": [[80342.5, 1900.0], [80345.0, 4900.0], [80347.5, 11900.0], [80350.0, 1140.0], [80352.5, 1900.0], [80355.0, 3790.0], [80357.5, 8590.0], [80360.0, 120.0], [80377.5, 1270.0], [80380.0, 4240.0], [80395.0, 8240.0], [80397.5, 24970.0], [80400.0, 3760.0], [80402.5, 4240.0], [80410.0, 15460.0], [80412.5, 4240.0], [80415.0, 49650.0], [80420.0, 1880.0], [80422.5, 4280.0], [80425.0, 2000.0]]}}}
{"jsonrpc": "2.0", "method": "subscription", "params": {"channel": "book.BTC-14MAR25.none.20.100ms", "data": {"timestamp": 1741675602743, "change_id": 92186663848, "instrument_name": "BTC-14MAR25", "bids": [[80207.5, 1310.0], [80205.0, 1460.0], [80202.5, 1300.0], [80200.0, 39770.0], [80197.5, 128070.0], [80195.0, 1580.0], [80192.5, 4710.0], [80190.0, 11800.0], [80187.5, 50000.0], [80182.5, 120.0], [80180.0, 1410.0], [80177.5, 4570.0], [80172.5, 7240.0], [80170.0, 25570.0], [80167.5, 4700.0], [80165.0, 4260.0], [80162.5, 10000.0], [80160.0, 5390.0], [80157.5, 4750.0], [80155.0, 4560.0]], "asks": [[80210.0, 10010.0], [80220.0, 430.0], [80222.5, 1300.0], [80225.0, 900.0], [80227.5, 1300.0], [80230.0, 3310.0], [80232.5, 6000.0], [80235.0, 2600.0], [80242.5, 1410.0], [80245.0, 4700.0], [80247.5, 780.0], [80250.0, 2600.0], [80252.5, 1410.0], [80255.0, 13730.0], [80257.5, 30120.0], [80262.5, 1410.0], [80265.0, 4690.0], [80267.5, 600.0], [80270.0, 2000.0], [80272.5, 1410.0]]}}}
{"jsonrpc": "2.0", "method": "subscription", "params": {"channel": "book.BTC-21MAR25.none.20.100ms", "data": {"timestamp": 1741675602980, "change_id": 92186664253, "instrument_name": "BTC-21MAR25", "bids": [[80335.0, 1280.0], [80332.5, 4250.0], [80330.0, 1950.0], [80327.5, 4240.0], [80325.0, 2490.0], [80322.5, 20.0], [80320.0, 1270.0], [80317.5, 4240.0], [80315.0, 120.0], [80310.0, 1310.0], [80307.5, 4240.0], [80300.0, 4270.0], [80297.5, 14240.0], [80292.5, 15000.0], [80290.0, 54270.0], [80287.5, 4240.0], [80285.0, 8010.0], [80282.5, 24210.0], [80280.0, 3750.0], [80277.5, 4200.0]], "asks": [[80342.5, 1900.0], [80345.0, 4900.0], [80347.5, 11900.0], [80350.0, 1140.0], [80352.5, 1900.0], [80355.0, 3790.0], [80357.5, 8590.0], [80360.0, 120.0], [80377.5, 1270.0], [80380.0, 4240.0], [80395.0, 8240.0], [80397.5, 24970.0], [80400.0, 3760.0], [80402.5, 4240.0], [80410.0, 15460.0], [80412.5, 4240.0], [80415.0, 49650.0], [80420.0, 1880.0], [80422.5, 4280.0], [80425.0, 2000.0]]}}}
{"jsonrpc": "2.0", "method": "subscription", "params": {"channel": "book.BTC-14MAR25.none.20.100ms", "data": {"timestamp": 1741675603375, "change_id": 92186664658, "instrument_name": "BTC-14MAR25", "bids": [[80207.5, 1310.0], [80205.0, 1460.0], [80202.5, 1300.0], [80200.0, 39770.0], [80197.5, 128070.0], [80195.0, 1580.0], [80192.5, 4710.0], [80190.0, 11800.0], [80187.5, 50000.0], [80182.5, 120.0], [80180.0, 1410.0], [80177.5, 4570.0], [80172.5, 7240.0], [80170.0, 25570.0], [80167.5, 4700.0], [80165.0, 4260.0], [80162.5, 10000.0], [80160.0, 5390.0], [80157.5, 4750.0], [80155.0, 4560.0]], "asks": [[80210.0, 10000.0], [80220.0, 430.0], [80222.5, 1300.0], [80225.0, 900.0], [80227.5, 1300.0], [80230.0, 3310.0], [80232.5, 6000.0], [80235.0, 2600.0], [80242.5, 1410.0], [80245.0, 4700.0], [80247.5, 780.0], [80250.0, 2600.0], [80252.5, 1410.0], [80255.0, 13730.0], [80257.5, 30120.0], [80262.5, 1410.0], [80265.0, 4690.0], [80267.5, 600.0], [80270.0, 2000.0], [80272.5, 1410.0]]}}}
{"jsonrpc": "2.0", "method": "subscription", "params": {"channel": "book.BTC-21MAR25.none.20.100ms", "data": {"timestamp": 1741675603385, "change_id": 92186664761, "instrument_name": "BTC-21MAR25", "bids": [[80335.0, 1280.0], [80332.5, 4250.0], [80330.0, 1950.0], [80327.5, 4240.0], [80325.0, 2490.0], [80322.5, 20.0], [80320.0, 1270.0], [80317.5, 4240.0], [80315.0, 120.0], [80310.0, 1310.0], [80307.5, 4240.0], [80300.0, 4270.0], [80297.5, 14240.0], [80292.5, 15000.0], [80290.0, 54270.0], [80287.5, 4240.0], [80285.0, 8010.0], [80282.5, 24210.0], [80280.0, 3750.0], [80277.5, 4200.0]], "asks": [[80342.5, 1900.0], [80345.0, 4900.0], [80347.5, 11900.0], [80350.0, 1140.0], [80352.5, 1900.0], [80355.0, 3790.0], [80357.5, 8590.0], [80360.0, 120.0], [80377.5, 1270.0], [80380.0, 4240.0], [80395.0, 8240.0], [80397.5, 24970.0], [80400.0, 3760.0], [80402.5, 4240.0], [80410.0, 15460.0], [80412.5, 4240.0], [80415.0, 49650.0], [80420.0, 1880.0], [80422.5, 4280.0], [80425.0, 2000.0]]}}}
{"jsonrpc": "2.0", "method": "subscription", "params": {"channel": "book.BTC-14MAR25.none.20.100ms", "data": {"timestamp": 1741675603466, "change_id": 92186664891, "instrument_name": "BTC-14MAR25", "bids": [[80207.5, 1310.0], [80205.0, 1460.0], [80202.5, 1300.0], [80200.0, 39770.0], [80197.5, 128070.0], [80195.0, 1580.0], [80192.5, 4710.0], [80190.0, 11800.0], [80187.5, 50000.0], [80182.5, 120.0], [80180.0, 1410.0], [80177.5, 4570.0], [80172.5, 7240.0], [80170.0, 25570.0], [80167.5, 4700.0], [80165.0, 4260.0], [80162.5, 10000.0], [80160.0, 5390.0], [80157.5, 4750.0], [80155.0, 4560.0]], "asks": [[80210.0, 10010.0], [80220.0, 430.0], [80222.5, 1300.0], [80225.0, 900.0], [80227.5, 1300.0], [80230.0, 3310.0], [80232.5, 6000.0], [80235.0, 2600.0], [80242.5, 1410.0], [80245.0, 4700.0], [80247.5, 780.0], [80250.0, 2600.0], [80252.5, 1410.0], [80255.0, 13730.0], [80257.5, 30120.0], [80262.5, 1410.0], [80265.0, 4690.0], [80267.5, 600.0], [80270.0, 2000.0], [80272.5, 1410.0]]}}}
{"jsonrpc": "2.0", "method": "subscription", "params": {"channel": "book.BTC-21MAR25.none.20.100ms", "data": {"timestamp": 1741675603671, "change_id": 92186665073, "instrument_name": "BTC-21MAR25", "bids": [[80332.5, 1280.0], [80330.0, 4840.0], [80325.0, 2490.0], [80322.5, 20.0], [80320.0, 1270.0], [80317.5, 4240.0], [80315.0, 120.0], [80310.0, 1310.0], [80307.5, 4240.0], [80300.0, 4270.0], [80297.5, 14240.0], [80292.5, 15000.0], [80290.0, 54270.0], [80287.5, 4240.0], [80285.0, 8010.0], [80282.5, 24210.0], [80280.0, 3750.0], [80277.5, 4200.0], [80275.0, 2210.0], [80272.5, 7360.0]], "asks": [[80342.5, 1900.0], [80345.0, 4900.0], [80347.5, 11900.0], [80350.0, 1140.0], [80352.5, 1900.0], [80355.0, 3790.0], [80357.5, 8590.0], [80360.0, 120.0], [80377.5, 1270.0], [80380.0, 4240.0], [80395.0, 8240.0], [80397.5, 24970.0], [80400.0, 3760.0], [80402.5, 4240.0], [80410.0, 15460.0], [80412.5, 4240.0], [80415.0, 49650.0], [80420.0, 1880.0], [80422.5, 4280.0], [80425.0, 2000.0]]}}}
{"jsonrpc": "2.0", "method": "subscription", "params": {"channel": "book.BTC-14MAR25.none.20.100ms", "data": {"timestamp": 1741675603989, "change_id": 92186665630, "instrument_name": "BTC-14MAR25", "bids": [[80207.5, 1310.0], [80205.0, 1460.0], [80202.5, 1300.0], [80200.0, 39770.0], [80197.5, 128070.0], [80195.0, 1580.0], [80192.5, 4710.0], [80190.0, 11800.0], [80187.5, 50000.0], [80182.5, 120.0], [80180.0, 1410.0], [80177.5, 4570.0], [80172.5, 7240.0], [80170.0, 25570.0], [80167.5, 4700.0], [80165.0, 4260.0], [80162.5, 10000.0], [80160.0, 5390.0], [80157.5, 4750.0], [80155.0, 4560.0]], "asks": [[80210.0, 10000.0], [80220.0, 430.0], [80222.5, 1300.0], [80225.0, 900.0], [80227.5, 1300.0], [80230.0, 3310.0], [80232.5, 6000.0], [80235.0, 2600.0], [80242.5, 1410.0], [80245.0, 4700.0], [80247.5, 780.0], [80250.0, 2600.0], [80252.5, 1410.0], [80255.0, 13730.0], [80257.5, 30120.0], [80262.5, 1410.0], [80265.0, 4690.0], [80267.5, 600.0], [80270.0, 2000.0], [80272.5, 1410.0]]}}}
{"jsonrpc": "2.0", "method": "subscription", "params": {"channel": "book.BTC-21MAR25.none.20.100ms", "data": {"timestamp": 1741675603989, "change_id": 92186665632, "instrument_name": "BTC-21MAR25", "bids": [[80332.5, 5530.0], [80330.0, 4840.0], [80325.0, 2490.0], [80322.5, 20.0], [80320.0, 1270.0], [80317.5, 4240.0], [80315.0, 120.0], [80310.0, 1310.0], [80307.5, 4240.0], [80300.0, 4270.0], [80297.5, 14240.0], [80292.5, 15000.0], [80290.0, 54270.0], [80287.5, 4240.0], [80285.0, 8010.0], [80282.5, 24210.0], [80280.0, 3750.0], [80277.5, 4200.0], [80275.0, 2210.0], [80272.5, 7360.0]], "asks": [[80342.5, 1900.0], [80345.0, 4900.0], [80347.5, 11900.0], [80350.0, 1140.0], [80352.5, 1900.0], [80355.0, 3790.0], [80357.5, 8590.0], [80360.0, 120.0], [80377.5, 1270.0], [80380.0, 4240.0], [80395.0, 8240.0], [80397.5, 24970.0], [80400.0, 3760.0], [80402.5, 4240.0], [80410.0, 15460.0], [80412.5, 4240.0], [80415.0, 49650.0], [80420.0, 1880.0], [80422.5, 4280.0], [80425.0, 2000.0]]}}}
{"jsonrpc": "2.0", "method": "subscription", "params": {"channel": "book.BTC-14MAR25.none.20.100ms", "data": {"timestamp": 1741675604373, "change_id": 92186666049, "instrument_name": "BTC-14MAR25", "bids": [[80207.5, 1300.0], [80205.0, 1460.0], [80202.5, 1300.0], [80200.0, 39770.0], [80197.5, 126770.0], [80195.0, 1580.0], [80192.5, 4710.0], [80190.0, 11800.0], [80187.5, 50000.0], [80182.5, 120.0], [80180.0, 1410.0], [80177.5, 4570.0], [80172.5, 7240.0], [80170.0, 25570.0], [80167.5, 4700.0], [80165.0, 4260.0], [80162.5, 10000.0], [80160.0, 5390.0], [80157.5, 4750.0], [80155.0, 4560.0]], "asks": [[80210.0, 10010.0], [80217.5, 1400.0], [80220.0, 5100.0], [80222.5, 1300.0], [80225.0, 900.0], [80227.5, 1300.0], [80230.0, 3310.0], [80232.5, 6000.0], [80235.0, 2600.0], [80242.5, 1410.0], [80245.0, 4700.0], [80247.5, 780.0], [80250.0, 2600.0], [80252.5, 1410.0], [80255.0, 13730.0], [80257.5, 30120.0], [80262.5, 1410.0], [80265.0, 4690.0], [80267.5, 600.0], [80270.0, 2000.0]]}}}
{"jsonrpc": "2.0", "method": "subscription", "params": {"channel": "book.BTC-21MAR25.none.20.100ms", "data": {"timestamp": 1741675604379, "change_id": 92186666087, "instrument_name": "BTC-21MAR25", "bids": [[80330.0, 590.0], [80325.0, 2490.0], [80322.5, 20.0], [80320.0, 1270.0], [80317.5, 4240.0], [80315.0, 120.0], [80310.0, 1310.0], [80307.5, 4240.0], [80300.0, 4270.0], [80297.5, 14240.0], [80292.5, 15000.0], [80290.0, 54270.0], [80287.5, 4240.0], [80285.0, 8010.0], [80282.5, 24210.0], [80280.0, 3750.0], [80277.5, 4200.0], [80275.0, 2210.0], [80272.5, 7360.0], [80267.5, 1270.0]], "asks": [[80340.0, 2990.0], [80342.5, 6150.0], [80345.0, 4900.0], [80347.5, 11900.0], [80350.0, 1140.0], [80352.5, 1900.0], [80355.0, 3790.0], [80357.5, 8590.0], [80360.0, 120.0], [80377.5, 1270.0], [80380.0, 4240.0], [80395.0, 8240.0], [80397.5, 24970.0], [80400.0, 3760.0], [80402.5, 4240.0], [80410.0, 15460.0], [80412.5, 4240.0], [80415.0, 49650.0], [80420.0, 1880.0], [80422.5, 4280.0]]}}}
{"jsonrpc": "2.0", "method": "subscription", "params": {"channel": "book.BTC-14MAR25.none.20.100ms", "data": {"timestamp": 1741675604623, "change_id": 92186666455, "instrument_name": "BTC-14MAR25", "bids": [[80205.0, 1300.0], [80202.5, 2470.0], [80200.0, 39770.0], [80197.5, 126770.0], [80195.0, 1580.0], [80192.5, 4710.0], [80190.0, 11800.0], [80187.5, 50000.0], [80182.5, 120.0], [80180.0, 1410.0], [80177.5, 4570.0], [80172.5, 7240.0], [80170.0, 25570.0], [80167.5, 4700.0], [80165.0, 4260.0], [80162.5, 10000.0], [80160.0, 5390.0], [80157.5, 4750.0], [80155.0, 4560.0], [80147.5, 1410.0]], "asks": [[80207.5, 1310.0], [80210.0, 10000.0], [80220.0, 430.0], [80222.5, 1300.0], [80225.0, 900.0], [80227.5, 1300.0], [80230.0, 3310.0], [80232.5, 6000.0], [80235.0, 2600.0], [80242.5, 1410.0], [80245.0, 4700.0], [80247.5, 780.0], [80250.0, 2600.0], [80252.5, 1410.0], [80255.0, 13730.0], [80257.5, 30120.0], [80262.5, 1410.0], [80265.0, 4690.0], [80267.5, 600.0], [80270.0, 2000.0]]}}}
{"jsonrpc": "2.0", "method": "subscription", "params": {"channel": "book.BTC-21MAR25.none.20.100ms", "data": {"timestamp": 1741675604631, "change_id": 92186666469, "instrument_name": "BTC-21MAR25", "bids": [[80330.0, 4840.0], [80325.0, 2490.0], [80322.5, 20.0], [80320.0, 1270.0], [80317.5, 4240.0], [80315.0, 120.0], [80310.0, 1310.0], [80307.5, 4240.0], [80300.0, 4270.0], [80297.5, 14240.0], [80292.5, 15000.0], [80290.0, 54270.0], [80287.5, 4240.0], [80285.0, 8010.0], [80282.5, 24210.0], [80280.0, 3750.0], [80277.5, 4200.0], [80275.0, 2210.0], [80272.5, 7360.0], [80267.5, 1270.0]], "asks": [[80340.0, 2990.0], [80342.5, 1900.0], [80345.0, 4900.0], [80347.5, 11900.0], [80350.0, 1140.0], [80352.5, 1900.0], [80355.0, 3790.0], [80357.5, 8590.0], [80360.0, 120.0], [80377.5, 1270.0], [80380.0, 4240.0], [80395.0, 8240.0], [80397.5, 24970.0], [80400.0, 3760.0], [80402.5, 4240.0], [80410.0, 15460.0], [80412.5, 4240.0], [80415.0, 49650.0], [80420.0, 1880.0], [80422.5, 4280.0]]}}}
{"jsonrpc": "2.0", "method": "subscription", "params": {"channel": "book.BTC-14MAR25.none.20.100ms", "data": {"timestamp": 1741675604993, "change_id": 92186667084, "instrument_name": "BTC-14MAR25", "bids": [[80207.5, 1300.0], [80205.0, 1300.0], [80202.5, 2470.0], [80200.0, 39770.0], [80197.5, 126770.0], [80195.0, 1580.0], [80192.5, 4710.0], [80190.0, 11800.0], [80187.5, 50000.0], [80182.5, 120.0], [80180.0, 1410.0], [80177.5, 4570.0], [80172.5, 7240.0], [80170.0, 25570.0], [80167.5, 4700.0], [80165.0, 4260.0], [80162.5, 10000.0], [80160.0, 5390.0], [80157.5, 4750.0], [80155.0, 4560.0]], "asks": [[80210.0, 10010.0], [80220.0, 430.0], [80222.5, 1300.0], [80225.0, 900.0], [80227.5, 1300.0], [80230.0, 3310.0], [80232.5, 6000.0], [80235.0, 2600.0], [80242.5, 1410.0], [80245.0, 4700.0], [80247.5, 780.0], [80250.0, 2600.0], [80252.5, 1410.0], [80255.0, 13730.0], [80257.5, 30120.0], [80262.5, 1410.0], [80265.0, 4690.0], [80267.5, 600.0], [80270.0, 2000.0], [80272.5, 1410.0]]}}}
{"jsonrpc": "2.0", "method": "subscription", "params": {"channel": "book.BTC-21MAR25.none.20.100ms", "data": {"timestamp": 1741675604993, "change_id": 92186667085, "instrument_name": "BTC-21MAR25", "bids": [[80330.0, 590.0], [80325.0, 2490.0], [80322.5, 20.0], [80320.0, 1270.0], [80317.5, 4240.0], [80315.0, 120.0], [80310.0, 1310.0], [80307.5, 4240.0], [80300.0, 4270.0], [80297.5, 14240.0], [80292.5, 15000.0], [80290.0, 54270.0], [80287.5, 4240.0], [80285.0, 8010.0], [80282.5, 24210.0], [80280.0, 3750.0], [80277.5, 4200.0], [80275.0, 2210.0], [80272.5, 7360.0], [80267.5, 1270.0]], "asks": [[80340.0, 2990.0], [80342.5, 1900.0], [80345.0, 4900.0], [80347.5, 11900.0], [80350.0, 1140.0], [80352.5, 1900.0], [80355.0, 3790.0], [80357.5, 8590.0], [80360.0, 120.0], [80377.5, 1270.0], [80380.0, 4240.0], [80395.0, 8240.0], [80397.5, 24970.0], [80400.0, 3760.0], [80402.5, 4240.0], [80410.0, 15460.0], [80412.5, 4240.0], [80415.0, 49650.0], [80420.0, 1880.0], [80422.5, 4280.0]]}}}
{"jsonrpc": "2.0", "method": "subscription", "params": {"channel": "book.BTC-21MAR25.none.20.100ms", "data": {"timestamp": 1741675605301, "change_id": 92186667402, "instrument_name": "BTC-21MAR25", "bids": [[80330.0, 4840.0], [80325.0, 2490.0], [80322.5, 20.0], [80320.0, 1270.0], [80317.5, 4240.0], [80315.0, 120.0], [80310.0, 1310.0], [80307.5, 4240.0], [80300.0, 4270.0], [80297.5, 14240.0], [80292.5, 15000.0], [80290.0, 54270.0], [80287.5, 4240.0], [80285.0, 8010.0], [80282.5, 24210.0], [80280.0, 3750.0], [80277.5, 4200.0], [80275.0, 2210.0], [80272.5, 7360.0], [80267.5, 1270.0]], "asks": [[80340.0, 2990.0], [80342.5, 1900.0], [80345.0, 4900.0], [80347.5, 11900.0], [80350.0, 1140.0], [80352.5, 1900.0], [80355.0, 3790.0], [80357.5, 8590.0], [80360.0, 120.0], [80377.5, 1270.0], [80380.0, 4240.0], [80395.0, 8240.0], [80397.5, 24970.0], [80400.0, 3760.0], [80402.5, 4240.0], [80410.0, 15460.0], [80412.5, 4240.0], [80415.0, 49650.0], [80420.0, 1880.0], [80422.5, 4280.0]]}}}
{"jsonrpc": "2.0", "method": "subscription", "params": {"channel": "book.BTC-14MAR25.none.20.100ms", "data": {"timestamp": 1741675605644, "change_id": 92186667958, "instrument_name": "BTC-14MAR25", "bids": [[80207.5, 1310.0], [80205.0, 1300.0], [80202.5, 2470.0], [80200.0, 39770.0], [80197.5, 126770.0], [80195.0, 1580.0], [80192.5, 4710.0], [80190.0, 11800.0], [80187.5, 50000.0], [80182.5, 120.0], [80180.0, 1410.0], [80177.5, 4570.0], [80172.5, 7240.0], [80170.0, 25570.0], [80167.5, 4700.0], [80165.0, 4260.0], [80162.5, 10000.0], [80160.0, 5390.0], [80157.5, 4750.0], [80155.0, 4560.0]], "asks": [[80210.0, 10000.0], [80220.0, 430.0], [80222.5, 1300.0], [80225.0, 900.0], [80227.5, 1300.0], [80230.0, 3310.0], [80232.5, 6000.0], [80235.0, 2600.0], [80242.5, 1410.0], [80245.0, 4700.0], [80247.5, 780.0], [80250.0, 2600.0], [80252.5, 1410.0], [80255.0, 13730.0], [80257.5, 30120.0], [80262.5, 1410.0], [80265.0, 4690.0], [80267.5, 600.0], [80270.0, 2000.0], [80272.5, 1410.0]]}}}
{"jsonrpc": "2.0", "method": "subscription", "params": {"channel": "book.BTC-21MAR25.none.20.100ms", "data": {"timestamp": 1741675605695, "change_id": 92186668036, "instrument_name": "BTC-21MAR25", "bids": [[80335.0, 4250.0], [80325.0, 580.0], [80322.5, 1920.0], [80320.0, 1900.0], [80317.5, 6730.0], [80315.0, 120.0], [80310.0, 1310.0], [80307.5, 4240.0], [80300.0, 4270.0], [80297.5, 14240.0], [80287.5, 4240.0], [80285.0, 58010.0], [80282.5, 24210.0], [80280.0, 3750.0], [80277.5, 4200.0], [80275.0, 2210.0], [80272.5, 7360.0], [80267.5, 1270.0], [80265.0, 4230.0], [80260.0, 20.0]], "asks": [[80342.5, 1900.0], [80345.0, 4900.0], [80347.5, 11900.0], [80350.0, 1140.0], [80352.5, 1900.0], [80355.0, 3790.0], [80357.5, 8590.0], [80360.0, 120.0], [80377.5, 1270.0], [80380.0, 4240.0], [80395.0, 8240.0], [80397.5, 24970.0], [80400.0, 3760.0], [80402.5, 4240.0], [80410.0, 15460.0], [80412.5, 4240.0], [80415.0, 49650.0], [80420.0, 1880.0], [80422.5, 4280.0], [80425.0, 2000.0]]}}}
{"jsonrpc": "2.0", "method": "subscription", "params": {"channel": "book.BTC-14MAR25.none.20.100ms", "data": {"timestamp": 1741675605890, "change_id": 92186668569, "instrument_name": "BTC-14MAR25", "bids": [[80207.5, 1310.0], [80205.0, 1300.0], [80202.5, 2470.0], [80200.0, 39770.0], [80197.5, 126770.0], [80195.0, 1580.0], [80192.5, 4710.0], [80190.0, 11800.0], [80187.5, 50000.0], [80182.5, 120.0], [80180.0, 1410.0], [80177.5, 4570.0], [80172.5, 7240.0], [80170.0, 25570.0], [80167.5, 4700.0], [80165.0, 4260.0], [80162.5, 10000.0], [80160.0, 5390.0], [80157.5, 4750.0], [80155.0, 4560.0]], "asks": [[80210.0, 10010.0], [80220.0, 430.0], [80222.5, 1300.0], [80225.0, 900.0], [80227.5, 1300.0], [80230.0, 3310.0], [80232.5, 6000.0], [80235.0, 2600.0], [80242.5, 1410.0], [80245.0, 4700.0], [80247.5, 780.0], [80250.0, 2600.0], [80252.5, 1410.0], [80255.0, 13730.0], [80257.5, 30120.0], [80262.5, 1410.0], [80265.0, 4690.0], [80267.5, 600.0], [80270.0, 2000.0], [80272.5, 1410.0]]}}}
{"jsonrpc": "2.0", "method": "subscription", "params": {"channel": "book.BTC-21MAR25.none.20.100ms", "data": {"timestamp": 1741675605907, "change_id": 92186668605, "instrument_name": "BTC-21MAR25", "bids": [[80332.5, 4250.0], [80330.0, 2370.0], [80327.5, 10330.0], [80325.0, 580.0], [80322.5, 1920.0], [80320.0, 1900.0], [80317.5, 6730.0], [80315.0, 120.0], [80310.0, 1310.0], [80307.5, 4240.0], [80300.0, 4270.0], [80297.5, 14240.0], [80287.5, 4240.0], [80285.0, 58010.0], [80282.5, 24210.0], [80280.0, 3750.0], [80277.5, 4200.0], [80275.0, 2210.0], [80272.5, 7360.0], [80267.5, 1270.0]], "asks": [[80342.5, 1900.0], [80345.0, 4900.0], [80347.5, 11900.0], [80350.0, 1140.0], [80352.5, 1900.0], [80355.0, 3790.0], [80357.5, 8590.0], [80360.0, 120.0], [80377.5, 1270.0], [80380.0, 4240.0], [80395.0, 8240.0], [80397.5, 24970.0], [80400.0, 3760.0], [80402.5, 4240.0], [80410.0, 15460.0], [80412.5, 4240.0], [80415.0, 49650.0], [80420.0, 1880.0], [80422.5, 4280.0], [80425.0, 2000.0]]}}}
{"jsonrpc": "2.0", "method": "subscription", "params": {"channel": "book.BTC-14MAR25.none.20.100ms", "data": {"timestamp": 1741675606276, "change_id": 92186669042, "instrument_name": "BTC-14MAR25", "bids": [[80207.5, 5910.0], [80205.0, 1300.0], [80202.5, 2470.0], [80200.0, 39770.0], [80197.5, 126770.0], [80195.0, 1580.0], [80192.5, 4710.0], [80190.0, 11800.0], [80187.5, 50000.0], [80182.5, 120.0], [80180.0, 1410.0], [80177.5, 4570.0], [80172.5, 7240.0], [80170.0, 25570.0], [80167.5, 4700.0], [80165.0, 4260.0], [80162.5, 10000.0], [80160.0, 5390.0], [80157.5, 4750.0], [80155.0, 4560.0]], "asks": [[80210.0, 10000.0], [80220.0, 430.0], [80222.5, 1300.0], [80225.0, 900.0], [80227.5, 1300.0], [80230.0, 3310.0], [80232.5, 6000.0], [80235.0, 2600.0], [80242.5, 1410.0], [80245.0, 4700.0], [80247.5, 780.0], [80250.0, 2600.0], [80252.5, 1410.0], [80255.0, 13730.0], [80257.5, 30120.0], [80262.5, 1410.0], [80265.0, 4690.0], [80267.5, 600.0], [80270.0, 2000.0], [80272.5, 1410.0]]}}}
{"jsonrpc": "2.0", "method": "subscription", "params": {"channel": "book.BTC-14MAR25.none.20.100ms", "data": {"timestamp": 1741675606663, "change_id": 92186669508, "instrument_name": "BTC-14MAR25", "bids": [[80207.5, 1310.0], [80205.0, 1300.0], [80202.5, 2470.0], [80200.0, 39770.0], [80197.5, 126770.0], [80195.0, 1580.0], [80192.5, 4710.0], [80190.0, 11800.0], [80187.5, 50000.0], [80182.5, 120.0], [80180.0, 1410.0], [80177.5, 4570.0], [80172.5, 7240.0], [80170.0, 25570.0], [80167.5, 4700.0], [80165.0, 4260.0], [80162.5, 10000.0], [80160.0, 5390.0], [80157.5, 4750.0], [80155.0, 4560.0]], "asks": [[80210.0, 10010.0], [80220.0, 430.0], [80222.5, 1300.0], [80225.0, 900.0], [80227.5, 1300.0], [80230.0, 3310.0], [80232.5, 6000.0], [80235.0, 2600.0], [80242.5, 1410.0], [80245.0, 4700.0], [80247.5, 780.0], [80250.0, 2600.0], [80252.5, 1410.0], [80255.0, 13730.0], [80257.5, 30120.0], [80262.5, 1410.0], [80265.0, 4690.0], [80267.5, 600.0], [80270.0, 2000.0], [80272.5, 1410.0]]}}}
{"jsonrpc": "2.0", "method": "subscription", "params": {"channel": "book.BTC-21MAR25.none.20.100ms", "data": {"timestamp": 1741675606534, "change_id": 92186669470, "instrument_name": "BTC-21MAR25", "bids": [[80332.5, 1280.0], [80330.0, 6620.0], [80327.5, 6150.0], [80325.0, 580.0], [80322.5, 1920.0], [80320.0, 1900.0], [80317.5, 6730.0], [80315.0, 120.0], [80310.0, 1310.0], [80307.5, 4240.0], [80300.0, 4270.0], [80297.5, 14240.0], [80287.5, 19240.0], [80285.0, 58010.0], [80282.5, 24210.0], [80280.0, 3750.0], [80277.5, 4200.0], [80275.0, 2210.0], [80272.5, 7360.0], [80267.5, 1270.0]], "asks": [[80342.5, 1900.0], [80345.0, 4900.0], [80347.5, 11900.0], [80350.0, 1140.0], [80352.5, 1900.0], [80355.0, 3790.0], [80357.5, 8590.0], [80360.0, 120.0], [80377.5, 1270.0], [80380.0, 4240.0], [80395.0, 8240.0], [80397.5, 24970.0], [80400.0, 3760.0], [80402.5, 4240.0], [80410.0, 15460.0], [80412.5, 4240.0], [80415.0, 49650.0], [80420.0, 1880.0], [80422.5, 4280.0], [80425.0, 2000.0]]}}}
{"jsonrpc": "2.0", "method": "subscription", "params": {"channel": "book.BTC-14MAR25.none.20.100ms", "data": {"timestamp": 1741675606980, "change_id": 92186669940, "instrument_name": "BTC-14MAR25", "bids": [[80207.5, 1310.0], [80205.0, 1300.0], [80202.5, 2470.0], [80200.0, 39770.0], [80197.5, 126770.0], [80195.0, 1580.0], [80192.5, 4710.0], [80190.0, 11800.0], [80187.5, 50000.0], [80182.5, 120.0], [80180.0, 1410.0], [80177.5, 4570.0], [80172.5, 7240.0], [80170.0, 25570.0], [80167.5, 4700.0], [80165.0, 4260.0], [80162.5, 10000.0], [80160.0, 5390.0], [80157.5, 4750.0], [80155.0, 4560.0]], "asks": [[80210.0, 10010.0], [80220.0, 430.0], [80222.5, 1300.0], [80225.0, 900.0], [80227.5, 1300.0], [80230.0, 3310.0], [80232.5, 6000.0], [80235.0, 2600.0], [80242.5, 1410.0], [80245.0, 4700.0], [80247.5, 780.0], [80250.0, 2600.0], [80252.5, 1410.0], [80255.0, 13730.0], [80257.5, 30120.0], [80262.5, 1410.0], [80265.0, 4690.0], [80267.5, 600.0], [80270.0, 2000.0], [80272.5, 1410.0]]}}}
{"jsonrpc": "2.0", "method": "subscription", "params": {"channel": "book.BTC-21MAR25.none.20.100ms", "data": {"timestamp": 1741675606840, "change_id": 92186669698, "instrument_name": "BTC-21MAR25", "bids": [[80332.5, 5530.0], [80330.0, 4820.0], [80327.5, 1900.0], [80325.0, 580.0], [80322.5, 1920.0], [80320.0, 1900.0], [80317.5, 6730.0], [80315.0, 120.0], [80310.0, 1310.0], [80307.5, 4240.0], [80300.0, 4270.0], [80297.5, 14240.0], [80287.5, 19240.0], [80285.0, 58010.0], [80282.5, 24210.0], [80280.0, 3750.0], [80277.5, 4200.0], [80275.0, 2210.0], [80272.5, 7360.0], [80267.5, 1270.0]], "asks": [[80342.5, 1900.0], [80345.0, 4900.0], [80347.5, 11900.0], [80350.0, 1140.0], [80352.5, 1900.0], [80355.0, 3790.0], [80357.5, 8590.0], [80360.0, 120.0], [80377.5, 1270.0], [80380.0, 4240.0], [80395.0, 8240.0], [80397.5, 24970.0], [80400.0, 3760.0], [80402.5, 4240.0], [80410.0, 15460.0], [80412.5, 4240.0], [80415.0, 49650.0], [80420.0, 1880.0], [80422.5, 4280.0], [80425.0, 2000.0]]}}}
{"jsonrpc": "2.0", "method": "subscription", "params": {"channel": "book.BTC-14MAR25.none.20.100ms", "data": {"timestamp": 1741675607249, "change_id": 92186670224, "instrument_name": "BTC-14MAR25", "bids": [[80207.5, 1310.0], [80205.0, 1300.0], [80202.5, 2470.0], [80200.0, 39770.0], [80197.5, 126770.0], [80195.0, 1580.0], [80192.5, 4710.0], [80190.0, 11800.0], [80187.5, 50000.0], [80182.5, 120.0], [80180.0, 1410.0], [80177.5, 4570.0], [80172.5, 7240.0], [80170.0, 25570.0], [80167.5, 4700.0], [80165.0, 4260.0], [80162.5, 10000.0], [80160.0, 5390.0], [80157.5, 4750.0], [80155.0, 4560.0]], "asks": [[80210.0, 10000.0], [80220.0, 430.0], [80222.5, 1300.0], [80225.0, 900.0], [80227.5, 1300.0], [80230.0, 3310.0], [80232.5, 6000.0], [80235.0, 2600.0], [80242.5, 1410.0], [80245.0, 4700.0], [80247.5, 780.0], [80250.0, 2600.0], [80252.5, 1410.0], [80255.0, 13730.0], [80257.5, 30120.0], [80262.5, 1410.0], [80265.0, 4690.0], [80267.5, 600.0], [80270.0, 2000.0], [80272.5, 1410.0]]}}}
{"jsonrpc": "2.0", "method": "subscription", "params": {"channel": "book.BTC-14MAR25.none.20.100ms", "data": {"timestamp": 1741675607569, "change_id": 92186670623, "instrument_name": "BTC-14MAR25", "bids": [[80207.5, 1310.0], [80205.0, 1300.0], [80202.5, 2470.0], [80200.0, 39770.0], [80197.5, 126770.0], [80195.0, 1580.0], [80192.5, 4710.0], [80190.0, 11800.0], [80187.5, 50000.0], [80182.5, 120.0], [80180.0, 1410.0], [80177.5, 4570.0], [80172.5, 7240.0], [80170.0, 25570.0], [80167.5, 4700.0], [80165.0, 4260.0], [80162.5, 10000.0], [80160.0, 3970.0], [80155.0, 4560.0], [80147.5, 1410.0]], "asks": [[80210.0, 10000.0], [80220.0, 430.0], [80222.5, 1300.0], [80225.0, 900.0], [80227.5, 1300.0], [80230.0, 3310.0], [80232.5, 6000.0], [80235.0, 2600.0], [80242.5, 1410.0], [80245.0, 4700.0], [80247.5, 780.0], [80250.0, 2600.0], [80252.5, 1410.0], [80255.0, 13730.0], [80257.5, 30120.0], [80262.5, 1410.0], [80265.0, 4690.0], [80267.5, 600.0], [80270.0, 2000.0], [80272.5, 1410.0]]}}}
{"jsonrpc": "2.0", "method": "subscription", "params": {"channel": "book.BTC-21MAR25.none.20.100ms", "data": {"timestamp": 1741675607415, "change_id": 92186670441, "instrument_name": "BTC-21MAR25", "bids": [[80332.5, 1280.0], [80330.0, 4820.0], [80327.5, 1900.0], [80325.0, 580.0], [80322.5, 1920.0], [80320.0, 1900.0], [80317.5, 6730.0], [80315.0, 120.0], [80310.0, 1310.0], [80307.5, 4240.0], [80300.0, 4270.0], [80297.5, 14240.0], [80287.5, 19240.0], [80285.0, 58010.0], [80282.5, 24210.0], [80280.0, 3750.0], [80277.5, 4200.0], [80275.0, 2210.0], [80272.5, 7360.0], [80267.5, 1270.0]], "asks": [[80342.5, 1900.0], [80345.0, 4900.0], [80347.5, 11900.0], [80350.0, 1140.0], [80352.5, 1900.0], [80355.0, 3790.0], [80357.5, 8590.0], [80360.0, 120.0], [80377.5, 1270.0], [80380.0, 4240.0], [80395.0, 8240.0], [80397.5, 24970.0], [80400.0, 3760.0], [80402.5, 4240.0], [80410.0, 15460.0], [80412.5, 4240.0], [80415.0, 49650.0], [80420.0, 1880.0], [80422.5, 4280.0], [80425.0, 2000.0]]}}}
{"jsonrpc": "2.0", "method": "subscription", "params": {"channel": "book.BTC-21MAR25.none.20.100ms", "data": {"timestamp": 1741675607835, "change_id": 92186671037, "instrument_name": "BTC-21MAR25", "bids": [[80332.5, 1280.0], [80330.0, 4250.0], [80325.0, 580.0], [80322.5, 1920.0], [80320.0, 1900.0], [80317.5, 6730.0], [80315.0, 120.0], [80310.0, 1310.0], [80307.5, 4240.0], [80300.0, 4270.0], [80297.5, 14240.0], [80287.5, 19240.0], [80285.0, 58010.0], [80282.5, 24210.0], [80280.0, 3750.0], [80277.5, 4200.0], [80275.0, 2210.0], [80272.5, 7360.0], [80267.5, 1270.0], [80265.0, 4230.0]], "asks": [[80340.0, 3040.0], [80342.5, 1900.0], [80345.0, 4900.0], [80347.5, 11900.0], [80350.0, 1140.0], [80352.5, 1900.0], [80355.0, 3790.0], [80357.5, 8590.0], [80360.0, 120.0], [80377.5, 1270.0], [80380.0, 4240.0], [80395.0, 8240.0], [80397.5, 24970.0], [80400.0, 3760.0], [80402.5, 4240.0], [80410.0, 15460.0], [80412.5, 4240.0], [80415.0, 49650.0], [80420.0, 1880.0], [80422.5, 4280.0]]}}}
{"jsonrpc": "2.0", "method": "subscription", "params": {"channel": "book.BTC-14MAR25.none.20.100ms", "data": {"timestamp": 1741675608237, "change_id": 92186671647, "instrument_name": "BTC-14MAR25", "bids": [[80207.5, 1300.0], [80205.0, 1300.0], [80202.5, 2470.0], [80200.0, 39770.0], [80197.5, 126770.0], [80195.0, 1580.0], [80192.5, 4710.0], [80190.0, 11800.0], [80187.5, 50000.0], [80182.5, 120.0], [80180.0, 1410.0], [80177.5, 4570.0], [80172.5, 7240.0], [80170.0, 25570.0], [80167.5, 4700.0], [80165.0, 4260.0], [80162.5, 10000.0], [80160.0, 3970.0], [80155.0, 4560.0], [80147.5, 1410.0]], "asks": [[80210.0, 10010.0], [80220.0, 430.0], [80222.5, 1300.0], [80225.0, 900.0], [80227.5, 1300.0], [80230.0, 3310.0], [80232.5, 6000.0], [80235.0, 2600.0], [80242.5, 1410.0], [80245.0, 4700.0], [80247.5, 780.0], [80250.0, 2600.0], [80252.5, 1410.0], [80255.0, 13730.0], [80257.5, 30120.0], [80262.5, 1410.0], [80265.0, 4690.0], [80267.5, 600.0], [80270.0, 2000.0], [80272.5, 1410.0]]}}}
{"jsonrpc": "2.0", "method": "subscription", "params": {"channel": "book.BTC-14MAR25.none.20.100ms", "data": {"timestamp": 1741675608629, "change_id": 92186672075, "instrument_name": "BTC-14MAR25", "bids": [[80207.5, 1310.0], [80205.0, 1300.0], [80202.5, 2470.0], [80200.0, 39770.0], [80197.5, 126770.0], [80195.0, 1580.0], [80192.5, 4710.0], [80190.0, 11800.0], [80187.5, 50000.0], [80182.5, 120.0], [80180.0, 1410.0], [80177.5, 4570.0], [80172.5, 7240.0], [80170.0, 25570.0], [80167.5, 4700.0], [80165.0, 4260.0], [80162.5, 10000.0], [80160.0, 3970.0], [80155.0, 4560.0], [80147.5, 1410.0]], "asks": [[80210.0, 10000.0], [80220.0, 430.0], [80222.5, 1300.0], [80225.0, 900.0], [80227.5, 1300.0], [80230.0, 3310.0], [80232.5, 6000.0], [80235.0, 2600.0], [80242.5, 1410.0], [80245.0, 4700.0], [80247.5, 780.0], [80250.0, 2600.0], [80252.5, 1410.0], [80255.0, 13730.0], [80257.5, 30120.0], [80262.5, 1410.0], [80265.0, 4690.0], [80267.5, 600.0], [80270.0, 2000.0], [80272.5, 1410.0]]}}}
