{"jsonrpc": "2.0", "method": "subscription", "params": {"channel": "book.BTC-15AUG25.none.20.100ms", "data": {"timestamp": 1754926140087, "change_id": 113014455335, "instrument_name": "BTC-15AUG25", "bids": [[120240.0, 7200.0], [120237.5, 50000.0], [120235.0, 1200.0], [120222.5, 360.0], [120220.0, 1200.0], [120210.0, 2660.0], [120207.5, 5000.0], [120205.0, 3880.0], [120200.0, 7690.0], [120195.0, 12000.0], [120192.5, 160.0], [120190.0, 3000.0], [120187.5, 14690.0], [120182.5, 5080.0], [120170.0, 3890.0], [120162.5, 1410.0], [120160.0, 4690.0], [120155.0, 360.0], [120152.5, 1200.0], [120150.0, 1160.0]], "asks": [[120242.5, 18450.0], [120247.5, 3780.0], [120250.0, 19330.0], [120252.5, 20160.0], [120255.0, 4060.0], [120260.0, 3860.0], [120262.5, 12700.0], [120265.0, 13450.0], [120267.5, 4060.0], [120270.0, 132290.0], [120280.0, 1190.0], [120282.5, 3980.0], [120290.0, 15020.0], [120292.5, 50000.0], [120295.0, 7020.0], [120297.5, 23880.0], [120307.5, 1220.0], [120310.0, 4060.0], [120330.0, 1210.0], [120332.5, 4040.0]]}}}
{"jsonrpc": "2.0", "method": "subscription", "params": {"channel": "book.BTC-22AUG25.none.20.100ms", "data": {"timestamp": 1754926140085, "change_id": 113014455334, "instrument_name": "BTC-22AUG25", "bids": [[120525.0, 190.0], [120522.5, 5000.0], [120520.0, 4750.0], [120512.5, 4030.0], [120510.0, 6100.0], [120507.5, 10000.0], [120502.5, 13310.0], [120500.0, 132550.0], [120487.5, 7600.0], [120472.5, 3870.0], [120470.0, 12890.0], [120452.5, 6000.0], [120450.0, 20830.0], [120447.5, 2930.0], [120435.0, 5610.0], [120432.5, 18700.0], [120427.5, 5170.0], [120392.5, 860.0], [120390.0, 2880.0], [120387.5, 20.0]], "asks": [[120527.5, 7480.0], [120530.0, 5000.0], [120532.5, 3000.0], [120535.0, 10000.0], [120537.5, 2310.0], [120540.0, 7520.0], [120545.0, 14100.0], [120547.5, 53100.0], [120550.0, 5950.0], [120552.5, 2820.0], [120555.0, 3720.0], [120557.5, 10000.0], [120560.0, 2400.0], [120570.0, 2150.0], [120572.5, 7510.0], [120580.0, 20.0], [120600.0, 870.0], [120602.5, 2890.0], [120610.0, 6000.0], [120612.5, 20000.0]]}}}
{"jsonrpc": "2.0", "method": "subscription", "params": {"channel": "book.BTC-15AUG25.none.20.100ms", "data": {"timestamp": 1754926140395, "change_id": 113014455567, "instrument_name": "BTC-15AUG25", "bids": [[120240.0, 7200.0], [120237.5, 50000.0], [120235.0, 1200.0], [120222.5, 360.0], [120220.0, 1200.0], [120210.0, 2660.0], [120207.5, 5000.0], [120205.0, 3880.0], [120200.0, 7690.0], [120195.0, 12000.0], [120192.5, 160.0], [120190.0, 3000.0], [120187.5, 14690.0], [120182.5, 5080.0], [120170.0, 3890.0], [120162.5, 1410.0], [120160.0, 4690.0], [120155.0, 360.0], [120152.5, 1200.0], [120150.0, 1160.0]], "asks": [[120242.5, 18450.0], [120247.5, 3780.0], [120250.0, 19330.0], [120252.5, 20160.0], [120255.0, 4060.0], [120260.0, 3860.0], [120262.5, 12700.0], [120265.0, 13450.0], [120267.5, 4060.0], [120270.0, 132290.0], [120280.0, 1190.0], [120282.5, 3980.0], [120290.0, 15020.0], [120295.0, 57020.0], [120297.5, 23880.0], [120307.5, 1220.0], [120310.0, 4060.0], [120330.0, 1210.0], [120332.5, 4040.0], [120355.0, 4920.0]]}}}
{"jsonrpc": "2.0", "method": "subscription", "params": {"channel": "book.BTC-15AUG25.none.20.100ms", "data": {"timestamp": 1754926140972, "change_id": 113014456691, "instrument_name": "BTC-15AUG25", "bids": [[120240.0, 7200.0], [120237.5, 50360.0], [120235.0, 1200.0], [120230.0, 1210.0], [120227.5, 4040.0], [120222.5, 360.0], [120220.0, 1200.0], [120212.5, 1500.0], [120210.0, 5000.0], [120205.0, 3880.0], [120200.0, 7690.0], [120197.5, 3600.0], [120195.0, 12000.0], [120192.5, 160.0], [120190.0, 3000.0], [120187.5, 10000.0], [120182.5, 5080.0], [120170.0, 3890.0], [120162.5, 1410.0], [120160.0, 4690.0]], "asks": [[120242.5, 18450.0], [120247.5, 3780.0], [120250.0, 19330.0], [120252.5, 20160.0], [120255.0, 4060.0], [120260.0, 3860.0], [120262.5, 12700.0], [120265.0, 13450.0], [120267.5, 4060.0], [120270.0, 132290.0], [120280.0, 1190.0], [120282.5, 3980.0], [120290.0, 15020.0], [120295.0, 57020.0], [120297.5, 23880.0], [120307.5, 1220.0], [120310.0, 4060.0], [120330.0, 1210.0], [120332.5, 4040.0], [120355.0, 4920.0]]}}}
{"jsonrpc": "2.0", "method": "subscription", "params": {"channel": "book.BTC-22AUG25.none.20.100ms", "data": {"timestamp": 1754926140971, "change_id": 113014456688, "instrument_name": "BTC-22AUG25", "bids": [[120525.0, 190.0], [120522.5, 6430.0], [120520.0, 4750.0], [120515.0, 1860.0], [120512.5, 3100.0], [120510.0, 6100.0], [120507.5, 10000.0], [120502.5, 13310.0], [120500.0, 132550.0], [120487.5, 7600.0], [120472.5, 870.0], [120470.0, 2890.0], [120455.0, 10000.0], [120452.5, 6000.0], [120450.0, 20830.0], [120447.5, 2930.0], [120435.0, 5610.0], [120432.5, 18700.0], [120430.0, 1550.0], [120427.5, 5170.0]], "asks": [[120527.5, 4590.0], [120535.0, 15000.0], [120537.5, 990.0], [120540.0, 2770.0], [120545.0, 14100.0], [120547.5, 3100.0], [120550.0, 55950.0], [120552.5, 7570.0], [120555.0, 3720.0], [120557.5, 10000.0], [120560.0, 2400.0], [120570.0, 2150.0], [120572.5, 7510.0], [120580.0, 20.0], [120600.0, 870.0], [120602.5, 2890.0], [120610.0, 6000.0], [120612.5, 20000.0], [120637.5, 860.0], [120640.0, 2880.0]]}}}
{"jsonrpc": "2.0", "method": "subscription", "params": {"channel": "book.BTC-15AUG25.none.20.100ms", "data": {"timestamp": 1754926141255, "change_id": 113014457035, "instrument_name": "BTC-15AUG25", "bids": [[120240.0, 7200.0], [120237.5, 50000.0], [120235.0, 1200.0], [120230.0, 1210.0], [120227.5, 4040.0], [120222.5, 360.0], [120220.0, 1200.0], [120212.5, 1500.0], [120210.0, 5000.0], [120205.0, 3880.0], [120200.0, 7690.0], [120197.5, 3600.0], [120195.0, 12000.0], [120192.5, 4850.0], [120190.0, 3000.0], [120187.5, 10000.0], [120182.5, 5080.0], [120170.0, 3890.0], [120162.5, 1410.0], [120160.0, 4690.0]], "asks": [[120242.5, 31150.0], [120247.5, 3780.0], [120250.0, 19330.0], [120252.5, 20160.0], [120255.0, 4060.0], [120260.0, 3860.0], [120262.5, 12700.0], [120265.0, 13450.0], [120267.5, 4060.0], [120270.0, 132290.0], [120280.0, 1190.0], [120282.5, 3980.0], [120290.0, 15020.0], [120295.0, 57020.0], [120297.5, 23880.0], [120307.5, 1220.0], [120310.0, 4060.0], [120330.0, 1210.0], [120332.5, 4040.0], [120355.0, 4920.0]]}}}
{"jsonrpc": "2.0", "method": "subscription", "params": {"channel": "book.BTC-22AUG25.none.20.100ms", "data": {"timestamp": 1754926141213, "change_id": 113014457005, "instrument_name": "BTC-22AUG25", "bids": [[120525.0, 8040.0], [120522.5, 5000.0], [120515.0, 1860.0], [120512.5, 3100.0], [120510.0, 6100.0], [120507.5, 10000.0], [120502.5, 13310.0], [120500.0, 132550.0], [120487.5, 7600.0], [120472.5, 870.0], [120470.0, 2890.0], [120467.5, 10000.0], [120452.5, 6000.0], [120450.0, 20830.0], [120447.5, 2930.0], [120435.0, 5610.0], [120432.5, 18700.0], [120430.0, 1550.0], [120427.5, 5170.0], [120392.5, 860.0]], "asks": [[120527.5, 4590.0], [120532.5, 4060.0], [120535.0, 15000.0], [120537.5, 990.0], [120540.0, 2770.0], [120545.0, 14100.0], [120547.5, 3100.0], [120550.0, 55950.0], [120552.5, 7570.0], [120555.0, 3720.0], [120557.5, 10000.0], [120560.0, 2400.0], [120570.0, 2150.0], [120572.5, 7510.0], [120580.0, 20.0], [120600.0, 870.0], [120602.5, 2890.0], [120610.0, 6000.0], [120612.5, 20000.0], [120637.5, 860.0]]}}}
{"jsonrpc": "2.0", "method": "subscription", "params": {"channel": "book.BTC-15AUG25.none.20.100ms", "data": {"timestamp": 1754926141423, "change_id": 113014457218, "instrument_name": "BTC-15AUG25", "bids": [[120240.0, 7200.0], [120237.5, 50000.0], [120235.0, 1200.0], [120230.0, 1210.0], [120227.5, 4040.0], [120222.5, 360.0], [120220.0, 1200.0], [120212.5, 1500.0], [120210.0, 5000.0], [120207.5, 10000.0], [120205.0, 3880.0], [120200.0, 7690.0], [120195.0, 2000.0], [120192.5, 4850.0], [120190.0, 3000.0], [120187.5, 10000.0], [120182.5, 5080.0], [120170.0, 3890.0], [120162.5, 1410.0], [120160.0, 4690.0]], "asks": [[120242.5, 31150.0], [120247.5, 3780.0], [120250.0, 19330.0], [120252.5, 20160.0], [120255.0, 4060.0], [120260.0, 3860.0], [120262.5, 12700.0], [120265.0, 13450.0], [120267.5, 4060.0], [120270.0, 132290.0], [120280.0, 1190.0], [120282.5, 3980.0], [120290.0, 15020.0], [120295.0, 57020.0], [120297.5, 23880.0], [120307.5, 1220.0], [120310.0, 4060.0], [120330.0, 1210.0], [120332.5, 4040.0], [120355.0, 4920.0]]}}}
{"jsonrpc": "2.0", "method": "subscription", "params": {"channel": "book.BTC-15AUG25.none.20.100ms", "data": {"timestamp": 1754926141916, "change_id": 113014457868, "instrument_name": "BTC-15AUG25", "bids": [[120240.0, 7200.0], [120237.5, 50000.0], [120235.0, 1200.0], [120230.0, 1210.0], [120227.5, 4040.0], [120222.5, 360.0], [120220.0, 1200.0], [120212.5, 1500.0], [120210.0, 9160.0], [120207.5, 10000.0], [120205.0, 3880.0], [120200.0, 7690.0], [120195.0, 2000.0], [120192.5, 4850.0], [120190.0, 3000.0], [120187.5, 10000.0], [120182.5, 5080.0], [120172.5, 1170.0], [120170.0, 3890.0], [120162.5, 1410.0]], "asks": [[120242.5, 31150.0], [120247.5, 3780.0], [120250.0, 19330.0], [120252.5, 20160.0], [120255.0, 4060.0], [120260.0, 3860.0], [120262.5, 12700.0], [120265.0, 13450.0], [120267.5, 4060.0], [120270.0, 132290.0], [120280.0, 1190.0], [120282.5, 3980.0], [120290.0, 15020.0], [120295.0, 57020.0], [120297.5, 23880.0], [120307.5, 1220.0], [120310.0, 4060.0], [120330.0, 1210.0], [120332.5, 4040.0], [120355.0, 4920.0]]}}}
{"jsonrpc": "2.0", "method": "subscription", "params": {"channel": "book.BTC-22AUG25.none.20.100ms", "data": {"timestamp": 1754926141838, "change_id": 113014457850, "instrument_name": "BTC-22AUG25", "bids": [[120525.0, 8040.0], [120522.5, 5000.0], [120515.0, 1860.0], [120512.5, 3100.0], [120510.0, 6100.0], [120507.5, 10000.0], [120502.5, 13310.0], [120500.0, 132550.0], [120487.5, 7600.0], [120472.5, 870.0], [120470.0, 5890.0], [120467.5, 10000.0], [120452.5, 6000.0], [120450.0, 20830.0], [120447.5, 2930.0], [120435.0, 5610.0], [120432.5, 18700.0], [120430.0, 1550.0], [120427.5, 5170.0], [120392.5, 860.0]], "asks": [[120527.5, 4590.0], [120530.0, 5000.0], [120532.5, 3000.0], [120535.0, 10000.0], [120537.5, 990.0], [120540.0, 2770.0], [120545.0, 14100.0], [120547.5, 3100.0], [120550.0, 55950.0], [120552.5, 7570.0], [120555.0, 3720.0], [120557.5, 10000.0], [120560.0, 2400.0], [120570.0, 2150.0], [120572.5, 7510.0], [120580.0, 20.0], [120600.0, 870.0], [120602.5, 2890.0], [120610.0, 6000.0], [120612.5, 20000.0]]}}}
{"jsonrpc": "2.0", "method": "subscription", "params": {"channel": "book.BTC-15AUG25.none.20.100ms", "data": {"timestamp": 1754926142129, "change_id": 113014458244, "instrument_name": "BTC-15AUG25", "bids": [[120240.0, 7200.0], [120237.5, 50000.0], [120235.0, 1200.0], [120222.5, 360.0], [120220.0, 1200.0], [120212.5, 1500.0], [120210.0, 9160.0], [120207.5, 10000.0], [120205.0, 3880.0], [120200.0, 7690.0], [120195.0, 2000.0], [120192.5, 4850.0], [120190.0, 3000.0], [120187.5, 10000.0], [120182.5, 5080.0], [120172.5, 1170.0], [120170.0, 3890.0], [120162.5, 1410.0], [120160.0, 4690.0], [120155.0, 360.0]], "asks": [[120242.5, 31150.0], [120247.5, 3780.0], [120250.0, 19330.0], [120252.5, 20160.0], [120255.0, 4060.0], [120260.0, 3860.0], [120262.5, 12700.0], [120265.0, 13450.0], [120267.5, 4060.0], [120270.0, 132290.0], [120280.0, 1190.0], [120282.5, 3980.0], [120290.0, 15020.0], [120292.5, 50000.0], [120295.0, 7020.0], [120297.5, 23880.0], [120307.5, 1220.0], [120310.0, 4060.0], [120330.0, 1210.0], [120332.5, 4040.0]]}}}
{"jsonrpc": "2.0", "method": "subscription", "params": {"channel": "book.BTC-15AUG25.none.20.100ms", "data": {"timestamp": 1754926142626, "change_id": 113014458730, "instrument_name": "BTC-15AUG25", "bids": [[120240.0, 7200.0], [120237.5, 50000.0], [120235.0, 1200.0], [120230.0, 1180.0], [120227.5, 3940.0], [120222.5, 360.0], [120220.0, 1200.0], [120212.5, 1500.0], [120210.0, 9160.0], [120207.5, 10000.0], [120205.0, 3880.0], [120200.0, 7690.0], [120195.0, 2000.0], [120192.5, 4850.0], [120190.0, 3000.0], [120187.5, 10000.0], [120182.5, 5080.0], [120172.5, 1170.0], [120170.0, 3890.0], [120162.5, 1410.0]], "asks": [[120242.5, 31150.0], [120247.5, 3780.0], [120250.0, 19330.0], [120252.5, 20160.0], [120255.0, 4060.0], [120260.0, 3860.0], [120262.5, 12700.0], [120265.0, 13450.0], [120267.5, 4060.0], [120270.0, 132290.0], [120280.0, 1190.0], [120282.5, 3980.0], [120290.0, 15020.0], [120292.5, 50000.0], [120295.0, 7020.0], [120297.5, 23880.0], [120307.5, 1220.0], [120310.0, 4060.0], [120330.0, 1210.0], [120332.5, 4040.0]]}}}
{"jsonrpc": "2.0", "method": "subscription", "params": {"channel": "book.BTC-15AUG25.none.20.100ms", "data": {"timestamp": 1754926142916, "change_id": 113014459109, "instrument_name": "BTC-15AUG25", "bids": [[120240.0, 7200.0], [120237.5, 50000.0], [120235.0, 1200.0], [120222.5, 360.0], [120220.0, 1200.0], [120212.5, 1500.0], [120210.0, 9160.0], [120207.5, 10000.0], [120205.0, 3880.0], [120200.0, 7690.0], [120195.0, 2000.0], [120192.5, 4850.0], [120190.0, 3000.0], [120187.5, 10000.0], [120182.5, 5080.0], [120172.5, 1170.0], [120170.0, 3890.0], [120162.5, 1410.0], [120160.0, 4690.0], [120155.0, 360.0]], "asks": [[120242.5, 31150.0], [120247.5, 3780.0], [120250.0, 19330.0], [120252.5, 20160.0], [120255.0, 4060.0], [120260.0, 3860.0], [120262.5, 12700.0], [120265.0, 13450.0], [120267.5, 4060.0], [120270.0, 132290.0], [120280.0, 1190.0], [120282.5, 3980.0], [120290.0, 15020.0], [120295.0, 57020.0], [120297.5, 23880.0], [120307.5, 1220.0], [120310.0, 4060.0], [120330.0, 1210.0], [120332.5, 4040.0], [120355.0, 4920.0]]}}}
{"jsonrpc": "2.0", "method": "subscription", "params": {"channel": "book.BTC-22AUG25.none.20.100ms", "data": {"timestamp": 1754926142752, "change_id": 113014458926, "instrument_name": "BTC-22AUG25", "bids": [[120525.0, 8040.0], [120522.5, 5000.0], [120515.0, 1860.0], [120512.5, 3100.0], [120510.0, 6100.0], [120507.5, 10000.0], [120502.5, 13310.0], [120500.0, 132550.0], [120487.5, 7600.0], [120472.5, 870.0], [120470.0, 5890.0], [120467.5, 10000.0], [120452.5, 6000.0], [120450.0, 20830.0], [120447.5, 2930.0], [120435.0, 5610.0], [120432.5, 18700.0], [120430.0, 1550.0], [120427.5, 5170.0], [120392.5, 860.0]], "asks": [[120527.5, 7480.0], [120530.0, 5000.0], [120532.5, 3000.0], [120535.0, 10000.0], [120537.5, 990.0], [120540.0, 2770.0], [120545.0, 14100.0], [120547.5, 3100.0], [120550.0, 55950.0], [120552.5, 7570.0], [120555.0, 3720.0], [120557.5, 10000.0], [120560.0, 2400.0], [120570.0, 2150.0], [120572.5, 7510.0], [120580.0, 20.0], [120600.0, 870.0], [120602.5, 2890.0], [120610.0, 6000.0], [120612.5, 20000.0]]}}}
{"jsonrpc": "2.0", "method": "subscription", "params": {"channel": "book.BTC-15AUG25.none.20.100ms", "data": {"timestamp": 1754926143255, "change_id": 113014459466, "instrument_name": "BTC-15AUG25", "bids": [[120240.0, 7200.0], [120237.5, 50000.0], [120235.0, 1200.0], [120225.0, 360.0], [120220.0, 1200.0], [120212.5, 1500.0], [120210.0, 9160.0], [120207.5, 10000.0], [120205.0, 3880.0], [120202.5, 2310.0], [120200.0, 7690.0], [120195.0, 2000.0], [120192.5, 4850.0], [120190.0, 3000.0], [120187.5, 10000.0], [120182.5, 5080.0], [120172.5, 1170.0], [120170.0, 3890.0], [120162.5, 1410.0], [120160.0, 4690.0]], "asks": [[120242.5, 18450.0], [120247.5, 3780.0], [120250.0, 19330.0], [120252.5, 20160.0], [120255.0, 4060.0], [120260.0, 3860.0], [120262.5, 12700.0], [120265.0, 13450.0], [120267.5, 4060.0], [120270.0, 132290.0], [120280.0, 1190.0], [120282.5, 3980.0], [120290.0, 15020.0], [120295.0, 57020.0], [120297.5, 23880.0], [120307.5, 1220.0], [120310.0, 4060.0], [120330.0, 1210.0], [120332.5, 4040.0], [120355.0, 4920.0]]}}}
{"jsonrpc": "2.0", "method": "subscription", "params": {"channel": "book.BTC-22AUG25.none.20.100ms", "data": {"timestamp": 1754926143253, "change_id": 113014459463, "instrument_name": "BTC-22AUG25", "bids": [[120525.0, 4940.0], [120522.5, 5000.0], [120515.0, 1860.0], [120512.5, 3100.0], [120510.0, 6100.0], [120507.5, 10000.0], [120502.5, 13310.0], [120500.0, 132550.0], [120487.5, 7600.0], [120472.5, 870.0], [120470.0, 5890.0], [120467.5, 10000.0], [120452.5, 6000.0], [120450.0, 20830.0], [120447.5, 2930.0], [120435.0, 5610.0], [120432.5, 18700.0], [120430.0, 1550.0], [120427.5, 5170.0], [120392.5, 860.0]], "asks": [[120527.5, 7480.0], [120530.0, 5000.0], [120532.5, 3000.0], [120535.0, 10000.0], [120537.5, 990.0], [120540.0, 2770.0], [120545.0, 14100.0], [120547.5, 3100.0], [120550.0, 55950.0], [120552.5, 7570.0], [120555.0, 3720.0], [120557.5, 10000.0], [120560.0, 2400.0], [120570.0, 2150.0], [120572.5, 7510.0], [120580.0, 20.0], [120600.0, 870.0], [120602.5, 2890.0], [120610.0, 6000.0], [120612.5, 20000.0]]}}}
{"jsonrpc": "2.0", "method": "subscription", "params": {"channel": "book.BTC-15AUG25.none.20.100ms", "data": {"timestamp": 1754926143603, "change_id": 113014459969, "instrument_name": "BTC-15AUG25", "bids": [[120240.0, 7200.0], [120237.5, 50000.0], [120235.0, 1200.0], [120230.0, 1180.0], [120227.5, 3940.0], [120225.0, 360.0], [120220.0, 1200.0], [120212.5, 1500.0], [120210.0, 9160.0], [120207.5, 10000.0], [120205.0, 3880.0], [120202.5, 2310.0], [120200.0, 7690.0], [120195.0, 2000.0], [120192.5, 4850.0], [120190.0, 3000.0], [120187.5, 10000.0], [120182.5, 5080.0], [120172.5, 1170.0], [120170.0, 3890.0]], "asks": [[120242.5, 18450.0], [120247.5, 3780.0], [120250.0, 19330.0], [120252.5, 20160.0], [120255.0, 4060.0], [120260.0, 3860.0], [120262.5, 12700.0], [120265.0, 13450.0], [120267.5, 4060.0], [120270.0, 132290.0], [120280.0, 1190.0], [120282.5, 3980.0], [120290.0, 15020.0], [120295.0, 57020.0], [120297.5, 23880.0], [120307.5, 1220.0], [120310.0, 4060.0], [120330.0, 1210.0], [120332.5, 4040.0], [120355.0, 4920.0]]}}}
{"jsonrpc": "2.0", "method": "subscription", "params": {"channel": "book.BTC-15AUG25.none.20.100ms", "data": {"timestamp": 1754926143930, "change_id": 113014460441, "instrument_name": "BTC-15AUG25", "bids": [[120240.0, 7200.0], [120237.5, 50000.0], [120235.0, 1200.0], [120225.0, 360.0], [120220.0, 1200.0], [120212.5, 1500.0], [120210.0, 9160.0], [120207.5, 10000.0], [120205.0, 3880.0], [120202.5, 2310.0], [120200.0, 7690.0], [120195.0, 2000.0], [120192.5, 4850.0], [120190.0, 3000.0], [120187.5, 10000.0], [120182.5, 5080.0], [120172.5, 1170.0], [120170.0, 3890.0], [120162.5, 1410.0], [120160.0, 4690.0]], "asks": [[120242.5, 18450.0], [120247.5, 3780.0], [120250.0, 19330.0], [120252.5, 20160.0], [120255.0, 4060.0], [120260.0, 3860.0], [120262.5, 12700.0], [120265.0, 13450.0], [120267.5, 4060.0], [120270.0, 132290.0], [120280.0, 1190.0], [120282.5, 3980.0], [120290.0, 15020.0], [120295.0, 57020.0], [120297.5, 23880.0], [120307.5, 1220.0], [120310.0, 4060.0], [120330.0, 1210.0], [120332.5, 4040.0], [120355.0, 4920.0]]}}}
{"jsonrpc": "2.0", "method": "subscription", "params": {"channel": "book.BTC-15AUG25.none.20.100ms", "data": {"timestamp": 1754926144010, "change_id": 113014460733, "instrument_name": "BTC-15AUG25", "bids": [[120240.0, 7200.0], [120237.5, 50000.0], [120235.0, 1200.0], [120225.0, 2540.0], [120222.5, 7400.0], [120220.0, 1200.0], [120212.5, 1500.0], [120210.0, 9160.0], [120207.5, 10000.0], [120205.0, 3880.0], [120202.5, 2310.0], [120200.0, 7690.0], [120195.0, 2000.0], [120192.5, 4850.0], [120190.0, 3000.0], [120187.5, 10000.0], [120182.5, 5080.0], [120172.5, 1170.0], [120170.0, 3890.0], [120162.5, 1410.0]], "asks": [[120242.5, 31150.0], [120245.0, 5900.0], [120247.5, 3780.0], [120250.0, 19330.0], [120252.5, 20160.0], [120255.0, 4060.0], [120260.0, 3860.0], [120262.5, 12700.0], [120265.0, 13450.0], [120267.5, 4060.0], [120270.0, 132290.0], [120280.0, 1190.0], [120282.5, 3980.0], [120290.0, 15020.0], [120295.0, 57020.0], [120297.5, 23880.0], [120307.5, 1220.0], [120310.0, 4060.0], [120330.0, 1210.0], [120332.5, 4040.0]]}}}
{"jsonrpc": "2.0", "method": "subscription", "params": {"channel": "book.BTC-15AUG25.none.20.100ms", "data": {"timestamp": 1754926144365, "change_id": 113014460874, "instrument_name": "BTC-15AUG25", "bids": [[120240.0, 7200.0], [120237.5, 50000.0], [120235.0, 1200.0], [120225.0, 360.0], [120220.0, 1200.0], [120212.5, 1500.0], [120210.0, 9160.0], [120207.5, 10000.0], [120205.0, 3880.0], [120202.5, 2310.0], [120200.0, 7690.0], [120195.0, 3460.0], [120192.5, 4850.0], [120190.0, 3000.0], [120187.5, 10000.0], [120182.5, 5080.0], [120172.5, 1170.0], [120170.0, 3890.0], [120162.5, 1410.0], [120160.0, 4690.0]], "asks": [[120242.5, 31150.0], [120245.0, 5900.0], [120247.5, 3780.0], [120250.0, 19330.0], [120252.5, 20160.0], [120255.0, 4060.0], [120260.0, 3860.0], [120262.5, 12700.0], [120265.0, 13450.0], [120267.5, 4060.0], [120270.0, 132290.0], [120280.0, 1190.0], [120282.5, 3980.0], [120290.0, 15020.0], [120295.0, 57020.0], [120297.5, 23880.0], [120307.5, 1220.0], [120310.0, 4060.0], [120330.0, 1210.0], [120332.5, 4040.0]]}}}
{"jsonrpc": "2.0", "method": "subscription", "params": {"channel": "book.BTC-15AUG25.none.20.100ms", "data": {"timestamp": 1754926145170, "change_id": 113014462015, "instrument_name": "BTC-15AUG25", "bids": [[120240.0, 7200.0], [120237.5, 50000.0], [120235.0, 1200.0], [120225.0, 360.0], [120220.0, 1200.0], [120212.5, 1500.0], [120210.0, 9160.0], [120207.5, 10000.0], [120205.0, 3880.0], [120202.5, 2310.0], [120200.0, 7690.0], [120195.0, 3460.0], [120192.5, 4850.0], [120190.0, 3000.0], [120187.5, 10000.0], [120182.5, 5080.0], [120172.5, 1170.0], [120170.0, 3890.0], [120162.5, 1410.0], [120160.0, 4690.0]], "asks": [[120242.5, 31150.0], [120245.0, 5900.0], [120247.5, 3780.0], [120250.0, 19330.0], [120252.5, 20160.0], [120255.0, 4060.0], [120260.0, 3860.0], [120262.5, 12700.0], [120265.0, 13450.0], [120267.5, 4060.0], [120270.0, 132290.0], [120280.0, 1190.0], [120282.5, 3980.0], [120290.0, 15020.0], [120292.5, 50000.0], [120295.0, 7020.0], [120297.5, 23880.0], [120307.5, 1220.0], [120310.0, 4060.0], [120330.0, 1210.0]]}}}
{"jsonrpc": "2.0", "method": "subscription", "params": {"channel": "book.BTC-15AUG25.none.20.100ms", "data": {"timestamp": 1754926145828, "change_id": 113014462799, "instrument_name": "BTC-15AUG25", "bids": [[120240.0, 7200.0], [120237.5, 50000.0], [120235.0, 1200.0], [120225.0, 360.0], [120220.0, 1200.0], [120212.5, 1500.0], [120210.0, 9160.0], [120207.5, 10000.0], [120205.0, 3880.0], [120202.5, 2310.0], [120200.0, 7690.0], [120197.5, 600.0], [120195.0, 3460.0], [120192.5, 4850.0], [120190.0, 3000.0], [120187.5, 10000.0], [120182.5, 5080.0], [120172.5, 1170.0], [120170.0, 3890.0], [120162.5, 1410.0]], "asks": [[120242.5, 31150.0], [120245.0, 5900.0], [120247.5, 3780.0], [120250.0, 19330.0], [120252.5, 20160.0], [120255.0, 4060.0], [120260.0, 3860.0], [120262.5, 12700.0], [120265.0, 13450.0], [120267.5, 4060.0], [120270.0, 132290.0], [120280.0, 1190.0], [120282.5, 3980.0], [120290.0, 15020.0], [120295.0, 57020.0], [120297.5, 23880.0], [120307.5, 1220.0], [120310.0, 4060.0], [120330.0, 1210.0], [120332.5, 4040.0]]}}}
{"jsonrpc": "2.0", "method": "subscription", "params": {"channel": "book.BTC-22AUG25.none.20.100ms", "data": {"timestamp": 1754926145776, "change_id": 113014462656, "instrument_name": "BTC-22AUG25", "bids": [[120525.0, 4940.0], [120522.5, 5000.0], [120515.0, 1860.0], [120512.5, 3100.0], [120510.0, 6100.0], [120507.5, 10000.0], [120502.5, 13310.0], [120500.0, 132550.0], [120487.5, 7600.0], [120472.5, 870.0], [120470.0, 5890.0], [120467.5, 10000.0], [120452.5, 6000.0], [120450.0, 20830.0], [120447.5, 2930.0], [120435.0, 5610.0], [120432.5, 18700.0], [120430.0, 1550.0], [120427.5, 5170.0], [120392.5, 860.0]], "asks": [[120527.5, 7480.0], [120530.0, 5000.0], [120532.5, 3000.0], [120535.0, 10000.0], [120537.5, 990.0], [120540.0, 2770.0], [120545.0, 14100.0], [120547.5, 3100.0], [120550.0, 55950.0], [120552.5, 7570.0], [120555.0, 3720.0], [120557.5, 10000.0], [120560.0, 2400.0], [120570.0, 2150.0], [120572.5, 7510.0], [120580.0, 20.0], [120600.0, 870.0], [120602.5, 2890.0], [120610.0, 6000.0], [120612.5, 20000.0]]}}}
{"jsonrpc": "2.0", "method": "subscription", "params": {"channel": "book.BTC-15AUG25.none.20.100ms", "data": {"timestamp": 1754926146261, "change_id": 113014463175, "instrument_name": "BTC-15AUG25", "bids": [[120240.0, 7200.0], [120237.5, 50000.0], [120235.0, 1200.0], [120230.0, 1180.0], [120227.5, 3940.0], [120225.0, 2570.0], [120222.5, 7500.0], [120220.0, 1200.0], [120212.5, 1500.0], [120210.0, 9160.0], [120207.5, 10000.0], [120205.0, 3880.0], [120202.5, 2310.0], [120200.0, 7690.0], [120197.5, 600.0], [120195.0, 3460.0], [120192.5, 4850.0], [120190.0, 3000.0], [120187.5, 10000.0], [120182.5, 5080.0]], "asks": [[120242.5, 18450.0], [120245.0, 5900.0], [120247.5, 3780.0], [120250.0, 19330.0], [120252.5, 20160.0], [120255.0, 4060.0], [120260.0, 3860.0], [120262.5, 12700.0], [120265.0, 13450.0], [120267.5, 4060.0], [120270.0, 132290.0], [120280.0, 1190.0], [120282.5, 3980.0], [120290.0, 15020.0], [120295.0, 57020.0], [120297.5, 23880.0], [120307.5, 1220.0], [120310.0, 4060.0], [120330.0, 1210.0], [120332.5, 4040.0]]}}}
{"jsonrpc": "2.0", "method": "subscription", "params": {"channel": "book.BTC-22AUG25.none.20.100ms", "data": {"timestamp": 1754926146510, "change_id": 113014463452, "instrument_name": "BTC-22AUG25", "bids": [[120525.0, 4940.0], [120522.5, 5000.0], [120515.0, 1860.0], [120512.5, 3100.0], [120510.0, 6100.0], [120507.5, 10000.0], [120502.5, 13310.0], [120500.0, 132550.0], [120487.5, 7600.0], [120472.5, 870.0], [120470.0, 5890.0], [120467.5, 10000.0], [120460.0, 160.0], [120452.5, 6000.0], [120450.0, 20830.0], [120447.5, 2770.0], [120435.0, 5610.0], [120432.5, 18700.0], [120430.0, 1550.0], [120427.5, 5170.0]], "asks": [[120527.5, 7480.0], [120532.5, 3000.0], [120535.0, 15000.0], [120537.5, 990.0], [120540.0, 2770.0], [120545.0, 14100.0], [120547.5, 3100.0], [120550.0, 55950.0], [120552.5, 7570.0], [120555.0, 3720.0], [120557.5, 10000.0], [120560.0, 2400.0], [120570.0, 2150.0], [120572.5, 7510.0], [120580.0, 20.0], [120600.0, 870.0], [120602.5, 2890.0], [120610.0, 6000.0], [120612.5, 20000.0], [120637.5, 860.0]]}}}
{"jsonrpc": "2.0", "method": "subscription", "params": {"channel": "book.BTC-15AUG25.none.20.100ms", "data": {"timestamp": 1754926146773, "change_id": 113014463815, "instrument_name": "BTC-15AUG25", "bids": [[120240.0, 7200.0], [120237.5, 50000.0], [120235.0, 1200.0], [120230.0, 1180.0], [120227.5, 3940.0], [120225.0, 2570.0], [120222.5, 7500.0], [120220.0, 1200.0], [120212.5, 1500.0], [120210.0, 9160.0], [120207.5, 10000.0], [120205.0, 3880.0], [120202.5, 2310.0], [120200.0, 7690.0], [120197.5, 600.0], [120195.0, 2000.0], [120192.5, 4850.0], [120190.0, 3000.0], [120187.5, 10000.0], [120182.5, 5080.0]], "asks": [[120242.5, 18450.0], [120245.0, 5900.0], [120247.5, 3780.0], [120250.0, 19330.0], [120252.5, 20160.0], [120255.0, 4060.0], [120260.0, 3860.0], [120262.5, 12700.0], [120265.0, 13450.0], [120267.5, 4060.0], [120270.0, 132290.0], [120280.0, 1190.0], [120282.5, 3980.0], [120290.0, 15020.0], [120295.0, 57020.0], [120297.5, 23880.0], [120307.5, 1220.0], [120310.0, 4060.0], [120330.0, 1210.0], [120332.5, 4040.0]]}}}
{"jsonrpc": "2.0", "method": "subscription", "params": {"channel": "book.BTC-22AUG25.none.20.100ms", "data": {"timestamp": 1754926146775, "change_id": 113014463816, "instrument_name": "BTC-22AUG25", "bids": [[120525.0, 4940.0], [120522.5, 5000.0], [120515.0, 1860.0], [120512.5, 3100.0], [120510.0, 6100.0], [120507.5, 10000.0], [120502.5, 13310.0], [120500.0, 132550.0], [120487.5, 7600.0], [120472.5, 870.0], [120470.0, 5890.0], [120467.5, 10000.0], [120460.0, 160.0], [120452.5, 6000.0], [120450.0, 20830.0], [120447.5, 2770.0], [120435.0, 5610.0], [120432.5, 18700.0], [120430.0, 1550.0], [120427.5, 5170.0]], "asks": [[120527.5, 7480.0], [120532.5, 3000.0], [120535.0, 15000.0], [120537.5, 990.0], [120540.0, 2770.0], [120545.0, 14100.0], [120547.5, 3100.0], [120550.0, 55950.0], [120552.5, 7570.0], [120555.0, 3720.0], [120557.5, 10000.0], [120560.0, 2400.0], [120570.0, 2150.0], [120572.5, 7510.0], [120580.0, 20.0], [120600.0, 870.0], [120602.5, 2890.0], [120610.0, 6000.0], [120612.5, 20000.0], [120637.5, 860.0]]}}}
{"jsonrpc": "2.0", "method": "subscription", "params": {"channel": "book.BTC-15AUG25.none.20.100ms", "data": {"timestamp": 1754926147074, "change_id": 113014464255, "instrument_name": "BTC-15AUG25", "bids": [[120240.0, 7200.0], [120237.5, 50000.0], [120235.0, 1200.0], [120230.0, 1180.0], [120227.5, 3940.0], [120225.0, 2570.0], [120222.5, 7500.0], [120220.0, 1200.0], [120212.5, 1500.0], [120210.0, 9160.0], [120207.5, 10000.0], [120205.0, 3880.0], [120202.5, 2310.0], [120200.0, 7690.0], [120197.5, 600.0], [120195.0, 3460.0], [120192.5, 4850.0], [120190.0, 3000.0], [120187.5, 10000.0], [120182.5, 5080.0]], "asks": [[120242.5, 31150.0], [120245.0, 5900.0], [120247.5, 3780.0], [120250.0, 19330.0], [120252.5, 20160.0], [120255.0, 4060.0], [120260.0, 3860.0], [120262.5, 12700.0], [120265.0, 13450.0], [120267.5, 4060.0], [120270.0, 132290.0], [120280.0, 1190.0], [120282.5, 3980.0], [120290.0, 15020.0], [120295.0, 57020.0], [120297.5, 23880.0], [120307.5, 1220.0], [120310.0, 4060.0], [120330.0, 1210.0], [120332.5, 4040.0]]}}}
{"jsonrpc": "2.0", "method": "subscription", "params": {"channel": "book.BTC-22AUG25.none.20.100ms", "data": {"timestamp": 1754926147014, "change_id": 113014464236, "instrument_name": "BTC-22AUG25", "bids": [[120525.0, 4940.0], [120522.5, 5000.0], [120515.0, 1860.0], [120512.5, 3100.0], [120510.0, 6100.0], [120507.5, 10000.0], [120502.5, 13310.0], [120500.0, 132550.0], [120487.5, 7600.0], [120472.5, 870.0], [120470.0, 5890.0], [120467.5, 10000.0], [120460.0, 160.0], [120452.5, 6000.0], [120450.0, 20830.0], [120447.5, 2770.0], [120435.0, 5610.0], [120432.5, 18700.0], [120430.0, 1550.0], [120427.5, 5170.0]], "asks": [[120527.5, 7480.0], [120532.5, 3000.0], [120535.0, 15000.0], [120537.5, 990.0], [120540.0, 2770.0], [120545.0, 14100.0], [120547.5, 3100.0], [120550.0, 55950.0], [120552.5, 7570.0], [120555.0, 3720.0], [120557.5, 10000.0], [120560.0, 2400.0], [120570.0, 830.0], [120572.5, 2760.0], [120580.0, 20.0], [120600.0, 870.0], [120602.5, 2890.0], [120610.0, 6000.0], [120612.5, 20000.0], [120615.0, 4750.0]]}}}
{"jsonrpc": "2.0", "method": "subscription", "params": {"channel": "book.BTC-15AUG25.none.20.100ms", "data": {"timestamp": 1754926147916, "change_id": 113014465091, "instrument_name": "BTC-15AUG25", "bids": [[120240.0, 7200.0], [120237.5, 50000.0], [120235.0, 1200.0], [120230.0, 1180.0], [120227.5, 3940.0], [120225.0, 2570.0], [120222.5, 7500.0], [120220.0, 1200.0], [120212.5, 1500.0], [120210.0, 9160.0], [120207.5, 10000.0], [120205.0, 3880.0], [120202.5, 2310.0], [120200.0, 7690.0], [120197.5, 600.0], [120195.0, 3460.0], [120192.5, 4850.0], [120190.0, 3000.0], [120187.5, 10000.0], [120182.5, 5080.0]], "asks": [[120242.5, 31150.0], [120245.0, 5900.0], [120247.5, 3780.0], [120250.0, 19330.0], [120252.5, 20160.0], [120255.0, 4060.0], [120260.0, 3860.0], [120262.5, 12700.0], [120265.0, 13450.0], [120267.5, 4060.0], [120270.0, 132290.0], [120280.0, 1190.0], [120282.5, 3980.0], [120290.0, 15020.0], [120295.0, 57020.0], [120297.5, 23880.0], [120307.5, 1220.0], [120310.0, 4060.0], [120330.0, 1210.0], [120332.5, 4040.0]]}}}
{"jsonrpc": "2.0", "method": "subscription", "params": {"channel": "book.BTC-15AUG25.none.20.100ms", "data": {"timestamp": 1754926148083, "change_id": 113014465441, "instrument_name": "BTC-15AUG25", "bids": [[120240.0, 7200.0], [120237.5, 50000.0], [120235.0, 1200.0], [120230.0, 1180.0], [120227.5, 3940.0], [120225.0, 2570.0], [120222.5, 7500.0], [120220.0, 1200.0], [120212.5, 1500.0], [120210.0, 9160.0], [120207.5, 10000.0], [120205.0, 3880.0], [120202.5, 2310.0], [120200.0, 7690.0], [120197.5, 600.0], [120195.0, 3460.0], [120192.5, 4850.0], [120190.0, 3000.0], [120187.5, 10000.0], [120185.0, 1520.0]], "asks": [[120242.5, 31150.0], [120245.0, 5900.0], [120247.5, 3780.0], [120250.0, 19330.0], [120252.5, 20160.0], [120255.0, 4060.0], [120265.0, 13450.0], [120267.5, 4060.0], [120270.0, 132290.0], [120280.0, 1190.0], [120282.5, 3980.0], [120290.0, 15020.0], [120295.0, 57020.0], [120297.5, 23880.0], [120307.5, 1220.0], [120310.0, 4060.0], [120330.0, 1210.0], [120332.5, 4040.0], [120355.0, 4920.0], [120357.5, 16390.0]]}}}
{"jsonrpc": "2.0", "method": "subscription", "params": {"channel": "book.BTC-15AUG25.none.20.100ms", "data": {"timestamp": 1754926148513, "change_id": 113014465791, "instrument_name": "BTC-15AUG25", "bids": [[120240.0, 7200.0], [120237.5, 50000.0], [120235.0, 1200.0], [120230.0, 1180.0], [120227.5, 3940.0], [120225.0, 2570.0], [120222.5, 7500.0], [120220.0, 1200.0], [120215.0, 1500.0], [120212.5, 5000.0], [120210.0, 4160.0], [120207.5, 10000.0], [120205.0, 3880.0], [120202.5, 2310.0], [120200.0, 7690.0], [120197.5, 600.0], [120195.0, 2000.0], [120192.5, 160.0], [120190.0, 3000.0], [120187.5, 10000.0]], "asks": [[120242.5, 31150.0], [120245.0, 5900.0], [120247.5, 3780.0], [120250.0, 19330.0], [120252.5, 20160.0], [120255.0, 4060.0], [120265.0, 13450.0], [120267.5, 4060.0], [120270.0, 132290.0], [120280.0, 1190.0], [120282.5, 3980.0], [120290.0, 15020.0], [120295.0, 57020.0], [120297.5, 23880.0], [120307.5, 1220.0], [120310.0, 4060.0], [120330.0, 1210.0], [120332.5, 4040.0], [120355.0, 4920.0], [120357.5, 16390.0]]}}}
{"jsonrpc": "2.0", "method": "subscription", "params": {"channel": "book.BTC-22AUG25.none.20.100ms", "data": {"timestamp": 1754926148513, "change_id": 113014465790, "instrument_name": "BTC-22AUG25", "bids": [[120525.0, 190.0], [120522.5, 5000.0], [120515.0, 1860.0], [120512.5, 3100.0], [120510.0, 6100.0], [120507.5, 10000.0], [120502.5, 13310.0], [120500.0, 132550.0], [120487.5, 7600.0], [120472.5, 870.0], [120470.0, 5890.0], [120467.5, 10000.0], [120460.0, 160.0], [120452.5, 6000.0], [120450.0, 20830.0], [120447.5, 2770.0], [120435.0, 5610.0], [120432.5, 18700.0], [120430.0, 1550.0], [120427.5, 5170.0]], "asks": [[120527.5, 7480.0], [120532.5, 3000.0], [120535.0, 15000.0], [120537.5, 990.0], [120540.0, 2770.0], [120545.0, 14100.0], [120547.5, 3100.0], [120550.0, 55950.0], [120552.5, 7570.0], [120555.0, 3720.0], [120557.5, 10000.0], [120560.0, 2400.0], [120570.0, 830.0], [120572.5, 2760.0], [120580.0, 20.0], [120600.0, 870.0], [120602.5, 2890.0], [120610.0, 6000.0], [120612.5, 20000.0], [120615.0, 4750.0]]}}}
{"jsonrpc": "2.0", "method": "subscription", "params": {"channel": "book.BTC-15AUG25.none.20.100ms", "data": {"timestamp": 1754926148740, "change_id": 113014466142, "instrument_name": "BTC-15AUG25", "bids": [[120240.0, 7200.0], [120237.5, 50000.0], [120235.0, 1200.0], [120230.0, 1180.0], [120227.5, 3940.0], [120225.0, 2570.0], [120222.5, 7500.0], [120220.0, 1200.0], [120215.0, 1500.0], [120212.5, 5000.0], [120210.0, 4160.0], [120207.5, 10000.0], [120205.0, 3880.0], [120202.5, 2310.0], [120200.0, 7690.0], [120197.5, 5290.0], [120195.0, 2000.0], [120192.5, 160.0], [120190.0, 3000.0], [120187.5, 10000.0]], "asks": [[120242.5, 31150.0], [120245.0, 5900.0], [120247.5, 3780.0], [120250.0, 19330.0], [120252.5, 20160.0], [120255.0, 4060.0], [120265.0, 13450.0], [120267.5, 4060.0], [120270.0, 132290.0], [120280.0, 1190.0], [120282.5, 3980.0], [120290.0, 15020.0], [120295.0, 57020.0], [120297.5, 23880.0], [120307.5, 1220.0], [120310.0, 4060.0], [120330.0, 1210.0], [120332.5, 4040.0], [120355.0, 4920.0], [120357.5, 16390.0]]}}}
{"jsonrpc": "2.0", "method": "subscription", "params": {"channel": "book.BTC-22AUG25.none.20.100ms", "data": {"timestamp": 1754926148893, "change_id": 113014466288, "instrument_name": "BTC-22AUG25", "bids": [[120525.0, 4940.0], [120522.5, 5000.0], [120515.0, 1860.0], [120512.5, 3100.0], [120510.0, 6100.0], [120507.5, 10000.0], [120502.5, 13310.0], [120500.0, 132550.0], [120487.5, 7600.0], [120472.5, 870.0], [120470.0, 5890.0], [120467.5, 10000.0], [120460.0, 160.0], [120452.5, 6000.0], [120450.0, 20830.0], [120447.5, 2770.0], [120435.0, 5610.0], [120432.5, 18700.0], [120430.0, 1550.0], [120427.5, 5170.0]], "asks": [[120527.5, 4590.0], [120532.5, 3000.0], [120535.0, 15000.0], [120537.5, 990.0], [120540.0, 2770.0], [120545.0, 14100.0], [120547.5, 3100.0], [120550.0, 55950.0], [120552.5, 7570.0], [120555.0, 3720.0], [120557.5, 10000.0], [120560.0, 2400.0], [120570.0, 830.0], [120572.5, 2760.0], [120580.0, 20.0], [120600.0, 870.0], [120602.5, 2890.0], [120610.0, 6000.0], [120612.5, 20000.0], [120615.0, 4750.0]]}}}
{"jsonrpc": "2.0", "method": "subscription", "params": {"channel": "book.BTC-15AUG25.none.20.100ms", "data": {"timestamp": 1754926148973, "change_id": 113014466414, "instrument_name": "BTC-15AUG25", "bids": [[120240.0, 7200.0], [120237.5, 50000.0], [120235.0, 1200.0], [120230.0, 1180.0], [120227.5, 3940.0], [120225.0, 2570.0], [120222.5, 7500.0], [120220.0, 1200.0], [120215.0, 1500.0], [120212.5, 5000.0], [120210.0, 4160.0], [120207.5, 10000.0], [120205.0, 3880.0], [120202.5, 2310.0], [120200.0, 7690.0], [120197.5, 5290.0], [120195.0, 2000.0], [120192.5, 160.0], [120190.0, 3000.0], [120187.5, 10000.0]], "asks": [[120242.5, 18450.0], [120245.0, 5900.0], [120247.5, 3780.0], [120250.0, 19330.0], [120252.5, 20160.0], [120255.0, 4060.0], [120260.0, 1740.0], [120262.5, 5800.0], [120265.0, 13450.0], [120267.5, 4060.0], [120270.0, 132290.0], [120280.0, 1190.0], [120282.5, 3980.0], [120290.0, 15020.0], [120295.0, 57020.0], [120297.5, 23880.0], [120307.5, 1220.0], [120310.0, 4060.0], [120330.0, 1210.0], [120332.5, 4040.0]]}}}
{"jsonrpc": "2.0", "method": "subscription", "params": {"channel": "book.BTC-22AUG25.none.20.100ms", "data": {"timestamp": 1754926148984, "change_id": 113014466498, "instrument_name": "BTC-22AUG25", "bids": [[120525.0, 8040.0], [120522.5, 5000.0], [120515.0, 1860.0], [120512.5, 3100.0], [120510.0, 6100.0], [120507.5, 10000.0], [120502.5, 13310.0], [120500.0, 132550.0], [120487.5, 7600.0], [120472.5, 870.0], [120470.0, 5890.0], [120467.5, 10000.0], [120460.0, 160.0], [120452.5, 6000.0], [120450.0, 20830.0], [120447.5, 2770.0], [120435.0, 5610.0], [120432.5, 18700.0], [120430.0, 1550.0], [120427.5, 5170.0]], "asks": [[120527.5, 4590.0], [120532.5, 3000.0], [120535.0, 15000.0], [120537.5, 990.0], [120540.0, 2770.0], [120545.0, 14100.0], [120547.5, 3100.0], [120550.0, 55950.0], [120552.5, 7570.0], [120555.0, 3720.0], [120557.5, 10000.0], [120560.0, 2400.0], [120570.0, 830.0], [120572.5, 2760.0], [120580.0, 20.0], [120600.0, 870.0], [120602.5, 2890.0], [120610.0, 6000.0], [120612.5, 20000.0], [120615.0, 4750.0]]}}}
{"jsonrpc": "2.0", "method": "subscription", "params": {"channel": "book.BTC-15AUG25.none.20.100ms", "data": {"timestamp": 1754926149851, "change_id": 113014467401, "instrument_name": "BTC-15AUG25", "bids": [[120240.0, 7200.0], [120237.5, 50000.0], [120235.0, 1200.0], [120230.0, 1180.0], [120227.5, 3940.0], [120225.0, 2570.0], [120222.5, 7500.0], [120220.0, 1200.0], [120215.0, 1500.0], [120212.5, 5000.0], [120210.0, 4160.0], [120207.5, 10000.0], [120205.0, 3880.0], [120202.5, 2310.0], [120200.0, 9700.0], [120197.5, 4690.0], [120195.0, 2000.0], [120192.5, 160.0], [120190.0, 3000.0], [120187.5, 10000.0]], "asks": [[120242.5, 18450.0], [120245.0, 5900.0], [120247.5, 3780.0], [120250.0, 19330.0], [120252.5, 20160.0], [120255.0, 4060.0], [120260.0, 1740.0], [120262.5, 5800.0], [120265.0, 13450.0], [120267.5, 4060.0], [120270.0, 132290.0], [120280.0, 1190.0], [120282.5, 3980.0], [120290.0, 15020.0], [120295.0, 57020.0], [120297.5, 23880.0], [120307.5, 1220.0], [120310.0, 4060.0], [120330.0, 1210.0], [120332.5, 4040.0]]}}}
{"jsonrpc": "2.0", "method": "subscription", "params": {"channel": "book.BTC-15AUG25.none.20.100ms", "data": {"timestamp": 1754926150198, "change_id": 113014467932, "instrument_name": "BTC-15AUG25", "bids": [[120240.0, 7200.0], [120237.5, 50000.0], [120235.0, 1200.0], [120222.5, 360.0], [120220.0, 3090.0], [120217.5, 6300.0], [120215.0, 1500.0], [120212.5, 5000.0], [120210.0, 4160.0], [120207.5, 10000.0], [120205.0, 3880.0], [120202.5, 2310.0], [120200.0, 7690.0], [120197.5, 4690.0], [120195.0, 2000.0], [120192.5, 160.0], [120190.0, 3000.0], [120187.5, 10000.0], [120185.0, 1520.0], [120182.5, 5080.0]], "asks": [[120242.5, 31150.0], [120245.0, 10300.0], [120247.5, 3780.0], [120250.0, 19330.0], [120252.5, 20160.0], [120255.0, 4060.0], [120260.0, 1740.0], [120262.5, 5800.0], [120265.0, 20670.0], [120267.5, 4060.0], [120270.0, 132290.0], [120280.0, 1190.0], [120282.5, 3980.0], [120290.0, 15020.0], [120295.0, 57020.0], [120297.5, 23880.0], [120307.5, 1220.0], [120310.0, 4060.0], [120330.0, 1210.0], [120332.5, 4040.0]]}}}
{"jsonrpc": "2.0", "method": "subscription", "params": {"channel": "book.BTC-22AUG25.none.20.100ms", "data": {"timestamp": 1754926150206, "change_id": 113014467942, "instrument_name": "BTC-22AUG25", "bids": [[120525.0, 4940.0], [120522.5, 5000.0], [120512.5, 3100.0], [120510.0, 6100.0], [120507.5, 10000.0], [120502.5, 13310.0], [120500.0, 132550.0], [120487.5, 7600.0], [120472.5, 870.0], [120470.0, 5890.0], [120467.5, 10000.0], [120460.0, 160.0], [120452.5, 6000.0], [120450.0, 20830.0], [120447.5, 2770.0], [120435.0, 5610.0], [120432.5, 18700.0], [120430.0, 1550.0], [120427.5, 5170.0], [120392.5, 860.0]], "asks": [[120527.5, 7410.0], [120532.5, 8000.0], [120535.0, 10000.0], [120537.5, 990.0], [120540.0, 2770.0], [120545.0, 14100.0], [120547.5, 3100.0], [120550.0, 55950.0], [120552.5, 7570.0], [120555.0, 3720.0], [120557.5, 10000.0], [120560.0, 2400.0], [120570.0, 830.0], [120572.5, 2760.0], [120580.0, 20.0], [120600.0, 870.0], [120602.5, 2890.0], [120610.0, 6000.0], [120612.5, 20000.0], [120615.0, 4750.0]]}}}
{"jsonrpc": "2.0", "method": "subscription", "params": {"channel": "book.BTC-15AUG25.none.20.100ms", "data": {"timestamp": 1754926150549, "change_id": 113014468429, "instrument_name": "BTC-15AUG25", "bids": [[120240.0, 7200.0], [120237.5, 50000.0], [120235.0, 1200.0], [120227.5, 3940.0], [120222.5, 360.0], [120220.0, 3090.0], [120217.5, 6300.0], [120215.0, 1500.0], [120212.5, 5000.0], [120210.0, 4160.0], [120207.5, 10000.0], [120205.0, 3880.0], [120202.5, 2310.0], [120200.0, 7690.0], [120197.5, 4690.0], [120195.0, 2000.0], [120192.5, 160.0], [120190.0, 3000.0], [120187.5, 10000.0], [120185.0, 1520.0]], "asks": [[120242.5, 31150.0], [120245.0, 10300.0], [120247.5, 3780.0], [120250.0, 19330.0], [120252.5, 20160.0], [120255.0, 4060.0], [120260.0, 1740.0], [120262.5, 5800.0], [120265.0, 20670.0], [120267.5, 4060.0], [120270.0, 132290.0], [120280.0, 1190.0], [120282.5, 3980.0], [120290.0, 15020.0], [120295.0, 57020.0], [120297.5, 23880.0], [120307.5, 1220.0], [120310.0, 4060.0], [120330.0, 1210.0], [120332.5, 4040.0]]}}}
{"jsonrpc": "2.0", "method": "subscription", "params": {"channel": "book.BTC-22AUG25.none.20.100ms", "data": {"timestamp": 1754926150536, "change_id": 113014468400, "instrument_name": "BTC-22AUG25", "bids": [[120525.0, 4940.0], [120522.5, 5000.0], [120515.0, 1860.0], [120512.5, 3100.0], [120510.0, 6100.0], [120507.5, 10000.0], [120502.5, 13310.0], [120500.0, 132550.0], [120487.5, 7600.0], [120472.5, 870.0], [120470.0, 5890.0], [120467.5, 10000.0], [120460.0, 160.0], [120452.5, 6000.0], [120450.0, 20830.0], [120447.5, 2770.0], [120435.0, 5610.0], [120432.5, 18700.0], [120430.0, 1550.0], [120427.5, 5170.0]], "asks": [[120527.5, 7410.0], [120532.5, 8000.0], [120535.0, 10000.0], [120537.5, 990.0], [120540.0, 2770.0], [120545.0, 14100.0], [120547.5, 3100.0], [120550.0, 55950.0], [120552.5, 2820.0], [120555.0, 3720.0], [120557.5, 10000.0], [120560.0, 2400.0], [120570.0, 2150.0], [120572.5, 7510.0], [120580.0, 20.0], [120600.0, 870.0], [120602.5, 2890.0], [120610.0, 6000.0], [120612.5, 20000.0], [120637.5, 860.0]]}}}
{"jsonrpc": "2.0", "method": "subscription", "params": {"channel": "book.BTC-15AUG25.none.20.100ms", "data": {"timestamp": 1754926150854, "change_id": 113014468995, "instrument_name": "BTC-15AUG25", "bids": [[120240.0, 7200.0], [120237.5, 50000.0], [120235.0, 1200.0], [120230.0, 1180.0], [120227.5, 3940.0], [120222.5, 360.0], [120220.0, 3090.0], [120217.5, 6300.0], [120215.0, 1500.0], [120212.5, 5000.0], [120210.0, 4160.0], [120207.5, 10000.0], [120205.0, 3880.0], [120202.5, 2310.0], [120200.0, 9700.0], [120197.5, 4690.0], [120195.0, 2000.0], [120192.5, 160.0], [120190.0, 3000.0], [120187.5, 10000.0]], "asks": [[120242.5, 31150.0], [120245.0, 10300.0], [120247.5, 3780.0], [120250.0, 19330.0], [120252.5, 20160.0], [120255.0, 4060.0], [120260.0, 1740.0], [120262.5, 5800.0], [120265.0, 20670.0], [120267.5, 4060.0], [120270.0, 132290.0], [120280.0, 1190.0], [120282.5, 3980.0], [120290.0, 15020.0], [120295.0, 57020.0], [120297.5, 23880.0], [120307.5, 1220.0], [120310.0, 4060.0], [120330.0, 1210.0], [120332.5, 4040.0]]}}}
{"jsonrpc": "2.0", "method": "subscription", "params": {"channel": "book.BTC-22AUG25.none.20.100ms", "data": {"timestamp": 1754926150679, "change_id": 113014468695, "instrument_name": "BTC-22AUG25", "bids": [[120525.0, 4750.0], [120522.5, 5000.0], [120515.0, 1860.0], [120512.5, 3100.0], [120510.0, 6100.0], [120507.5, 10000.0], [120502.5, 13310.0], [120500.0, 132550.0], [120487.5, 7600.0], [120472.5, 870.0], [120470.0, 5890.0], [120467.5, 10000.0], [120460.0, 160.0], [120452.5, 6000.0], [120450.0, 20830.0], [120447.5, 2770.0], [120435.0, 5610.0], [120432.5, 18700.0], [120430.0, 1550.0], [120427.5, 5170.0]], "asks": [[120527.5, 4590.0], [120532.5, 8000.0], [120535.0, 10000.0], [120537.5, 990.0], [120540.0, 2770.0], [120545.0, 14100.0], [120547.5, 3100.0], [120550.0, 60700.0], [120552.5, 2820.0], [120555.0, 3720.0], [120557.5, 10000.0], [120560.0, 2400.0], [120570.0, 2150.0], [120572.5, 7510.0], [120580.0, 20.0], [120600.0, 870.0], [120602.5, 2890.0], [120610.0, 6000.0], [120612.5, 20000.0], [120637.5, 860.0]]}}}
{"jsonrpc": "2.0", "method": "subscription", "params": {"channel": "book.BTC-15AUG25.none.20.100ms", "data": {"timestamp": 1754926150984, "change_id": 113014469207, "instrument_name": "BTC-15AUG25", "bids": [[120240.0, 7200.0], [120237.5, 50000.0], [120235.0, 1200.0], [120230.0, 1180.0], [120227.5, 3940.0], [120222.5, 360.0], [120220.0, 4770.0], [120217.5, 12700.0], [120215.0, 1500.0], [120212.5, 5000.0], [120210.0, 4160.0], [120207.5, 10000.0], [120205.0, 3880.0], [120202.5, 2310.0], [120200.0, 9700.0], [120197.5, 4690.0], [120195.0, 2000.0], [120192.5, 160.0], [120190.0, 3000.0], [120187.5, 10000.0]], "asks": [[120242.5, 31150.0], [120245.0, 10300.0], [120247.5, 3780.0], [120250.0, 19330.0], [120252.5, 20160.0], [120255.0, 4060.0], [120260.0, 1740.0], [120262.5, 5800.0], [120265.0, 20670.0], [120267.5, 4060.0], [120270.0, 132290.0], [120280.0, 1190.0], [120282.5, 3980.0], [120290.0, 15020.0], [120295.0, 57020.0], [120297.5, 23880.0], [120307.5, 1220.0], [120310.0, 4060.0], [120330.0, 1210.0], [120332.5, 4040.0]]}}}
{"jsonrpc": "2.0", "method": "subscription", "params": {"channel": "book.BTC-15AUG25.none.20.100ms", "data": {"timestamp": 1754926151797, "change_id": 113014470025, "instrument_name": "BTC-15AUG25", "bids": [[120240.0, 7200.0], [120237.5, 50000.0], [120235.0, 1200.0], [120230.0, 1180.0], [120227.5, 3940.0], [120222.5, 360.0], [120220.0, 4770.0], [120217.5, 12700.0], [120215.0, 1500.0], [120212.5, 5000.0], [120210.0, 4160.0], [120207.5, 10000.0], [120205.0, 3880.0], [120202.5, 2310.0], [120200.0, 9700.0], [120197.5, 4690.0], [120195.0, 2000.0], [120192.5, 160.0], [120190.0, 3000.0], [120187.5, 10000.0]], "asks": [[120242.5, 31150.0], [120245.0, 10300.0], [120247.5, 3780.0], [120250.0, 19330.0], [120252.5, 20160.0], [120255.0, 4060.0], [120265.0, 20670.0], [120267.5, 4060.0], [120270.0, 132290.0], [120280.0, 1190.0], [120282.5, 3980.0], [120290.0, 15020.0], [120295.0, 57020.0], [120297.5, 23880.0], [120307.5, 1220.0], [120310.0, 4060.0], [120330.0, 1210.0], [120332.5, 4040.0], [120355.0, 4920.0], [120357.5, 16390.0]]}}}
{"jsonrpc": "2.0", "method": "subscription", "params": {"channel": "book.BTC-15AUG25.none.20.100ms", "data": {"timestamp": 1754926151995, "change_id": 113014470366, "instrument_name": "BTC-15AUG25", "bids": [[120240.0, 7200.0], [120237.5, 50000.0], [120235.0, 1200.0], [120230.0, 1180.0], [120227.5, 3940.0], [120222.5, 360.0], [120220.0, 4770.0], [120217.5, 12700.0], [120215.0, 1500.0], [120212.5, 5000.0], [120210.0, 4160.0], [120207.5, 10000.0], [120205.0, 3880.0], [120202.5, 2310.0], [120200.0, 9700.0], [120197.5, 4690.0], [120195.0, 2000.0], [120192.5, 160.0], [120190.0, 3000.0], [120187.5, 10000.0]], "asks": [[120242.5, 18450.0], [120245.0, 10300.0], [120247.5, 3780.0], [120250.0, 19330.0], [120252.5, 20160.0], [120255.0, 4060.0], [120265.0, 20670.0], [120267.5, 4060.0], [120270.0, 132290.0], [120280.0, 1190.0], [120282.5, 3980.0], [120290.0, 15020.0], [120295.0, 57020.0], [120297.5, 23880.0], [120307.5, 1220.0], [120310.0, 4060.0], [120330.0, 1210.0], [120332.5, 4040.0], [120355.0, 4920.0], [120357.5, 16390.0]]}}}
{"jsonrpc": "2.0", "method": "subscription", "params": {"channel": "book.BTC-22AUG25.none.20.100ms", "data": {"timestamp": 1754926151950, "change_id": 113014470181, "instrument_name": "BTC-22AUG25", "bids": [[120525.0, 7850.0], [120522.5, 5000.0], [120515.0, 1860.0], [120512.5, 3100.0], [120510.0, 6100.0], [120507.5, 10000.0], [120502.5, 13310.0], [120500.0, 132550.0], [120487.5, 7600.0], [120472.5, 870.0], [120470.0, 5890.0], [120467.5, 10000.0], [120460.0, 160.0], [120452.5, 6000.0], [120450.0, 20830.0], [120447.5, 2770.0], [120435.0, 5610.0], [120432.5, 18700.0], [120430.0, 1550.0], [120427.5, 5170.0]], "asks": [[120527.5, 4590.0], [120532.5, 8000.0], [120535.0, 10000.0], [120537.5, 990.0], [120540.0, 2770.0], [120545.0, 14100.0], [120547.5, 3100.0], [120550.0, 60700.0], [120552.5, 2820.0], [120555.0, 3720.0], [120557.5, 10000.0], [120560.0, 2400.0], [120570.0, 2150.0], [120572.5, 7510.0], [120580.0, 20.0], [120600.0, 870.0], [120602.5, 2890.0], [120610.0, 6000.0], [120612.5, 20000.0], [120637.5, 860.0]]}}}
{"jsonrpc": "2.0", "method": "subscription", "params": {"channel": "book.BTC-15AUG25.none.20.100ms", "data": {"timestamp": 1754926152432, "change_id": 113014470779, "instrument_name": "BTC-15AUG25", "bids": [[120240.0, 7200.0], [120237.5, 50360.0], [120235.0, 1200.0], [120230.0, 1180.0], [120227.5, 3940.0], [120222.5, 360.0], [120220.0, 4770.0], [120217.5, 12700.0], [120215.0, 1500.0], [120212.5, 5000.0], [120210.0, 4160.0], [120207.5, 10000.0], [120205.0, 3880.0], [120202.5, 2310.0], [120200.0, 9700.0], [120197.5, 4690.0], [120195.0, 2000.0], [120192.5, 160.0], [120190.0, 3000.0], [120187.5, 10000.0]], "asks": [[120242.5, 18350.0], [120245.0, 10300.0], [120247.5, 3780.0], [120250.0, 19330.0], [120252.5, 20160.0], [120255.0, 4060.0], [120265.0, 20670.0], [120267.5, 4060.0], [120270.0, 132290.0], [120280.0, 1190.0], [120282.5, 3980.0], [120290.0, 15020.0], [120295.0, 57020.0], [120297.5, 23880.0], [120307.5, 1220.0], [120310.0, 4060.0], [120330.0, 1210.0], [120332.5, 4040.0], [120355.0, 4920.0], [120357.5, 16390.0]]}}}
{"jsonrpc": "2.0", "method": "subscription", "params": {"channel": "book.BTC-22AUG25.none.20.100ms", "data": {"timestamp": 1754926152423, "change_id": 113014470720, "instrument_name": "BTC-22AUG25", "bids": [[120525.0, 7850.0], [120522.5, 5000.0], [120515.0, 1860.0], [120512.5, 3100.0], [120510.0, 6100.0], [120507.5, 10000.0], [120502.5, 13310.0], [120500.0, 132550.0], [120490.0, 2280.0], [120487.5, 7600.0], [120472.5, 870.0], [120470.0, 5890.0], [120467.5, 10000.0], [120460.0, 160.0], [120452.5, 6000.0], [120450.0, 20830.0], [120447.5, 2770.0], [120435.0, 5610.0], [120432.5, 18700.0], [120430.0, 1550.0]], "asks": [[120527.5, 4590.0], [120532.5, 5000.0], [120535.0, 10000.0], [120537.5, 990.0], [120540.0, 2770.0], [120545.0, 14100.0], [120547.5, 3100.0], [120550.0, 60700.0], [120552.5, 2820.0], [120555.0, 3720.0], [120557.5, 10000.0], [120560.0, 2400.0], [120570.0, 2150.0], [120572.5, 7510.0], [120580.0, 20.0], [120600.0, 870.0], [120602.5, 2890.0], [120610.0, 6000.0], [120612.5, 20000.0], [120637.5, 860.0]]}}}
{"jsonrpc": "2.0", "method": "subscription", "params": {"channel": "book.BTC-15AUG25.none.20.100ms", "data": {"timestamp": 1754926152863, "change_id": 113014471276, "instrument_name": "BTC-15AUG25", "bids": [[120240.0, 7200.0], [120237.5, 50360.0], [120235.0, 1200.0], [120230.0, 1180.0], [120227.5, 3940.0], [120225.0, 1860.0], [120222.5, 5000.0], [120220.0, 4770.0], [120217.5, 12700.0], [120215.0, 5000.0], [120210.0, 4160.0], [120207.5, 10000.0], [120205.0, 3880.0], [120202.5, 2310.0], [120200.0, 9700.0], [120197.5, 4690.0], [120195.0, 2000.0], [120192.5, 160.0], [120190.0, 3000.0], [120187.5, 10000.0]], "asks": [[120242.5, 18350.0], [120245.0, 10300.0], [120247.5, 3780.0], [120250.0, 19330.0], [120252.5, 20160.0], [120255.0, 4060.0], [120265.0, 20670.0], [120267.5, 4060.0], [120270.0, 132290.0], [120280.0, 1190.0], [120282.5, 3980.0], [120290.0, 15020.0], [120295.0, 57020.0], [120297.5, 23880.0], [120307.5, 1220.0], [120310.0, 4060.0], [120330.0, 1210.0], [120332.5, 4040.0], [120355.0, 4920.0], [120357.5, 16390.0]]}}}
{"jsonrpc": "2.0", "method": "subscription", "params": {"channel": "book.BTC-15AUG25.none.20.100ms", "data": {"timestamp": 1754926153030, "change_id": 113014471869, "instrument_name": "BTC-15AUG25", "bids": [[120240.0, 7200.0], [120237.5, 50360.0], [120235.0, 1200.0], [120230.0, 1180.0], [120227.5, 3940.0], [120225.0, 1860.0], [120222.5, 5000.0], [120220.0, 4770.0], [120217.5, 6300.0], [120215.0, 5000.0], [120210.0, 4160.0], [120207.5, 10000.0], [120205.0, 3880.0], [120202.5, 2310.0], [120200.0, 9700.0], [120197.5, 4690.0], [120195.0, 2000.0], [120192.5, 160.0], [120190.0, 3000.0], [120187.5, 10000.0]], "asks": [[120242.5, 18350.0], [120245.0, 10300.0], [120247.5, 3780.0], [120250.0, 16870.0], [120252.5, 10160.0], [120255.0, 4060.0], [120265.0, 20670.0], [120267.5, 4060.0], [120270.0, 132290.0], [120280.0, 11190.0], [120282.5, 3980.0], [120290.0, 15020.0], [120295.0, 57020.0], [120297.5, 23880.0], [120307.5, 1220.0], [120310.0, 4060.0], [120330.0, 1210.0], [120332.5, 4040.0], [120355.0, 4920.0], [120357.5, 16390.0]]}}}
{"jsonrpc": "2.0", "method": "subscription", "params": {"channel": "book.BTC-22AUG25.none.20.100ms", "data": {"timestamp": 1754926153100, "change_id": 113014471951, "instrument_name": "BTC-22AUG25", "bids": [[120525.0, 7850.0], [120522.5, 5000.0], [120515.0, 1860.0], [120512.5, 3100.0], [120510.0, 6100.0], [120507.5, 10000.0], [120502.5, 13310.0], [120500.0, 132550.0], [120490.0, 2280.0], [120487.5, 7600.0], [120472.5, 870.0], [120470.0, 5890.0], [120467.5, 10000.0], [120460.0, 160.0], [120452.5, 6000.0], [120450.0, 20830.0], [120447.5, 2770.0], [120435.0, 5610.0], [120432.5, 18700.0], [120430.0, 1550.0]], "asks": [[120527.5, 4590.0], [120532.5, 5000.0], [120535.0, 10000.0], [120537.5, 990.0], [120540.0, 2770.0], [120545.0, 14100.0], [120547.5, 3100.0], [120550.0, 60700.0], [120552.5, 2820.0], [120555.0, 3720.0], [120557.5, 10000.0], [120560.0, 2400.0], [120570.0, 830.0], [120572.5, 2760.0], [120580.0, 20.0], [120600.0, 870.0], [120602.5, 2890.0], [120610.0, 6000.0], [120612.5, 20000.0], [120615.0, 4750.0]]}}}
{"jsonrpc": "2.0", "method": "subscription", "params": {"channel": "book.BTC-15AUG25.none.20.100ms", "data": {"timestamp": 1754926153300, "change_id": 113014471998, "instrument_name": "BTC-15AUG25", "bids": [[120240.0, 7200.0], [120237.5, 50360.0], [120235.0, 1200.0], [120230.0, 1180.0], [120227.5, 3940.0], [120225.0, 1860.0], [120222.5, 5000.0], [120220.0, 4770.0], [120217.5, 6300.0], [120215.0, 5000.0], [120210.0, 4160.0], [120207.5, 10000.0], [120205.0, 3880.0], [120202.5, 2310.0], [120200.0, 9700.0], [120197.5, 4690.0], [120195.0, 2000.0], [120192.5, 160.0], [120190.0, 3000.0], [120187.5, 10000.0]], "asks": [[120242.5, 18350.0], [120245.0, 10300.0], [120247.5, 3780.0], [120250.0, 16870.0], [120252.5, 10160.0], [120255.0, 4060.0], [120265.0, 20670.0], [120267.5, 14060.0], [120270.0, 132290.0], [120280.0, 1190.0], [120282.5, 3980.0], [120290.0, 15020.0], [120295.0, 57020.0], [120297.5, 23880.0], [120307.5, 1220.0], [120310.0, 4060.0], [120330.0, 1210.0], [120332.5, 4040.0], [120355.0, 4920.0], [120357.5, 16390.0]]}}}
{"jsonrpc": "2.0", "method": "subscription", "params": {"channel": "book.BTC-22AUG25.none.20.100ms", "data": {"timestamp": 1754926153369, "change_id": 113014472016, "instrument_name": "BTC-22AUG25", "bids": [[120525.0, 7850.0], [120522.5, 5000.0], [120515.0, 1860.0], [120512.5, 3100.0], [120510.0, 6100.0], [120507.5, 10000.0], [120502.5, 13310.0], [120500.0, 132550.0], [120490.0, 2280.0], [120487.5, 7600.0], [120472.5, 870.0], [120470.0, 5890.0], [120467.5, 10000.0], [120460.0, 160.0], [120452.5, 6000.0], [120450.0, 20830.0], [120447.5, 2770.0], [120435.0, 5610.0], [120432.5, 18700.0], [120430.0, 1550.0]], "asks": [[120527.5, 4590.0], [120532.5, 5000.0], [120535.0, 10000.0], [120537.5, 990.0], [120540.0, 2770.0], [120545.0, 2460.0], [120547.5, 3100.0], [120550.0, 17200.0], [120552.5, 57570.0], [120555.0, 3720.0], [120557.5, 10000.0], [120560.0, 2400.0], [120570.0, 830.0], [120572.5, 2760.0], [120580.0, 20.0], [120600.0, 870.0], [120602.5, 2890.0], [120610.0, 6000.0], [120612.5, 20000.0], [120615.0, 4750.0]]}}}
{"jsonrpc": "2.0", "method": "subscription", "params": {"channel": "book.BTC-15AUG25.none.20.100ms", "data": {"timestamp": 1754926155038, "change_id": 113014474255, "instrument_name": "BTC-15AUG25", "bids": [[120240.0, 7200.0], [120237.5, 50360.0], [120235.0, 1200.0], [120230.0, 1180.0], [120227.5, 3940.0], [120225.0, 1860.0], [120222.5, 5000.0], [120220.0, 4770.0], [120217.5, 6300.0], [120215.0, 5000.0], [120210.0, 4160.0], [120207.5, 10000.0], [120205.0, 3880.0], [120202.5, 2310.0], [120200.0, 9700.0], [120197.5, 4690.0], [120195.0, 2000.0], [120192.5, 160.0], [120190.0, 3000.0], [120187.5, 10000.0]], "asks": [[120242.5, 18350.0], [120245.0, 10300.0], [120247.5, 3780.0], [120250.0, 16870.0], [120252.5, 10160.0], [120255.0, 4060.0], [120265.0, 20670.0], [120267.5, 14060.0], [120270.0, 132290.0], [120280.0, 1190.0], [120282.5, 3980.0], [120290.0, 15020.0], [120295.0, 57020.0], [120297.5, 23880.0], [120307.5, 1220.0], [120310.0, 4060.0], [120330.0, 1210.0], [120332.5, 4040.0], [120355.0, 4920.0], [120357.5, 16390.0]]}}}
{"jsonrpc": "2.0", "method": "subscription", "params": {"channel": "book.BTC-22AUG25.none.20.100ms", "data": {"timestamp": 1754926155389, "change_id": 113014474433, "instrument_name": "BTC-22AUG25", "bids": [[120525.0, 4750.0], [120522.5, 5000.0], [120515.0, 1860.0], [120512.5, 3100.0], [120510.0, 6100.0], [120507.5, 10000.0], [120502.5, 13310.0], [120500.0, 132550.0], [120490.0, 2280.0], [120487.5, 7600.0], [120472.5, 870.0], [120470.0, 5890.0], [120467.5, 10000.0], [120460.0, 160.0], [120452.5, 6000.0], [120450.0, 20830.0], [120447.5, 2770.0], [120435.0, 5610.0], [120432.5, 18700.0], [120430.0, 1550.0]], "asks": [[120527.5, 4590.0], [120532.5, 5000.0], [120535.0, 10000.0], [120537.5, 990.0], [120540.0, 2770.0], [120545.0, 2460.0], [120547.5, 3100.0], [120550.0, 17200.0], [120552.5, 57570.0], [120555.0, 3720.0], [120557.5, 10000.0], [120560.0, 2400.0], [120570.0, 830.0], [120572.5, 2760.0], [120580.0, 20.0], [120600.0, 870.0], [120602.5, 2890.0], [120610.0, 6000.0], [120612.5, 20000.0], [120615.0, 4750.0]]}}}
{"jsonrpc": "2.0", "method": "subscription", "params": {"channel": "book.BTC-15AUG25.none.20.100ms", "data": {"timestamp": 1754926155556, "change_id": 113014474693, "instrument_name": "BTC-15AUG25", "bids": [[120240.0, 7200.0], [120237.5, 50360.0], [120235.0, 1200.0], [120230.0, 1180.0], [120227.5, 3940.0], [120225.0, 1860.0], [120222.5, 5000.0], [120220.0, 4770.0], [120217.5, 6300.0], [120215.0, 5000.0], [120210.0, 4160.0], [120207.5, 10000.0], [120205.0, 3880.0], [120202.5, 2310.0], [120200.0, 9700.0], [120197.5, 4690.0], [120195.0, 2000.0], [120192.5, 160.0], [120190.0, 3000.0], [120187.5, 10000.0]], "asks": [[120242.5, 18350.0], [120245.0, 10300.0], [120247.5, 3780.0], [120250.0, 16870.0], [120252.5, 10160.0], [120255.0, 4060.0], [120265.0, 20670.0], [120267.5, 14060.0], [120270.0, 132290.0], [120280.0, 1190.0], [120282.5, 3980.0], [120290.0, 15020.0], [120295.0, 57020.0], [120297.5, 23880.0], [120307.5, 1220.0], [120310.0, 4060.0], [120330.0, 1210.0], [120332.5, 4040.0], [120355.0, 4920.0], [120357.5, 16390.0]]}}}
{"jsonrpc": "2.0", "method": "subscription", "params": {"channel": "book.BTC-15AUG25.none.20.100ms", "data": {"timestamp": 1754926156178, "change_id": 113014475462, "instrument_name": "BTC-15AUG25", "bids": [[120240.0, 7200.0], [120237.5, 50000.0], [120235.0, 1200.0], [120230.0, 1180.0], [120225.0, 1860.0], [120222.5, 5000.0], [120220.0, 4770.0], [120217.5, 6300.0], [120215.0, 5000.0], [120210.0, 4160.0], [120207.5, 10000.0], [120205.0, 3880.0], [120202.5, 2310.0], [120200.0, 9700.0], [120197.5, 4690.0], [120195.0, 2000.0], [120192.5, 160.0], [120190.0, 3000.0], [120187.5, 10000.0], [120185.0, 1520.0]], "asks": [[120242.5, 18350.0], [120245.0, 10300.0], [120247.5, 3780.0], [120250.0, 16870.0], [120252.5, 10160.0], [120255.0, 4060.0], [120265.0, 20670.0], [120267.5, 14060.0], [120270.0, 132290.0], [120280.0, 1190.0], [120282.5, 3980.0], [120290.0, 15020.0], [120295.0, 57020.0], [120297.5, 23880.0], [120307.5, 1220.0], [120310.0, 4060.0], [120330.0, 1210.0], [120332.5, 4040.0], [120355.0, 4920.0], [120357.5, 16390.0]]}}}
{"jsonrpc": "2.0", "method": "subscription", "params": {"channel": "book.BTC-22AUG25.none.20.100ms", "data": {"timestamp": 1754926156178, "change_id": 113014475463, "instrument_name": "BTC-22AUG25", "bids": [[120525.0, 4750.0], [120522.5, 5000.0], [120515.0, 1860.0], [120512.5, 3100.0], [120510.0, 6100.0], [120507.5, 10000.0], [120502.5, 13310.0], [120500.0, 132550.0], [120490.0, 2280.0], [120487.5, 7600.0], [120472.5, 870.0], [120470.0, 5890.0], [120467.5, 10000.0], [120460.0, 160.0], [120452.5, 6000.0], [120450.0, 20830.0], [120447.5, 2770.0], [120435.0, 5610.0], [120432.5, 18700.0], [120430.0, 1550.0]], "asks": [[120527.5, 7390.0], [120532.5, 5000.0], [120535.0, 10000.0], [120537.5, 990.0], [120540.0, 2770.0], [120545.0, 2460.0], [120547.5, 3100.0], [120550.0, 17200.0], [120552.5, 57570.0], [120555.0, 3720.0], [120557.5, 10000.0], [120560.0, 2400.0], [120570.0, 830.0], [120572.5, 2760.0], [120580.0, 20.0], [120600.0, 870.0], [120602.5, 2890.0], [120610.0, 6000.0], [120612.5, 20000.0], [120615.0, 4750.0]]}}}
{"jsonrpc": "2.0", "method": "subscription", "params": {"channel": "book.BTC-15AUG25.none.20.100ms", "data": {"timestamp": 1754926156353, "change_id": 113014475515, "instrument_name": "BTC-15AUG25", "bids": [[120240.0, 7200.0], [120237.5, 50000.0], [120235.0, 1200.0], [120230.0, 1190.0], [120227.5, 3950.0], [120225.0, 1860.0], [120222.5, 5000.0], [120220.0, 4770.0], [120217.5, 6300.0], [120215.0, 5000.0], [120210.0, 4160.0], [120207.5, 10000.0], [120205.0, 3880.0], [120202.5, 2310.0], [120200.0, 9700.0], [120197.5, 4690.0], [120195.0, 2000.0], [120192.5, 160.0], [120190.0, 3000.0], [120187.5, 10000.0]], "asks": [[120242.5, 18350.0], [120245.0, 10300.0], [120247.5, 3780.0], [120250.0, 16870.0], [120252.5, 10160.0], [120255.0, 4060.0], [120265.0, 20670.0], [120267.5, 14060.0], [120270.0, 132290.0], [120280.0, 1190.0], [120282.5, 3980.0], [120290.0, 15020.0], [120295.0, 57020.0], [120297.5, 23880.0], [120307.5, 1220.0], [120310.0, 4060.0], [120330.0, 1210.0], [120332.5, 4040.0], [120355.0, 4920.0], [120357.5, 16390.0]]}}}
{"jsonrpc": "2.0", "method": "subscription", "params": {"channel": "book.BTC-22AUG25.none.20.100ms", "data": {"timestamp": 1754926156461, "change_id": 113014475764, "instrument_name": "BTC-22AUG25", "bids": [[120525.0, 4940.0], [120522.5, 5000.0], [120515.0, 1860.0], [120512.5, 3100.0], [120510.0, 6100.0], [120507.5, 10000.0], [120502.5, 13310.0], [120500.0, 132550.0], [120490.0, 2280.0], [120487.5, 7600.0], [120472.5, 870.0], [120470.0, 5890.0], [120467.5, 10000.0], [120460.0, 160.0], [120452.5, 6000.0], [120450.0, 20830.0], [120447.5, 2770.0], [120435.0, 5610.0], [120432.5, 18700.0], [120430.0, 1550.0]], "asks": [[120527.5, 4400.0], [120532.5, 5000.0], [120535.0, 10000.0], [120537.5, 990.0], [120540.0, 2770.0], [120545.0, 12610.0], [120547.5, 3100.0], [120550.0, 55950.0], [120552.5, 7570.0], [120555.0, 3720.0], [120557.5, 10000.0], [120560.0, 2400.0], [120570.0, 830.0], [120572.5, 2760.0], [120580.0, 20.0], [120600.0, 870.0], [120602.5, 2890.0], [120610.0, 6000.0], [120612.5, 20000.0], [120615.0, 4750.0]]}}}
{"jsonrpc": "2.0", "method": "subscription", "params": {"channel": "book.BTC-15AUG25.none.20.100ms", "data": {"timestamp": 1754926157145, "change_id": 113014476595, "instrument_name": "BTC-15AUG25", "bids": [[120240.0, 7200.0], [120237.5, 50000.0], [120235.0, 1200.0], [120225.0, 1860.0], [120222.5, 5000.0], [120220.0, 4770.0], [120217.5, 6300.0], [120215.0, 5000.0], [120210.0, 4160.0], [120207.5, 10000.0], [120205.0, 3880.0], [120202.5, 2310.0], [120200.0, 9700.0], [120197.5, 4690.0], [120195.0, 2000.0], [120192.5, 160.0], [120190.0, 3000.0], [120187.5, 10000.0], [120185.0, 1520.0], [120182.5, 5080.0]], "asks": [[120242.5, 18350.0], [120245.0, 10300.0], [120247.5, 3780.0], [120250.0, 16870.0], [120252.5, 10160.0], [120255.0, 4060.0], [120265.0, 20670.0], [120267.5, 14060.0], [120270.0, 132290.0], [120280.0, 1190.0], [120282.5, 3980.0], [120290.0, 15020.0], [120295.0, 57020.0], [120297.5, 23880.0], [120307.5, 1220.0], [120310.0, 4060.0], [120330.0, 1210.0], [120332.5, 4040.0], [120355.0, 4920.0], [120357.5, 16390.0]]}}}
{"jsonrpc": "2.0", "method": "subscription", "params": {"channel": "book.BTC-15AUG25.none.20.100ms", "data": {"timestamp": 1754926157249, "change_id": 113014476642, "instrument_name": "BTC-15AUG25", "bids": [[120240.0, 8400.0], [120237.5, 50000.0], [120235.0, 1200.0], [120230.0, 1190.0], [120227.5, 3950.0], [120225.0, 1860.0], [120222.5, 5000.0], [120220.0, 4770.0], [120217.5, 6300.0], [120215.0, 5000.0], [120210.0, 4160.0], [120207.5, 10000.0], [120205.0, 3880.0], [120202.5, 2310.0], [120200.0, 9700.0], [120197.5, 4690.0], [120195.0, 2000.0], [120192.5, 160.0], [120190.0, 3000.0], [120187.5, 10000.0]], "asks": [[120242.5, 18350.0], [120245.0, 10300.0], [120247.5, 3780.0], [120250.0, 16870.0], [120252.5, 10160.0], [120255.0, 4060.0], [120265.0, 20670.0], [120267.5, 14060.0], [120270.0, 132290.0], [120280.0, 1190.0], [120282.5, 3980.0], [120290.0, 15020.0], [120295.0, 57020.0], [120297.5, 23880.0], [120307.5, 1220.0], [120310.0, 4060.0], [120330.0, 1210.0], [120332.5, 4040.0], [120355.0, 4920.0], [120357.5, 16390.0]]}}}
{"jsonrpc": "2.0", "method": "subscription", "params": {"channel": "book.BTC-22AUG25.none.20.100ms", "data": {"timestamp": 1754926157290, "change_id": 113014476650, "instrument_name": "BTC-22AUG25", "bids": [[120525.0, 4940.0], [120522.5, 5000.0], [120515.0, 1860.0], [120512.5, 3100.0], [120510.0, 6100.0], [120507.5, 10000.0], [120502.5, 13310.0], [120500.0, 132550.0], [120490.0, 2280.0], [120487.5, 7600.0], [120472.5, 870.0], [120470.0, 5890.0], [120467.5, 10000.0], [120460.0, 160.0], [120452.5, 6000.0], [120450.0, 20830.0], [120447.5, 2770.0], [120435.0, 5610.0], [120432.5, 18700.0], [120430.0, 1550.0]], "asks": [[120527.5, 5600.0], [120532.5, 5000.0], [120535.0, 10000.0], [120537.5, 990.0], [120540.0, 2770.0], [120545.0, 12610.0], [120547.5, 3100.0], [120550.0, 55950.0], [120552.5, 7570.0], [120555.0, 3720.0], [120557.5, 10000.0], [120560.0, 2400.0], [120570.0, 830.0], [120572.5, 2760.0], [120580.0, 20.0], [120600.0, 870.0], [120602.5, 2890.0], [120610.0, 6000.0], [120612.5, 20000.0], [120615.0, 4750.0]]}}}
{"jsonrpc": "2.0", "method": "subscription", "params": {"channel": "book.BTC-15AUG25.none.20.100ms", "data": {"timestamp": 1754926157783, "change_id": 113014477370, "instrument_name": "BTC-15AUG25", "bids": [[120240.0, 8400.0], [120237.5, 50000.0], [120235.0, 1200.0], [120225.0, 360.0], [120220.0, 3090.0], [120217.5, 6300.0], [120212.5, 1500.0], [120210.0, 6160.0], [120205.0, 3880.0], [120202.5, 2310.0], [120200.0, 9700.0], [120197.5, 4690.0], [120195.0, 2000.0], [120192.5, 10160.0], [120190.0, 3000.0], [120187.5, 10000.0], [120185.0, 1520.0], [120182.5, 5080.0], [120172.5, 1170.0], [120170.0, 3890.0]], "asks": [[120242.5, 18350.0], [120245.0, 10300.0], [120247.5, 3780.0], [120250.0, 16870.0], [120252.5, 10160.0], [120255.0, 4060.0], [120265.0, 20670.0], [120267.5, 14060.0], [120270.0, 132290.0], [120280.0, 1190.0], [120282.5, 3980.0], [120290.0, 15020.0], [120295.0, 57020.0], [120297.5, 23880.0], [120307.5, 1220.0], [120310.0, 4060.0], [120330.0, 1210.0], [120332.5, 4040.0], [120355.0, 4920.0], [120357.5, 16390.0]]}}}
{"jsonrpc": "2.0", "method": "subscription", "params": {"channel": "book.BTC-22AUG25.none.20.100ms", "data": {"timestamp": 1754926157757, "change_id": 113014477337, "instrument_name": "BTC-22AUG25", "bids": [[120525.0, 4940.0], [120522.5, 5000.0], [120515.0, 1860.0], [120512.5, 3100.0], [120510.0, 6100.0], [120507.5, 10000.0], [120502.5, 13310.0], [120500.0, 132550.0], [120490.0, 2280.0], [120487.5, 7600.0], [120472.5, 870.0], [120470.0, 5890.0], [120467.5, 10000.0], [120452.5, 6000.0], [120450.0, 20830.0], [120447.5, 2770.0], [120442.5, 160.0], [120435.0, 5610.0], [120432.5, 18700.0], [120430.0, 1550.0]], "asks": [[120527.5, 8400.0], [120530.0, 3500.0], [120532.5, 5000.0], [120535.0, 10000.0], [120537.5, 990.0], [120540.0, 2770.0], [120545.0, 12610.0], [120547.5, 3100.0], [120550.0, 55950.0], [120552.5, 7570.0], [120555.0, 3720.0], [120557.5, 10000.0], [120560.0, 2400.0], [120570.0, 830.0], [120572.5, 2760.0], [120580.0, 20.0], [120600.0, 870.0], [120602.5, 2890.0], [120610.0, 6000.0], [120612.5, 20000.0]]}}}
{"jsonrpc": "2.0", "method": "subscription", "params": {"channel": "book.BTC-15AUG25.none.20.100ms", "data": {"timestamp": 1754926158058, "change_id": 113014478016, "instrument_name": "BTC-15AUG25", "bids": [[120240.0, 8400.0], [120237.5, 50000.0], [120235.0, 1200.0], [120225.0, 360.0], [120220.0, 1200.0], [120210.0, 1160.0], [120205.0, 3880.0], [120202.5, 2310.0], [120200.0, 9700.0], [120197.5, 4690.0], [120195.0, 2000.0], [120192.5, 10160.0], [120190.0, 3000.0], [120187.5, 10000.0], [120185.0, 1520.0], [120182.5, 5080.0], [120172.5, 1170.0], [120170.0, 3890.0], [120162.5, 1410.0], [120160.0, 4690.0]], "asks": [[120242.5, 18350.0], [120245.0, 10300.0], [120247.5, 3780.0], [120250.0, 19330.0], [120252.5, 10160.0], [120255.0, 14060.0], [120265.0, 20670.0], [120267.5, 4060.0], [120270.0, 132290.0], [120280.0, 1190.0], [120282.5, 3980.0], [120290.0, 15020.0], [120295.0, 57020.0], [120297.5, 23880.0], [120307.5, 1220.0], [120310.0, 4060.0], [120330.0, 1210.0], [120332.5, 4040.0], [120355.0, 4920.0], [120357.5, 16390.0]]}}}
{"jsonrpc": "2.0", "method": "subscription", "params": {"channel": "book.BTC-22AUG25.none.20.100ms", "data": {"timestamp": 1754926158005, "change_id": 113014477854, "instrument_name": "BTC-22AUG25", "bids": [[120525.0, 4940.0], [120522.5, 5000.0], [120515.0, 1860.0], [120512.5, 3100.0], [120510.0, 6100.0], [120507.5, 10000.0], [120502.5, 13310.0], [120500.0, 132550.0], [120490.0, 2280.0], [120487.5, 7600.0], [120472.5, 870.0], [120470.0, 5890.0], [120467.5, 10000.0], [120452.5, 6000.0], [120450.0, 20830.0], [120447.5, 2770.0], [120442.5, 160.0], [120435.0, 5610.0], [120432.5, 18700.0], [120430.0, 1550.0]], "asks": [[120527.5, 8400.0], [120530.0, 8500.0], [120535.0, 10000.0], [120537.5, 990.0], [120540.0, 2770.0], [120545.0, 12610.0], [120547.5, 3100.0], [120550.0, 55950.0], [120552.5, 7570.0], [120555.0, 3720.0], [120557.5, 10000.0], [120560.0, 2400.0], [120570.0, 830.0], [120572.5, 2760.0], [120580.0, 20.0], [120600.0, 870.0], [120602.5, 2890.0], [120610.0, 6000.0], [120612.5, 20000.0], [120615.0, 4750.0]]}}}
{"jsonrpc": "2.0", "method": "subscription", "params": {"channel": "book.BTC-15AUG25.none.20.100ms", "data": {"timestamp": 1754926159139, "change_id": 113014479524, "instrument_name": "BTC-15AUG25", "bids": [[120240.0, 8400.0], [120237.5, 50000.0], [120235.0, 1200.0], [120230.0, 1190.0], [120227.5, 3950.0], [120225.0, 360.0], [120220.0, 1200.0], [120210.0, 5350.0], [120205.0, 13880.0], [120202.5, 2310.0], [120200.0, 9700.0], [120197.5, 4690.0], [120195.0, 2000.0], [120192.5, 160.0], [120190.0, 3000.0], [120187.5, 10000.0], [120185.0, 1520.0], [120182.5, 5080.0], [120172.5, 1170.0], [120170.0, 3890.0]], "asks": [[120242.5, 18350.0], [120245.0, 10300.0], [120247.5, 3780.0], [120250.0, 19330.0], [120252.5, 10160.0], [120255.0, 14060.0], [120265.0, 1220.0], [120267.5, 4060.0], [120280.0, 1190.0], [120282.5, 3980.0], [120290.0, 15020.0], [120295.0, 57020.0], [120297.5, 23880.0], [120307.5, 1220.0], [120310.0, 4060.0], [120330.0, 1210.0], [120332.5, 4040.0], [120355.0, 4920.0], [120357.5, 16390.0], [120372.5, 1180.0]]}}}
{"jsonrpc": "2.0", "method": "subscription", "params": {"channel": "book.BTC-22AUG25.none.20.100ms", "data": {"timestamp": 1754926159113, "change_id": 113014479506, "instrument_name": "BTC-22AUG25", "bids": [[120525.0, 4940.0], [120522.5, 5000.0], [120515.0, 1860.0], [120512.5, 3100.0], [120510.0, 6100.0], [120507.5, 10000.0], [120502.5, 13310.0], [120500.0, 132550.0], [120490.0, 2280.0], [120487.5, 7600.0], [120472.5, 870.0], [120470.0, 5890.0], [120467.5, 10000.0], [120452.5, 6000.0], [120450.0, 20830.0], [120447.5, 2770.0], [120442.5, 160.0], [120435.0, 5610.0], [120432.5, 18700.0], [120430.0, 1550.0]], "asks": [[120527.5, 5600.0], [120530.0, 8500.0], [120535.0, 10000.0], [120537.5, 990.0], [120540.0, 2770.0], [120545.0, 12610.0], [120547.5, 3100.0], [120550.0, 55950.0], [120552.5, 7570.0], [120555.0, 3720.0], [120557.5, 10000.0], [120560.0, 2400.0], [120570.0, 830.0], [120572.5, 2760.0], [120580.0, 20.0], [120600.0, 870.0], [120602.5, 2890.0], [120610.0, 6000.0], [120612.5, 20000.0], [120615.0, 4750.0]]}}}
{"jsonrpc": "2.0", "method": "subscription", "params": {"channel": "book.BTC-15AUG25.none.20.100ms", "data": {"timestamp": 1754926159227, "change_id": 113014479607, "instrument_name": "BTC-15AUG25", "bids": [[120240.0, 8400.0], [120237.5, 50000.0], [120235.0, 1200.0], [120230.0, 1190.0], [120227.5, 3950.0], [120225.0, 360.0], [120220.0, 1200.0], [120210.0, 5350.0], [120205.0, 13880.0], [120202.5, 2310.0], [120200.0, 9700.0], [120197.5, 4690.0], [120195.0, 2000.0], [120192.5, 160.0], [120190.0, 3000.0], [120187.5, 10000.0], [120185.0, 1520.0], [120182.5, 5080.0], [120172.5, 1170.0], [120170.0, 3890.0]], "asks": [[120242.5, 18350.0], [120245.0, 10300.0], [120247.5, 3780.0], [120250.0, 19330.0], [120252.5, 10160.0], [120255.0, 14060.0], [120260.0, 13010.0], [120262.5, 132280.0], [120265.0, 1220.0], [120267.5, 4060.0], [120280.0, 1190.0], [120282.5, 3980.0], [120290.0, 15020.0], [120295.0, 57020.0], [120297.5, 23880.0], [120307.5, 1220.0], [120310.0, 4060.0], [120330.0, 1210.0], [120332.5, 4040.0], [120355.0, 4920.0]]}}}
{"jsonrpc": "2.0", "method": "subscription", "params": {"channel": "book.BTC-22AUG25.none.20.100ms", "data": {"timestamp": 1754926159305, "change_id": 113014479661, "instrument_name": "BTC-22AUG25", "bids": [[120525.0, 4940.0], [120522.5, 5000.0], [120515.0, 1860.0], [120512.5, 3100.0], [120510.0, 6100.0], [120507.5, 10000.0], [120502.5, 13310.0], [120500.0, 132550.0], [120490.0, 2280.0], [120487.5, 7600.0], [120472.5, 870.0], [120470.0, 5890.0], [120467.5, 10000.0], [120455.0, 160.0], [120452.5, 6000.0], [120450.0, 20830.0], [120447.5, 2770.0], [120435.0, 5610.0], [120432.5, 18700.0], [120430.0, 1550.0]], "asks": [[120527.5, 5600.0], [120530.0, 5000.0], [120532.5, 3000.0], [120535.0, 10000.0], [120537.5, 990.0], [120540.0, 2770.0], [120545.0, 12610.0], [120547.5, 3100.0], [120550.0, 55950.0], [120552.5, 7570.0], [120555.0, 3720.0], [120557.5, 10000.0], [120560.0, 2400.0], [120570.0, 830.0], [120572.5, 2760.0], [120580.0, 20.0], [120600.0, 870.0], [120602.5, 2890.0], [120610.0, 6000.0], [120612.5, 20000.0]]}}}
{"jsonrpc": "2.0", "method": "subscription", "params": {"channel": "book.BTC-15AUG25.none.20.100ms", "data": {"timestamp": 1754926159793, "change_id": 113014480298, "instrument_name": "BTC-15AUG25", "bids": [[120240.0, 8400.0], [120237.5, 50000.0], [120235.0, 1200.0], [120230.0, 1190.0], [120227.5, 3950.0], [120225.0, 360.0], [120220.0, 1200.0], [120215.0, 1500.0], [120212.5, 5000.0], [120210.0, 5350.0], [120205.0, 13880.0], [120202.5, 2310.0], [120200.0, 9700.0], [120197.5, 4690.0], [120195.0, 2000.0], [120192.5, 160.0], [120190.0, 3000.0], [120187.5, 10000.0], [120185.0, 1520.0], [120182.5, 5080.0]], "asks": [[120242.5, 18350.0], [120245.0, 10300.0], [120247.5, 3780.0], [120250.0, 19330.0], [120252.5, 10160.0], [120255.0, 14060.0], [120260.0, 13010.0], [120262.5, 132280.0], [120265.0, 1220.0], [120267.5, 4060.0], [120280.0, 1190.0], [120282.5, 3980.0], [120290.0, 15020.0], [120295.0, 57020.0], [120297.5, 23880.0], [120307.5, 1220.0], [120310.0, 4060.0], [120330.0, 1210.0], [120332.5, 4040.0], [120355.0, 4920.0]]}}}
{"jsonrpc": "2.0", "method": "subscription", "params": {"channel": "book.BTC-15AUG25.none.20.100ms", "data": {"timestamp": 1754926160096, "change_id": 113014480733, "instrument_name": "BTC-15AUG25", "bids": [[120240.0, 8400.0], [120237.5, 50000.0], [120235.0, 1200.0], [120230.0, 1190.0], [120227.5, 3950.0], [120225.0, 360.0], [120220.0, 5010.0], [120217.5, 12700.0], [120215.0, 1500.0], [120212.5, 5000.0], [120210.0, 5350.0], [120205.0, 13880.0], [120202.5, 2310.0], [120200.0, 9700.0], [120197.5, 4690.0], [120195.0, 2000.0], [120192.5, 160.0], [120190.0, 3000.0], [120187.5, 10000.0], [120185.0, 1520.0]], "asks": [[120242.5, 18350.0], [120245.0, 10300.0], [120247.5, 3780.0], [120250.0, 19330.0], [120252.5, 10160.0], [120255.0, 14060.0], [120260.0, 13010.0], [120262.5, 132280.0], [120265.0, 1220.0], [120267.5, 4060.0], [120280.0, 1190.0], [120282.5, 3980.0], [120290.0, 15020.0], [120295.0, 57020.0], [120297.5, 23880.0], [120307.5, 1220.0], [120310.0, 4060.0], [120330.0, 1210.0], [120332.5, 4040.0], [120355.0, 4920.0]]}}}
{"jsonrpc": "2.0", "method": "subscription", "params": {"channel": "book.BTC-22AUG25.none.20.100ms", "data": {"timestamp": 1754926159861, "change_id": 113014480405, "instrument_name": "BTC-22AUG25", "bids": [[120525.0, 8040.0], [120522.5, 5000.0], [120515.0, 1860.0], [120512.5, 3100.0], [120510.0, 6100.0], [120507.5, 10000.0], [120502.5, 13310.0], [120500.0, 132550.0], [120490.0, 2280.0], [120487.5, 7600.0], [120472.5, 870.0], [120470.0, 5890.0], [120467.5, 10000.0], [120455.0, 160.0], [120452.5, 6000.0], [120450.0, 20830.0], [120447.5, 2770.0], [120435.0, 5610.0], [120432.5, 18700.0], [120430.0, 1550.0]], "asks": [[120527.5, 5600.0], [120530.0, 5000.0], [120532.5, 3000.0], [120535.0, 10000.0], [120537.5, 990.0], [120540.0, 2770.0], [120545.0, 12610.0], [120547.5, 3100.0], [120550.0, 55950.0], [120552.5, 7570.0], [120555.0, 3720.0], [120557.5, 10000.0], [120560.0, 2400.0], [120570.0, 830.0], [120572.5, 2760.0], [120580.0, 20.0], [120600.0, 870.0], [120602.5, 2890.0], [120610.0, 6000.0], [120612.5, 20000.0]]}}}
{"jsonrpc": "2.0", "method": "subscription", "params": {"channel": "book.BTC-15AUG25.none.20.100ms", "data": {"timestamp": 1754926160353, "change_id": 113014480892, "instrument_name": "BTC-15AUG25", "bids": [[120240.0, 8400.0], [120237.5, 50000.0], [120235.0, 1200.0], [120230.0, 1190.0], [120227.5, 3950.0], [120225.0, 360.0], [120220.0, 5010.0], [120217.5, 12700.0], [120215.0, 1500.0], [120212.5, 5000.0], [120210.0, 5350.0], [120205.0, 13880.0], [120202.5, 2310.0], [120200.0, 9700.0], [120197.5, 4690.0], [120195.0, 2000.0], [120192.5, 160.0], [120190.0, 3000.0], [120187.5, 10000.0], [120185.0, 1520.0]], "asks": [[120242.5, 18360.0], [120245.0, 10300.0], [120247.5, 3780.0], [120250.0, 16870.0], [120252.5, 10160.0], [120255.0, 4060.0], [120265.0, 1220.0], [120267.5, 4060.0], [120277.5, 3000.0], [120280.0, 11190.0], [120282.5, 3980.0], [120290.0, 15020.0], [120295.0, 57020.0], [120297.5, 23880.0], [120307.5, 1220.0], [120310.0, 4060.0], [120330.0, 1210.0], [120332.5, 4040.0], [120355.0, 4920.0], [120357.5, 16390.0]]}}}
{"jsonrpc": "2.0", "method": "subscription", "params": {"channel": "book.BTC-15AUG25.none.20.100ms", "data": {"timestamp": 1754926160621, "change_id": 113014481317, "instrument_name": "BTC-15AUG25", "bids": [[120240.0, 8400.0], [120237.5, 50000.0], [120235.0, 1200.0], [120230.0, 1190.0], [120227.5, 3950.0], [120225.0, 360.0], [120220.0, 5010.0], [120217.5, 12700.0], [120215.0, 1500.0], [120212.5, 5000.0], [120210.0, 5350.0], [120205.0, 13880.0], [120202.5, 2310.0], [120200.0, 9700.0], [120197.5, 4690.0], [120195.0, 2000.0], [120192.5, 160.0], [120190.0, 3000.0], [120187.5, 10000.0], [120185.0, 1520.0]], "asks": [[120242.5, 18360.0], [120245.0, 10300.0], [120247.5, 3780.0], [120250.0, 16870.0], [120252.5, 10160.0], [120255.0, 4060.0], [120265.0, 4070.0], [120267.5, 14060.0], [120280.0, 1190.0], [120282.5, 3980.0], [120290.0, 15020.0], [120295.0, 57020.0], [120297.5, 23880.0], [120307.5, 1220.0], [120310.0, 4060.0], [120330.0, 1210.0], [120332.5, 4040.0], [120355.0, 4920.0], [120357.5, 16390.0], [120372.5, 1180.0]]}}}
{"jsonrpc": "2.0", "method": "subscription", "params": {"channel": "book.BTC-15AUG25.none.20.100ms", "data": {"timestamp": 1754926161100, "change_id": 113014482084, "instrument_name": "BTC-15AUG25", "bids": [[120240.0, 8400.0], [120237.5, 50000.0], [120235.0, 1200.0], [120230.0, 1190.0], [120227.5, 3950.0], [120225.0, 360.0], [120220.0, 5010.0], [120217.5, 12700.0], [120215.0, 1500.0], [120212.5, 5000.0], [120210.0, 5350.0], [120205.0, 13880.0], [120202.5, 2310.0], [120200.0, 9700.0], [120197.5, 4690.0], [120195.0, 2000.0], [120192.5, 160.0], [120190.0, 3000.0], [120187.5, 10000.0], [120185.0, 1520.0]], "asks": [[120242.5, 18360.0], [120245.0, 10300.0], [120247.5, 3780.0], [120250.0, 16870.0], [120252.5, 10160.0], [120255.0, 4060.0], [120265.0, 4070.0], [120267.5, 14060.0], [120272.5, 24970.0], [120275.0, 132300.0], [120280.0, 1190.0], [120282.5, 3980.0], [120290.0, 15020.0], [120295.0, 57020.0], [120297.5, 23880.0], [120307.5, 1220.0], [120310.0, 4060.0], [120330.0, 1210.0], [120332.5, 4040.0], [120355.0, 4920.0]]}}}
{"jsonrpc": "2.0", "method": "subscription", "params": {"channel": "book.BTC-15AUG25.none.20.100ms", "data": {"timestamp": 1754926161741, "change_id": 113014482652, "instrument_name": "BTC-15AUG25", "bids": [[120240.0, 8400.0], [120237.5, 50000.0], [120235.0, 1200.0], [120230.0, 1190.0], [120227.5, 3950.0], [120225.0, 360.0], [120220.0, 5010.0], [120217.5, 12700.0], [120215.0, 1500.0], [120212.5, 5000.0], [120210.0, 5350.0], [120205.0, 13880.0], [120202.5, 2310.0], [120200.0, 9700.0], [120197.5, 4690.0], [120195.0, 2000.0], [120192.5, 160.0], [120190.0, 3000.0], [120187.5, 10000.0], [120185.0, 1520.0]], "asks": [[120242.5, 18360.0], [120245.0, 10300.0], [120247.5, 3780.0], [120250.0, 16870.0], [120252.5, 10160.0], [120255.0, 4060.0], [120265.0, 4070.0], [120267.5, 14060.0], [120280.0, 1190.0], [120282.5, 3980.0], [120290.0, 15020.0], [120295.0, 57020.0], [120297.5, 23880.0], [120307.5, 1220.0], [120310.0, 4060.0], [120330.0, 1210.0], [120332.5, 4040.0], [120355.0, 4920.0], [120357.5, 16390.0], [120372.5, 1180.0]]}}}
{"jsonrpc": "2.0", "method": "subscription", "params": {"channel": "book.BTC-15AUG25.none.20.100ms", "data": {"timestamp": 1754926162127, "change_id": 113014483272, "instrument_name": "BTC-15AUG25", "bids": [[120240.0, 8400.0], [120237.5, 50000.0], [120235.0, 1200.0], [120230.0, 1190.0], [120227.5, 3950.0], [120225.0, 360.0], [120220.0, 5010.0], [120217.5, 12700.0], [120215.0, 1500.0], [120212.5, 5000.0], [120210.0, 5350.0], [120205.0, 13880.0], [120202.5, 2310.0], [120200.0, 9700.0], [120197.5, 4690.0], [120195.0, 2000.0], [120192.5, 160.0], [120190.0, 3000.0], [120187.5, 10000.0], [120185.0, 1520.0]], "asks": [[120242.5, 18360.0], [120245.0, 10300.0], [120247.5, 3780.0], [120250.0, 16870.0], [120252.5, 10160.0], [120255.0, 4060.0], [120265.0, 105230.0], [120267.5, 14060.0], [120280.0, 1190.0], [120282.5, 3980.0], [120290.0, 15020.0], [120295.0, 57020.0], [120297.5, 23880.0], [120307.5, 1220.0], [120310.0, 4060.0], [120330.0, 1210.0], [120332.5, 4040.0], [120355.0, 4920.0], [120357.5, 16390.0], [120372.5, 1180.0]]}}}
{"jsonrpc": "2.0", "method": "subscription", "params": {"channel": "book.BTC-15AUG25.none.20.100ms", "data": {"timestamp": 1754926162416, "change_id": 113014483711, "instrument_name": "BTC-15AUG25", "bids": [[120240.0, 8400.0], [120237.5, 50360.0], [120235.0, 1200.0], [120230.0, 1190.0], [120227.5, 3950.0], [120225.0, 360.0], [120220.0, 7530.0], [120217.5, 22700.0], [120205.0, 3880.0], [120202.5, 5020.0], [120200.0, 19700.0], [120197.5, 4690.0], [120195.0, 2000.0], [120192.5, 160.0], [120185.0, 1520.0], [120182.5, 5080.0], [120172.5, 1170.0], [120170.0, 3890.0], [120162.5, 1410.0], [120160.0, 4690.0]], "asks": [[120242.5, 18360.0], [120245.0, 10300.0], [120247.5, 3780.0], [120250.0, 16870.0], [120252.5, 10160.0], [120255.0, 4060.0], [120262.5, 15990.0], [120265.0, 105230.0], [120267.5, 14060.0], [120280.0, 1190.0], [120282.5, 3980.0], [120290.0, 15020.0], [120295.0, 57020.0], [120297.5, 23880.0], [120307.5, 1220.0], [120310.0, 4060.0], [120330.0, 1210.0], [120332.5, 4040.0], [120355.0, 4920.0], [120357.5, 16390.0]]}}}
{"jsonrpc": "2.0", "method": "subscription", "params": {"channel": "book.BTC-22AUG25.none.20.100ms", "data": {"timestamp": 1754926162420, "change_id": 113014483747, "instrument_name": "BTC-22AUG25", "bids": [[120525.0, 8040.0], [120522.5, 5000.0], [120515.0, 1860.0], [120512.5, 5900.0], [120510.0, 6100.0], [120507.5, 10000.0], [120502.5, 13310.0], [120500.0, 132550.0], [120490.0, 2280.0], [120487.5, 7600.0], [120482.5, 3000.0], [120480.0, 10000.0], [120472.5, 870.0], [120470.0, 2890.0], [120455.0, 160.0], [120452.5, 6000.0], [120450.0, 20830.0], [120447.5, 2770.0], [120435.0, 5610.0], [120432.5, 16170.0]], "asks": [[120527.5, 5600.0], [120535.0, 10000.0], [120537.5, 990.0], [120540.0, 2770.0], [120545.0, 2460.0], [120547.5, 3100.0], [120550.0, 13740.0], [120552.5, 2820.0], [120555.0, 53720.0], [120557.5, 14750.0], [120560.0, 2400.0], [120570.0, 830.0], [120572.5, 2760.0], [120580.0, 20.0], [120600.0, 870.0], [120602.5, 2890.0], [120610.0, 6000.0], [120612.5, 20000.0], [120615.0, 4750.0], [120637.5, 860.0]]}}}
{"jsonrpc": "2.0", "method": "subscription", "params": {"channel": "book.BTC-15AUG25.none.20.100ms", "data": {"timestamp": 1754926162796, "change_id": 113014484213, "instrument_name": "BTC-15AUG25", "bids": [[120240.0, 18100.0], [120237.5, 50360.0], [120235.0, 1200.0], [120230.0, 1190.0], [120227.5, 3950.0], [120225.0, 360.0], [120220.0, 5010.0], [120217.5, 10000.0], [120205.0, 3880.0], [120202.5, 5020.0], [120200.0, 19700.0], [120197.5, 4690.0], [120195.0, 2000.0], [120192.5, 160.0], [120185.0, 1520.0], [120182.5, 5080.0], [120172.5, 1170.0], [120170.0, 3890.0], [120162.5, 1410.0], [120160.0, 4690.0]], "asks": [[120242.5, 14410.0], [120245.0, 10300.0], [120247.5, 3780.0], [120250.0, 16870.0], [120252.5, 10160.0], [120255.0, 4060.0], [120262.5, 15990.0], [120265.0, 105230.0], [120267.5, 14060.0], [120280.0, 1190.0], [120282.5, 3980.0], [120290.0, 15020.0], [120295.0, 57020.0], [120297.5, 23880.0], [120307.5, 1220.0], [120310.0, 4060.0], [120330.0, 1210.0], [120332.5, 4040.0], [120355.0, 4920.0], [120357.5, 16390.0]]}}}
{"jsonrpc": "2.0", "method": "subscription", "params": {"channel": "book.BTC-22AUG25.none.20.100ms", "data": {"timestamp": 1754926162829, "change_id": 113014484215, "instrument_name": "BTC-22AUG25", "bids": [[120525.0, 8040.0], [120522.5, 5000.0], [120520.0, 930.0], [120517.5, 3100.0], [120515.0, 1860.0], [120512.5, 5900.0], [120510.0, 6100.0], [120507.5, 10000.0], [120502.5, 13310.0], [120500.0, 132550.0], [120490.0, 2280.0], [120487.5, 7600.0], [120482.5, 3000.0], [120480.0, 10000.0], [120472.5, 870.0], [120470.0, 2890.0], [120455.0, 160.0], [120452.5, 6000.0], [120450.0, 20830.0], [120447.5, 2770.0]], "asks": [[120527.5, 5600.0], [120535.0, 10000.0], [120537.5, 990.0], [120540.0, 2770.0], [120545.0, 2460.0], [120547.5, 3100.0], [120550.0, 13740.0], [120552.5, 2820.0], [120555.0, 53720.0], [120557.5, 14750.0], [120560.0, 2400.0], [120570.0, 830.0], [120572.5, 2760.0], [120580.0, 20.0], [120600.0, 870.0], [120602.5, 2890.0], [120610.0, 6000.0], [120612.5, 20000.0], [120615.0, 4750.0], [120637.5, 860.0]]}}}
{"jsonrpc": "2.0", "method": "subscription", "params": {"channel": "book.BTC-15AUG25.none.20.100ms", "data": {"timestamp": 1754926163342, "change_id": 113014484685, "instrument_name": "BTC-15AUG25", "bids": [[120240.0, 18100.0], [120237.5, 50360.0], [120235.0, 1200.0], [120230.0, 1190.0], [120227.5, 3950.0], [120225.0, 360.0], [120220.0, 5010.0], [120217.5, 15000.0], [120205.0, 3880.0], [120202.5, 5020.0], [120200.0, 19700.0], [120197.5, 4690.0], [120195.0, 2000.0], [120192.5, 160.0], [120185.0, 1520.0], [120182.5, 5080.0], [120172.5, 1170.0], [120170.0, 3890.0], [120162.5, 1410.0], [120160.0, 4690.0]], "asks": [[120242.5, 14410.0], [120245.0, 10300.0], [120247.5, 3780.0], [120250.0, 16870.0], [120252.5, 10160.0], [120255.0, 4060.0], [120262.5, 15990.0], [120265.0, 105230.0], [120267.5, 14060.0], [120280.0, 1190.0], [120282.5, 3980.0], [120290.0, 15020.0], [120295.0, 57020.0], [120297.5, 23880.0], [120307.5, 1220.0], [120310.0, 4060.0], [120330.0, 1210.0], [120332.5, 4040.0], [120355.0, 4920.0], [120357.5, 16390.0]]}}}
{"jsonrpc": "2.0", "method": "subscription", "params": {"channel": "book.BTC-22AUG25.none.20.100ms", "data": {"timestamp": 1754926163385, "change_id": 113014484694, "instrument_name": "BTC-22AUG25", "bids": [[120525.0, 8040.0], [120522.5, 5000.0], [120520.0, 930.0], [120517.5, 3100.0], [120515.0, 1860.0], [120512.5, 5900.0], [120510.0, 6100.0], [120507.5, 10000.0], [120502.5, 13310.0], [120500.0, 132550.0], [120490.0, 18490.0], [120487.5, 7600.0], [120482.5, 3000.0], [120480.0, 10000.0], [120472.5, 870.0], [120470.0, 2890.0], [120455.0, 160.0], [120452.5, 6000.0], [120450.0, 20830.0], [120447.5, 2770.0]], "asks": [[120527.5, 5600.0], [120535.0, 10000.0], [120537.5, 5990.0], [120540.0, 2770.0], [120545.0, 2460.0], [120547.5, 3100.0], [120550.0, 13740.0], [120552.5, 2820.0], [120555.0, 53720.0], [120557.5, 14750.0], [120560.0, 2400.0], [120570.0, 830.0], [120572.5, 2760.0], [120580.0, 20.0], [120600.0, 870.0], [120602.5, 2890.0], [120610.0, 6000.0], [120612.5, 20000.0], [120615.0, 4750.0], [120637.5, 860.0]]}}}
{"jsonrpc": "2.0", "method": "subscription", "params": {"channel": "book.BTC-15AUG25.none.20.100ms", "data": {"timestamp": 1754926163775, "change_id": 113014485362, "instrument_name": "BTC-15AUG25", "bids": [[120240.0, 18100.0], [120237.5, 50360.0], [120235.0, 1200.0], [120230.0, 1190.0], [120227.5, 3950.0], [120225.0, 360.0], [120220.0, 5010.0], [120217.5, 15000.0], [120205.0, 3880.0], [120202.5, 5020.0], [120200.0, 17690.0], [120195.0, 18230.0], [120192.5, 160.0], [120185.0, 1520.0], [120182.5, 5080.0], [120172.5, 1170.0], [120170.0, 3890.0], [120162.5, 1410.0], [120160.0, 4690.0], [120155.0, 360.0]], "asks": [[120242.5, 5030.0], [120245.0, 10300.0], [120247.5, 3780.0], [120250.0, 16870.0], [120252.5, 10160.0], [120255.0, 4060.0], [120262.5, 15990.0], [120265.0, 105230.0], [120267.5, 14060.0], [120280.0, 1190.0], [120282.5, 3980.0], [120290.0, 15020.0], [120295.0, 57020.0], [120297.5, 23880.0], [120307.5, 1220.0], [120310.0, 4060.0], [120330.0, 1210.0], [120332.5, 4040.0], [120355.0, 4920.0], [120357.5, 16390.0]]}}}
{"jsonrpc": "2.0", "method": "subscription", "params": {"channel": "book.BTC-22AUG25.none.20.100ms", "data": {"timestamp": 1754926163675, "change_id": 113014485101, "instrument_name": "BTC-22AUG25", "bids": [[120525.0, 8040.0], [120522.5, 5000.0], [120520.0, 930.0], [120517.5, 3100.0], [120515.0, 1860.0], [120512.5, 5900.0], [120510.0, 6100.0], [120507.5, 10000.0], [120502.5, 13310.0], [120500.0, 132550.0], [120490.0, 18490.0], [120487.5, 7600.0], [120482.5, 3000.0], [120480.0, 10000.0], [120472.5, 870.0], [120470.0, 2890.0], [120455.0, 160.0], [120452.5, 6000.0], [120450.0, 20830.0], [120447.5, 2770.0]], "asks": [[120527.5, 5600.0], [120535.0, 10000.0], [120537.5, 5160.0], [120540.0, 2770.0], [120545.0, 2460.0], [120547.5, 3100.0], [120550.0, 13740.0], [120552.5, 2820.0], [120555.0, 53720.0], [120557.5, 10000.0], [120560.0, 2400.0], [120570.0, 830.0], [120572.5, 2760.0], [120580.0, 20.0], [120600.0, 870.0], [120602.5, 2890.0], [120610.0, 6000.0], [120612.5, 20000.0], [120615.0, 4750.0], [120637.5, 860.0]]}}}
{"jsonrpc": "2.0", "method": "subscription", "params": {"channel": "book.BTC-15AUG25.none.20.100ms", "data": {"timestamp": 1754926164014, "change_id": 113014485378, "instrument_name": "BTC-15AUG25", "bids": [[120240.0, 18100.0], [120237.5, 50360.0], [120235.0, 1200.0], [120230.0, 1190.0], [120227.5, 3950.0], [120225.0, 360.0], [120220.0, 5010.0], [120217.5, 15000.0], [120205.0, 3880.0], [120202.5, 9710.0], [120200.0, 17690.0], [120197.5, 5470.0], [120195.0, 18230.0], [120192.5, 160.0], [120185.0, 1520.0], [120182.5, 5080.0], [120172.5, 1170.0], [120170.0, 3890.0], [120162.5, 1410.0], [120160.0, 4690.0]], "asks": [[120242.5, 14410.0], [120245.0, 10300.0], [120247.5, 3780.0], [120250.0, 16870.0], [120252.5, 10160.0], [120255.0, 4060.0], [120262.5, 15990.0], [120265.0, 105230.0], [120267.5, 14060.0], [120280.0, 1190.0], [120282.5, 3980.0], [120290.0, 15020.0], [120295.0, 57020.0], [120297.5, 23880.0], [120307.5, 1220.0], [120310.0, 4060.0], [120330.0, 1210.0], [120332.5, 4040.0], [120355.0, 4920.0], [120357.5, 16390.0]]}}}
{"jsonrpc": "2.0", "method": "subscription", "params": {"channel": "book.BTC-22AUG25.none.20.100ms", "data": {"timestamp": 1754926163818, "change_id": 113014485383, "instrument_name": "BTC-22AUG25", "bids": [[120525.0, 8040.0], [120522.5, 5000.0], [120520.0, 1740.0], [120517.5, 3100.0], [120515.0, 4960.0], [120512.5, 5900.0], [120510.0, 3000.0], [120507.5, 10000.0], [120502.5, 13310.0], [120500.0, 132550.0], [120490.0, 18490.0], [120487.5, 7600.0], [120482.5, 3000.0], [120480.0, 10000.0], [120472.5, 870.0], [120470.0, 2890.0], [120455.0, 160.0], [120452.5, 6000.0], [120450.0, 20830.0], [120447.5, 2770.0]], "asks": [[120527.5, 5600.0], [120535.0, 10000.0], [120537.5, 5160.0], [120540.0, 2770.0], [120545.0, 2460.0], [120547.5, 3100.0], [120550.0, 13740.0], [120552.5, 2820.0], [120555.0, 53720.0], [120557.5, 14750.0], [120560.0, 2400.0], [120570.0, 830.0], [120572.5, 2760.0], [120580.0, 20.0], [120600.0, 870.0], [120602.5, 2890.0], [120610.0, 6000.0], [120612.5, 20000.0], [120615.0, 4750.0], [120637.5, 860.0]]}}}
{"jsonrpc": "2.0", "method": "subscription", "params": {"channel": "book.BTC-15AUG25.none.20.100ms", "data": {"timestamp": 1754926164620, "change_id": 113014487784, "instrument_name": "BTC-15AUG25", "bids": [[120240.0, 22130.0], [120237.5, 50360.0], [120235.0, 1200.0], [120230.0, 1190.0], [120227.5, 3950.0], [120225.0, 360.0], [120220.0, 5010.0], [120217.5, 14690.0], [120212.5, 3000.0], [120210.0, 10000.0], [120205.0, 4040.0], [120202.5, 2310.0], [120200.0, 12380.0], [120197.5, 5470.0], [120195.0, 18230.0], [120185.0, 1520.0], [120182.5, 5080.0], [120172.5, 1170.0], [120170.0, 3890.0], [120155.0, 20360.0]], "asks": [[120242.5, 5030.0], [120255.0, 4030.0], [120262.5, 3000.0], [120265.0, 11220.0], [120267.5, 4060.0], [120280.0, 1350.0], [120282.5, 3980.0], [120287.5, 3010.0], [120290.0, 25020.0], [120295.0, 57020.0], [120297.5, 3880.0], [120310.0, 4060.0], [120320.0, 21690.0], [120322.5, 20000.0], [120332.5, 4040.0], [120375.0, 3930.0], [120387.5, 4060.0], [120400.0, 16440.0], [120402.5, 41810.0], [120480.0, 3890.0]]}}}
{"jsonrpc": "2.0", "method": "subscription", "params": {"channel": "book.BTC-22AUG25.none.20.100ms", "data": {"timestamp": 1754926164764, "change_id": 113014487787, "instrument_name": "BTC-22AUG25", "bids": [[120525.0, 15590.0], [120522.5, 5000.0], [120520.0, 1760.0], [120517.5, 3100.0], [120515.0, 4960.0], [120512.5, 5900.0], [120510.0, 3000.0], [120507.5, 10000.0], [120502.5, 840.0], [120500.0, 2800.0], [120492.5, 4860.0], [120490.0, 18490.0], [120487.5, 2850.0], [120482.5, 3000.0], [120480.0, 10000.0], [120472.5, 870.0], [120470.0, 2890.0], [120467.5, 160.0], [120452.5, 6000.0], [120450.0, 20000.0]], "asks": [[120527.5, 5600.0], [120537.5, 160.0], [120550.0, 2000.0], [120552.5, 12820.0], [120557.5, 720.0], [120560.0, 2400.0], [120570.0, 3830.0], [120572.5, 12760.0], [120580.0, 20.0], [120600.0, 50000.0], [120602.5, 2890.0], [120615.0, 2800.0], [120617.5, 16000.0], [120627.5, 2800.0], [120637.5, 20000.0], [120640.0, 2880.0], [120652.5, 2820.0], [120657.5, 1200.0], [120665.0, 2850.0], [120675.0, 20.0]]}}}
{"jsonrpc": "2.0", "method": "subscription", "params": {"channel": "book.BTC-15AUG25.none.20.100ms", "data": {"timestamp": 1754926165020, "change_id": 113014488547, "instrument_name": "BTC-15AUG25", "bids": [[120240.0, 25130.0], [120237.5, 50360.0], [120235.0, 1200.0], [120230.0, 2540.0], [120227.5, 8950.0], [120225.0, 4170.0], [120222.5, 12700.0], [120220.0, 5010.0], [120217.5, 10000.0], [120215.0, 4690.0], [120212.5, 3000.0], [120210.0, 10000.0], [120207.5, 1210.0], [120205.0, 4040.0], [120202.5, 2310.0], [120200.0, 7690.0], [120197.5, 5470.0], [120195.0, 18230.0], [120185.0, 1520.0], [120182.5, 5080.0]], "asks": [[120242.5, 9720.0], [120255.0, 4030.0], [120262.5, 3000.0], [120265.0, 11220.0], [120267.5, 4060.0], [120277.5, 1460.0], [120280.0, 6040.0], [120282.5, 3980.0], [120287.5, 3010.0], [120290.0, 25020.0], [120295.0, 57020.0], [120297.5, 3880.0], [120310.0, 4060.0], [120320.0, 21690.0], [120322.5, 20000.0], [120332.5, 4040.0], [120375.0, 3930.0], [120387.5, 4060.0], [120400.0, 16440.0], [120402.5, 41810.0]]}}}
{"jsonrpc": "2.0", "method": "subscription", "params": {"channel": "book.BTC-22AUG25.none.20.100ms", "data": {"timestamp": 1754926165045, "change_id": 113014488543, "instrument_name": "BTC-22AUG25", "bids": [[120525.0, 12790.0], [120522.5, 8100.0], [120520.0, 1760.0], [120517.5, 3100.0], [120515.0, 20530.0], [120512.5, 138460.0], [120510.0, 3000.0], [120507.5, 10000.0], [120502.5, 840.0], [120500.0, 2800.0], [120492.5, 4860.0], [120490.0, 18490.0], [120487.5, 2850.0], [120482.5, 3000.0], [120480.0, 10000.0], [120472.5, 870.0], [120470.0, 2890.0], [120467.5, 160.0], [120452.5, 6000.0], [120450.0, 20000.0]], "asks": [[120527.5, 5600.0], [120537.5, 160.0], [120550.0, 5850.0], [120552.5, 12820.0], [120557.5, 720.0], [120560.0, 2400.0], [120570.0, 3830.0], [120572.5, 17510.0], [120580.0, 20.0], [120585.0, 2800.0], [120600.0, 50000.0], [120602.5, 2890.0], [120615.0, 7550.0], [120617.5, 16000.0], [120627.5, 2800.0], [120637.5, 20000.0], [120640.0, 2880.0], [120652.5, 2820.0], [120657.5, 1200.0], [120665.0, 2850.0]]}}}
{"jsonrpc": "2.0", "method": "subscription", "params": {"channel": "book.BTC-15AUG25.none.20.100ms", "data": {"timestamp": 1754926165401, "change_id": 113014488918, "instrument_name": "BTC-15AUG25", "bids": [[120240.0, 25130.0], [120237.5, 55360.0], [120235.0, 1200.0], [120232.5, 3000.0], [120230.0, 11190.0], [120227.5, 3950.0], [120225.0, 4170.0], [120222.5, 12700.0], [120220.0, 1200.0], [120217.5, 1570.0], [120215.0, 4690.0], [120212.5, 3000.0], [120210.0, 10000.0], [120207.5, 1210.0], [120205.0, 3880.0], [120202.5, 2310.0], [120200.0, 7690.0], [120197.5, 5470.0], [120195.0, 18230.0], [120185.0, 1520.0]], "asks": [[120242.5, 9720.0], [120262.5, 3000.0], [120265.0, 11220.0], [120267.5, 4220.0], [120277.5, 1460.0], [120280.0, 5880.0], [120282.5, 3980.0], [120287.5, 3010.0], [120290.0, 25020.0], [120295.0, 57020.0], [120297.5, 3880.0], [120310.0, 4060.0], [120320.0, 21690.0], [120322.5, 20000.0], [120332.5, 4040.0], [120375.0, 3930.0], [120387.5, 4060.0], [120400.0, 16440.0], [120402.5, 41810.0], [120480.0, 3890.0]]}}}
{"jsonrpc": "2.0", "method": "subscription", "params": {"channel": "book.BTC-22AUG25.none.20.100ms", "data": {"timestamp": 1754926165362, "change_id": 113014488814, "instrument_name": "BTC-22AUG25", "bids": [[120525.0, 12790.0], [120522.5, 8100.0], [120520.0, 1760.0], [120517.5, 3100.0], [120515.0, 20530.0], [120512.5, 138460.0], [120510.0, 3000.0], [120507.5, 10000.0], [120502.5, 840.0], [120500.0, 2800.0], [120492.5, 14860.0], [120490.0, 18490.0], [120487.5, 2850.0], [120472.5, 870.0], [120470.0, 2890.0], [120467.5, 160.0], [120452.5, 6000.0], [120450.0, 20000.0], [120447.5, 2770.0], [120430.0, 1550.0]], "asks": [[120527.5, 5600.0], [120537.5, 160.0], [120550.0, 2000.0], [120552.5, 12820.0], [120557.5, 720.0], [120560.0, 2400.0], [120570.0, 3830.0], [120572.5, 17510.0], [120580.0, 20.0], [120582.5, 50000.0], [120585.0, 2800.0], [120602.5, 2890.0], [120615.0, 7550.0], [120617.5, 16000.0], [120627.5, 2800.0], [120637.5, 20000.0], [120640.0, 2880.0], [120652.5, 2820.0], [120657.5, 1200.0], [120665.0, 2850.0]]}}}
