{"jsonrpc": "2.0", "method": "subscription", "params": {"channel": "book.BTC-10OCT25.none.20.100ms", "data": {"timestamp": 1759264076261, "change_id": 119343837895, "instrument_name": "BTC-10OCT25", "bids": [[114570.0, 10170.0], [114567.5, 13200.0], [114565.0, 44000.0], [114562.5, 131640.0], [114560.0, 19690.0], [114557.5, 36880.0], [114550.0, 16060.0], [114547.5, 40670.0], [114545.0, 2320.0], [114540.0, 34710.0], [114535.0, 6090.0], [114532.5, 17950.0], [114530.0, 3000.0], [114527.5, 1490.0], [114525.0, 4980.0], [114522.5, 650.0], [114520.0, 2180.0], [114510.0, 660.0], [114507.5, 2190.0], [114502.5, 900.0]], "asks": [[114572.5, 14960.0], [114580.0, 2700.0], [114582.5, 34710.0], [114585.0, 9170.0], [114590.0, 5860.0], [114592.5, 89690.0], [114595.0, 49700.0], [114597.5, 7870.0], [114602.5, 36710.0], [114610.0, 2170.0], [114627.5, 2190.0], [114630.0, 41570.0], [114637.5, 650.0], [114640.0, 2170.0], [114650.0, 660.0], [114652.5, 2170.0], [114655.0, 20.0], [114662.5, 650.0], [114665.0, 3060.0], [114667.5, 3000.0]]}}}
{"jsonrpc": "2.0", "method": "subscription", "params": {"channel": "book.BTC-3OCT25.none.20.100ms", "data": {"timestamp": 1759264076259, "change_id": 119343837893, "instrument_name": "BTC-3OCT25", "bids": [[114462.5, 28730.0], [114457.5, 2820.0], [114455.0, 9400.0], [114452.5, 60030.0], [114450.0, 169890.0], [114445.0, 12750.0], [114442.5, 34630.0], [114440.0, 7870.0], [114435.0, 11890.0], [114432.5, 39630.0], [114427.5, 990.0], [114425.0, 3310.0], [114422.5, 1420.0], [114420.0, 4730.0], [114410.0, 12650.0], [114407.5, 39000.0], [114405.0, 3150.0], [114397.5, 5710.0], [114395.0, 19040.0], [114390.0, 1340.0]], "asks": [[114465.0, 18500.0], [114470.0, 9400.0], [114472.5, 66400.0], [114475.0, 44030.0], [114477.5, 16910.0], [114480.0, 59120.0], [114482.5, 34630.0], [114485.0, 1350.0], [114487.5, 1350.0], [114490.0, 13530.0], [114492.5, 34630.0], [114495.0, 2020.0], [114497.5, 2000.0], [114500.0, 4730.0], [114515.0, 950.0], [114517.5, 3150.0], [114532.5, 4860.0], [114535.0, 16210.0], [114550.0, 1850.0], [114552.5, 3150.0]]}}}
{"jsonrpc": "2.0", "method": "subscription", "params": {"channel": "book.BTC-10OCT25.none.20.100ms", "data": {"timestamp": 1759264076365, "change_id": 119343838060, "instrument_name": "BTC-10OCT25", "bids": [[114570.0, 10170.0], [114567.5, 13200.0], [114565.0, 44000.0], [114562.5, 134060.0], [114560.0, 19690.0], [114557.5, 36880.0], [114550.0, 16060.0], [114547.5, 40670.0], [114545.0, 2320.0], [114540.0, 34710.0], [114535.0, 6090.0], [114532.5, 17950.0], [114530.0, 3000.0], [114527.5, 1490.0], [114525.0, 4980.0], [114522.5, 650.0], [114520.0, 2180.0], [114510.0, 660.0], [114507.5, 2190.0], [114502.5, 900.0]], "asks": [[114572.5, 14960.0], [114582.5, 34710.0], [114585.0, 9170.0], [114590.0, 5860.0], [114592.5, 89690.0], [114595.0, 49700.0], [114597.5, 13350.0], [114602.5, 36710.0], [114610.0, 2170.0], [114627.5, 2190.0], [114630.0, 41570.0], [114637.5, 650.0], [114640.0, 2170.0], [114650.0, 660.0], [114652.5, 2170.0], [114655.0, 20.0], [114662.5, 650.0], [114665.0, 3060.0], [114667.5, 3000.0], [114675.0, 650.0]]}}}
{"jsonrpc": "2.0", "method": "subscription", "params": {"channel": "book.BTC-3OCT25.none.20.100ms", "data": {"timestamp": 1759264076364, "change_id": 119343838058, "instrument_name": "BTC-3OCT25", "bids": [[114462.5, 28730.0], [114457.5, 2820.0], [114455.0, 9400.0], [114452.5, 60030.0], [114450.0, 169890.0], [114445.0, 12750.0], [114442.5, 34630.0], [114440.0, 7870.0], [114435.0, 11890.0], [114432.5, 39630.0], [114427.5, 990.0], [114425.0, 3310.0], [114422.5, 1420.0], [114420.0, 4730.0], [114410.0, 12650.0], [114407.5, 39000.0], [114405.0, 3150.0], [114397.5, 5710.0], [114395.0, 19040.0], [114390.0, 1340.0]], "asks": [[114465.0, 18500.0], [114470.0, 9400.0], [114472.5, 66400.0], [114475.0, 44030.0], [114477.5, 16910.0], [114480.0, 72010.0], [114482.5, 34630.0], [114485.0, 1350.0], [114487.5, 1350.0], [114490.0, 13530.0], [114492.5, 34630.0], [114495.0, 2020.0], [114497.5, 2000.0], [114500.0, 4730.0], [114515.0, 950.0], [114517.5, 3150.0], [114532.5, 4860.0], [114535.0, 16210.0], [114550.0, 40850.0], [114552.5, 3150.0]]}}}
{"jsonrpc": "2.0", "method": "subscription", "params": {"channel": "book.BTC-10OCT25.none.20.100ms", "data": {"timestamp": 1759264076815, "change_id": 119343838609, "instrument_name": "BTC-10OCT25", "bids": [[114570.0, 8000.0], [114567.5, 13200.0], [114565.0, 44000.0], [114562.5, 134060.0], [114560.0, 19690.0], [114557.5, 36880.0], [114550.0, 16060.0], [114547.5, 40670.0], [114545.0, 2320.0], [114540.0, 34710.0], [114535.0, 6090.0], [114532.5, 17950.0], [114530.0, 3000.0], [114527.5, 1490.0], [114525.0, 4980.0], [114522.5, 650.0], [114520.0, 2180.0], [114510.0, 660.0], [114507.5, 2190.0], [114502.5, 900.0]], "asks": [[114572.5, 14960.0], [114580.0, 5700.0], [114582.5, 34710.0], [114585.0, 9170.0], [114587.5, 2700.0], [114590.0, 5860.0], [114592.5, 89690.0], [114595.0, 49700.0], [114597.5, 7650.0], [114602.5, 36710.0], [114610.0, 2170.0], [114627.5, 2190.0], [114630.0, 41570.0], [114637.5, 650.0], [114640.0, 2170.0], [114650.0, 660.0], [114652.5, 2170.0], [114655.0, 20.0], [114662.5, 650.0], [114665.0, 3060.0]]}}}
{"jsonrpc": "2.0", "method": "subscription", "params": {"channel": "book.BTC-3OCT25.none.20.100ms", "data": {"timestamp": 1759264076946, "change_id": 119343838845, "instrument_name": "BTC-3OCT25", "bids": [[114462.5, 28730.0], [114457.5, 2820.0], [114455.0, 9400.0], [114452.5, 60030.0], [114450.0, 169890.0], [114445.0, 12750.0], [114442.5, 34630.0], [114440.0, 7870.0], [114435.0, 11890.0], [114432.5, 39630.0], [114427.5, 990.0], [114425.0, 3310.0], [114422.5, 1420.0], [114420.0, 4730.0], [114410.0, 12650.0], [114407.5, 39000.0], [114405.0, 3150.0], [114397.5, 5710.0], [114395.0, 19040.0], [114390.0, 1340.0]], "asks": [[114465.0, 27900.0], [114470.0, 9400.0], [114472.5, 66400.0], [114475.0, 44030.0], [114477.5, 16910.0], [114480.0, 72010.0], [114482.5, 34630.0], [114485.0, 1350.0], [114487.5, 1350.0], [114490.0, 13530.0], [114492.5, 34630.0], [114495.0, 2020.0], [114497.5, 2000.0], [114500.0, 4730.0], [114515.0, 950.0], [114517.5, 3150.0], [114532.5, 4860.0], [114535.0, 16210.0], [114550.0, 40850.0], [114552.5, 3150.0]]}}}
{"jsonrpc": "2.0", "method": "subscription", "params": {"channel": "book.BTC-10OCT25.none.20.100ms", "data": {"timestamp": 1759264077330, "change_id": 119343839206, "instrument_name": "BTC-10OCT25", "bids": [[114570.0, 8000.0], [114567.5, 13200.0], [114565.0, 44000.0], [114562.5, 134060.0], [114560.0, 19690.0], [114557.5, 36880.0], [114550.0, 16060.0], [114547.5, 40670.0], [114545.0, 2320.0], [114540.0, 34710.0], [114535.0, 6090.0], [114532.5, 17950.0], [114530.0, 3000.0], [114527.5, 1490.0], [114525.0, 4980.0], [114522.5, 650.0], [114520.0, 2180.0], [114510.0, 660.0], [114507.5, 2190.0], [114502.5, 900.0]], "asks": [[114572.5, 14960.0], [114580.0, 5700.0], [114582.5, 34710.0], [114585.0, 9170.0], [114587.5, 2700.0], [114590.0, 5860.0], [114592.5, 89690.0], [114595.0, 49700.0], [114597.5, 7650.0], [114602.5, 36710.0], [114610.0, 2170.0], [114627.5, 2190.0], [114630.0, 41570.0], [114637.5, 650.0], [114640.0, 2170.0], [114650.0, 660.0], [114652.5, 2170.0], [114655.0, 20.0], [114662.5, 650.0], [114665.0, 3060.0]]}}}
{"jsonrpc": "2.0", "method": "subscription", "params": {"channel": "book.BTC-10OCT25.none.20.100ms", "data": {"timestamp": 1759264077590, "change_id": 119343839566, "instrument_name": "BTC-10OCT25", "bids": [[114570.0, 8000.0], [114567.5, 13200.0], [114565.0, 44000.0], [114562.5, 134060.0], [114560.0, 19690.0], [114557.5, 36880.0], [114550.0, 16060.0], [114547.5, 40670.0], [114545.0, 2320.0], [114540.0, 34710.0], [114535.0, 6090.0], [114532.5, 17950.0], [114530.0, 3000.0], [114527.5, 1490.0], [114525.0, 4980.0], [114522.5, 650.0], [114520.0, 2180.0], [114510.0, 660.0], [114507.5, 2190.0], [114502.5, 900.0]], "asks": [[114572.5, 14960.0], [114580.0, 5700.0], [114582.5, 34710.0], [114585.0, 9170.0], [114587.5, 2700.0], [114590.0, 5860.0], [114592.5, 89690.0], [114595.0, 49700.0], [114597.5, 7650.0], [114602.5, 36710.0], [114627.5, 2190.0], [114630.0, 41570.0], [114637.5, 650.0], [114640.0, 2170.0], [114650.0, 660.0], [114652.5, 2170.0], [114655.0, 20.0], [114662.5, 650.0], [114665.0, 3060.0], [114667.5, 3000.0]]}}}
{"jsonrpc": "2.0", "method": "subscription", "params": {"channel": "book.BTC-10OCT25.none.20.100ms", "data": {"timestamp": 1759264077982, "change_id": 119343840048, "instrument_name": "BTC-10OCT25", "bids": [[114570.0, 8000.0], [114567.5, 13200.0], [114565.0, 50720.0], [114562.5, 130990.0], [114560.0, 19690.0], [114557.5, 36880.0], [114552.5, 1500.0], [114550.0, 16060.0], [114547.5, 40670.0], [114545.0, 2320.0], [114540.0, 34710.0], [114535.0, 6090.0], [114532.5, 17950.0], [114530.0, 3000.0], [114527.5, 1490.0], [114525.0, 4980.0], [114522.5, 650.0], [114520.0, 2180.0], [114510.0, 660.0], [114507.5, 2190.0]], "asks": [[114572.5, 9960.0], [114580.0, 5700.0], [114582.5, 39710.0], [114585.0, 9170.0], [114587.5, 2700.0], [114590.0, 5860.0], [114592.5, 89690.0], [114595.0, 49700.0], [114597.5, 2170.0], [114602.5, 36710.0], [114627.5, 2190.0], [114630.0, 41570.0], [114640.0, 2170.0], [114650.0, 660.0], [114652.5, 2170.0], [114655.0, 20.0], [114662.5, 650.0], [114665.0, 3060.0], [114667.5, 3000.0], [114675.0, 650.0]]}}}
{"jsonrpc": "2.0", "method": "subscription", "params": {"channel": "book.BTC-3OCT25.none.20.100ms", "data": {"timestamp": 1759264077987, "change_id": 119343840054, "instrument_name": "BTC-3OCT25", "bids": [[114462.5, 23830.0], [114457.5, 2820.0], [114455.0, 9400.0], [114452.5, 72080.0], [114450.0, 169890.0], [114445.0, 12750.0], [114442.5, 34630.0], [114440.0, 7870.0], [114435.0, 11890.0], [114432.5, 39630.0], [114427.5, 990.0], [114425.0, 3310.0], [114422.5, 1420.0], [114420.0, 4730.0], [114410.0, 12650.0], [114407.5, 39000.0], [114405.0, 3150.0], [114397.5, 5710.0], [114395.0, 19040.0], [114390.0, 1340.0]], "asks": [[114465.0, 23010.0], [114470.0, 9400.0], [114472.5, 66400.0], [114475.0, 44030.0], [114477.5, 3100.0], [114480.0, 48730.0], [114482.5, 34790.0], [114485.0, 1350.0], [114487.5, 1350.0], [114490.0, 13530.0], [114492.5, 34630.0], [114495.0, 2020.0], [114497.5, 2000.0], [114500.0, 4730.0], [114515.0, 950.0], [114517.5, 3150.0], [114550.0, 1850.0], [114552.5, 3150.0], [114555.0, 19410.0], [114562.5, 980.0]]}}}
{"jsonrpc": "2.0", "method": "subscription", "params": {"channel": "book.BTC-10OCT25.none.20.100ms", "data": {"timestamp": 1759264078069, "change_id": 119343840750, "instrument_name": "BTC-10OCT25", "bids": [[114580.0, 10030.0], [114575.0, 13980.0], [114570.0, 50190.0], [114567.5, 13200.0], [114565.0, 50720.0], [114562.5, 126010.0], [114560.0, 9190.0], [114557.5, 37860.0], [114552.5, 1500.0], [114550.0, 16060.0], [114547.5, 39690.0], [114545.0, 2320.0], [114535.0, 6090.0], [114532.5, 17950.0], [114530.0, 3000.0], [114527.5, 1490.0], [114525.0, 4980.0], [114522.5, 650.0], [114520.0, 2180.0], [114510.0, 660.0]], "asks": [[114582.5, 12150.0], [114585.0, 7000.0], [114592.5, 89690.0], [114595.0, 49700.0], [114597.5, 2170.0], [114602.5, 42190.0], [114610.0, 2330.0], [114612.5, 34710.0], [114615.0, 4980.0], [114627.5, 2190.0], [114630.0, 41570.0], [114640.0, 2170.0], [114650.0, 660.0], [114652.5, 2170.0], [114655.0, 20.0], [114660.0, 1550.0], [114662.5, 3000.0], [114665.0, 2160.0], [114675.0, 650.0], [114677.5, 2170.0]]}}}
{"jsonrpc": "2.0", "method": "subscription", "params": {"channel": "book.BTC-3OCT25.none.20.100ms", "data": {"timestamp": 1759264078276, "change_id": 119343840756, "instrument_name": "BTC-3OCT25", "bids": [[114462.5, 23830.0], [114457.5, 2820.0], [114455.0, 9400.0], [114452.5, 72080.0], [114450.0, 169890.0], [114445.0, 12750.0], [114442.5, 34630.0], [114440.0, 7870.0], [114435.0, 11890.0], [114432.5, 39630.0], [114427.5, 990.0], [114425.0, 3310.0], [114422.5, 1420.0], [114420.0, 4730.0], [114410.0, 12650.0], [114407.5, 39000.0], [114405.0, 3150.0], [114397.5, 5710.0], [114395.0, 19040.0], [114390.0, 1340.0]], "asks": [[114465.0, 10590.0], [114470.0, 9400.0], [114472.5, 16400.0], [114475.0, 34630.0], [114477.5, 53100.0], [114480.0, 48730.0], [114482.5, 34790.0], [114485.0, 5050.0], [114487.5, 1350.0], [114490.0, 26420.0], [114492.5, 34630.0], [114495.0, 2020.0], [114497.5, 2000.0], [114500.0, 4730.0], [114515.0, 950.0], [114517.5, 3150.0], [114552.5, 3150.0], [114560.0, 39000.0], [114562.5, 980.0], [114565.0, 3140.0]]}}}
{"jsonrpc": "2.0", "method": "subscription", "params": {"channel": "book.BTC-10OCT25.none.20.100ms", "data": {"timestamp": 1759264078497, "change_id": 119343840883, "instrument_name": "BTC-10OCT25", "bids": [[114580.0, 10030.0], [114575.0, 13980.0], [114570.0, 50190.0], [114567.5, 13200.0], [114565.0, 50720.0], [114562.5, 126010.0], [114560.0, 9190.0], [114557.5, 37860.0], [114552.5, 1500.0], [114550.0, 16060.0], [114547.5, 39690.0], [114545.0, 2320.0], [114535.0, 6090.0], [114532.5, 17950.0], [114530.0, 3000.0], [114527.5, 1490.0], [114525.0, 4980.0], [114522.5, 650.0], [114520.0, 2180.0], [114510.0, 660.0]], "asks": [[114582.5, 12150.0], [114585.0, 7000.0], [114592.5, 89690.0], [114595.0, 49700.0], [114597.5, 2330.0], [114602.5, 42190.0], [114610.0, 2170.0], [114612.5, 34710.0], [114615.0, 4980.0], [114627.5, 2190.0], [114630.0, 41570.0], [114640.0, 2170.0], [114650.0, 660.0], [114652.5, 2170.0], [114655.0, 20.0], [114660.0, 1550.0], [114662.5, 3000.0], [114665.0, 2160.0], [114675.0, 650.0], [114677.5, 2170.0]]}}}
{"jsonrpc": "2.0", "method": "subscription", "params": {"channel": "book.BTC-3OCT25.none.20.100ms", "data": {"timestamp": 1759264078518, "change_id": 119343841018, "instrument_name": "BTC-3OCT25", "bids": [[114462.5, 23830.0], [114457.5, 2820.0], [114455.0, 9400.0], [114452.5, 72080.0], [114450.0, 169890.0], [114445.0, 12750.0], [114442.5, 34630.0], [114440.0, 7870.0], [114435.0, 11890.0], [114432.5, 39630.0], [114427.5, 990.0], [114425.0, 3310.0], [114422.5, 1420.0], [114420.0, 4730.0], [114410.0, 12650.0], [114407.5, 39000.0], [114405.0, 3150.0], [114397.5, 5710.0], [114395.0, 19040.0], [114390.0, 1340.0]], "asks": [[114465.0, 10590.0], [114470.0, 9400.0], [114472.5, 16400.0], [114475.0, 34630.0], [114477.5, 53100.0], [114480.0, 48730.0], [114482.5, 34790.0], [114485.0, 5050.0], [114487.5, 1350.0], [114490.0, 26420.0], [114492.5, 34630.0], [114495.0, 2020.0], [114497.5, 2000.0], [114500.0, 4730.0], [114515.0, 950.0], [114517.5, 3150.0], [114552.5, 3150.0], [114560.0, 39000.0], [114562.5, 3980.0], [114565.0, 3140.0]]}}}
{"jsonrpc": "2.0", "method": "subscription", "params": {"channel": "book.BTC-10OCT25.none.20.100ms", "data": {"timestamp": 1759264078982, "change_id": 119343841607, "instrument_name": "BTC-10OCT25", "bids": [[114580.0, 10030.0], [114575.0, 13980.0], [114570.0, 50190.0], [114567.5, 13200.0], [114565.0, 50720.0], [114562.5, 126010.0], [114560.0, 9190.0], [114557.5, 37860.0], [114552.5, 1500.0], [114550.0, 16060.0], [114547.5, 39690.0], [114545.0, 2320.0], [114535.0, 6090.0], [114532.5, 17950.0], [114530.0, 3000.0], [114527.5, 1490.0], [114525.0, 4980.0], [114522.5, 650.0], [114520.0, 2180.0], [114510.0, 660.0]], "asks": [[114582.5, 15680.0], [114585.0, 7000.0], [114590.0, 5700.0], [114592.5, 89690.0], [114595.0, 49700.0], [114597.5, 2330.0], [114602.5, 42190.0], [114610.0, 2170.0], [114612.5, 34710.0], [114615.0, 4980.0], [114627.5, 2190.0], [114630.0, 41570.0], [114640.0, 2170.0], [114650.0, 660.0], [114652.5, 2170.0], [114655.0, 20.0], [114660.0, 1550.0], [114662.5, 3000.0], [114665.0, 2160.0], [114675.0, 650.0]]}}}
{"jsonrpc": "2.0", "method": "subscription", "params": {"channel": "book.BTC-3OCT25.none.20.100ms", "data": {"timestamp": 1759264078954, "change_id": 119343841592, "instrument_name": "BTC-3OCT25", "bids": [[114462.5, 32930.0], [114457.5, 2820.0], [114455.0, 9400.0], [114452.5, 72080.0], [114450.0, 169890.0], [114445.0, 12750.0], [114442.5, 34630.0], [114440.0, 7870.0], [114435.0, 11890.0], [114432.5, 39630.0], [114427.5, 990.0], [114425.0, 3310.0], [114422.5, 1420.0], [114420.0, 4730.0], [114410.0, 12650.0], [114407.5, 39000.0], [114405.0, 3150.0], [114397.5, 5710.0], [114395.0, 19040.0], [114390.0, 1340.0]], "asks": [[114465.0, 19990.0], [114470.0, 9400.0], [114472.5, 16400.0], [114475.0, 34630.0], [114477.5, 53100.0], [114480.0, 48730.0], [114482.5, 34790.0], [114485.0, 5050.0], [114487.5, 1350.0], [114490.0, 26420.0], [114492.5, 34630.0], [114495.0, 2020.0], [114497.5, 2000.0], [114500.0, 4730.0], [114552.5, 3150.0], [114557.5, 11700.0], [114560.0, 39000.0], [114562.5, 3980.0], [114565.0, 3140.0], [114567.5, 15890.0]]}}}
{"jsonrpc": "2.0", "method": "subscription", "params": {"channel": "book.BTC-10OCT25.none.20.100ms", "data": {"timestamp": 1759264079127, "change_id": 119343842070, "instrument_name": "BTC-10OCT25", "bids": [[114580.0, 10030.0], [114575.0, 13980.0], [114572.5, 44000.0], [114570.0, 50190.0], [114565.0, 6720.0], [114562.5, 126010.0], [114560.0, 9190.0], [114557.5, 38020.0], [114552.5, 1500.0], [114550.0, 16060.0], [114547.5, 39690.0], [114545.0, 2160.0], [114535.0, 6090.0], [114532.5, 17950.0], [114530.0, 3000.0], [114527.5, 1490.0], [114525.0, 4980.0], [114522.5, 650.0], [114520.0, 2180.0], [114510.0, 660.0]], "asks": [[114582.5, 12150.0], [114590.0, 12700.0], [114592.5, 89690.0], [114595.0, 49700.0], [114597.5, 2330.0], [114600.0, 5480.0], [114602.5, 36710.0], [114610.0, 2170.0], [114612.5, 34710.0], [114615.0, 4980.0], [114627.5, 2190.0], [114630.0, 41570.0], [114640.0, 2170.0], [114650.0, 660.0], [114652.5, 2170.0], [114655.0, 20.0], [114660.0, 650.0], [114665.0, 2160.0], [114675.0, 650.0], [114677.5, 2170.0]]}}}
{"jsonrpc": "2.0", "method": "subscription", "params": {"channel": "book.BTC-3OCT25.none.20.100ms", "data": {"timestamp": 1759264079127, "change_id": 119343842068, "instrument_name": "BTC-3OCT25", "bids": [[114462.5, 32930.0], [114460.0, 16020.0], [114457.5, 44000.0], [114455.0, 9400.0], [114452.5, 72080.0], [114450.0, 125890.0], [114445.0, 12750.0], [114442.5, 34630.0], [114440.0, 12870.0], [114435.0, 11890.0], [114432.5, 34630.0], [114427.5, 990.0], [114425.0, 3310.0], [114422.5, 1420.0], [114420.0, 4730.0], [114410.0, 12650.0], [114407.5, 39000.0], [114405.0, 3150.0], [114397.5, 5710.0], [114395.0, 19040.0]], "asks": [[114465.0, 19990.0], [114470.0, 9400.0], [114472.5, 9400.0], [114475.0, 34630.0], [114477.5, 3100.0], [114480.0, 54730.0], [114482.5, 41790.0], [114485.0, 12890.0], [114487.5, 1350.0], [114490.0, 18680.0], [114492.5, 34630.0], [114495.0, 46020.0], [114497.5, 2000.0], [114500.0, 5650.0], [114502.5, 3070.0], [114552.5, 42150.0], [114562.5, 980.0], [114565.0, 3140.0], [114567.5, 15890.0], [114570.0, 12460.0]]}}}
{"jsonrpc": "2.0", "method": "subscription", "params": {"channel": "book.BTC-3OCT25.none.20.100ms", "data": {"timestamp": 1759264079388, "change_id": 119343842388, "instrument_name": "BTC-3OCT25", "bids": [[114462.5, 32930.0], [114460.0, 16020.0], [114457.5, 44000.0], [114455.0, 9400.0], [114452.5, 72080.0], [114450.0, 125890.0], [114445.0, 12750.0], [114442.5, 34630.0], [114440.0, 12870.0], [114435.0, 11890.0], [114432.5, 34630.0], [114427.5, 990.0], [114425.0, 3310.0], [114422.5, 1420.0], [114420.0, 4730.0], [114410.0, 12650.0], [114407.5, 39000.0], [114405.0, 3150.0], [114397.5, 5710.0], [114395.0, 19040.0]], "asks": [[114465.0, 19990.0], [114470.0, 9400.0], [114472.5, 9400.0], [114475.0, 34630.0], [114477.5, 3100.0], [114480.0, 54730.0], [114482.5, 41790.0], [114485.0, 20210.0], [114487.5, 45350.0], [114490.0, 13530.0], [114492.5, 34630.0], [114495.0, 2020.0], [114497.5, 2000.0], [114500.0, 5650.0], [114502.5, 3070.0], [114552.5, 42150.0], [114562.5, 980.0], [114565.0, 3140.0], [114567.5, 15890.0], [114570.0, 12460.0]]}}}
{"jsonrpc": "2.0", "method": "subscription", "params": {"channel": "book.BTC-10OCT25.none.20.100ms", "data": {"timestamp": 1759264079867, "change_id": 119343842954, "instrument_name": "BTC-10OCT25", "bids": [[114580.0, 10030.0], [114575.0, 13980.0], [114572.5, 44000.0], [114570.0, 50190.0], [114560.0, 9190.0], [114557.5, 38020.0], [114552.5, 1500.0], [114550.0, 16060.0], [114547.5, 39690.0], [114545.0, 2160.0], [114535.0, 6090.0], [114532.5, 17950.0], [114530.0, 3000.0], [114527.5, 1490.0], [114525.0, 4980.0], [114522.5, 650.0], [114520.0, 2180.0], [114510.0, 660.0], [114507.5, 2190.0], [114502.5, 900.0]], "asks": [[114582.5, 17850.0], [114590.0, 12700.0], [114592.5, 89690.0], [114595.0, 49700.0], [114597.5, 2330.0], [114600.0, 5480.0], [114602.5, 36710.0], [114610.0, 2170.0], [114612.5, 34710.0], [114615.0, 4980.0], [114627.5, 2190.0], [114630.0, 41570.0], [114637.5, 650.0], [114640.0, 2170.0], [114650.0, 660.0], [114652.5, 2170.0], [114655.0, 20.0], [114660.0, 1470.0], [114665.0, 5160.0], [114675.0, 650.0]]}}}
{"jsonrpc": "2.0", "method": "subscription", "params": {"channel": "book.BTC-3OCT25.none.20.100ms", "data": {"timestamp": 1759264079912, "change_id": 119343843066, "instrument_name": "BTC-3OCT25", "bids": [[114462.5, 32930.0], [114460.0, 16020.0], [114457.5, 44000.0], [114455.0, 20210.0], [114452.5, 36030.0], [114445.0, 12750.0], [114442.5, 34630.0], [114440.0, 12870.0], [114435.0, 11890.0], [114432.5, 34630.0], [114427.5, 990.0], [114425.0, 3310.0], [114422.5, 1420.0], [114420.0, 4730.0], [114410.0, 12650.0], [114407.5, 39000.0], [114405.0, 3150.0], [114397.5, 5710.0], [114395.0, 19040.0], [114390.0, 1340.0]], "asks": [[114465.0, 19990.0], [114472.5, 9400.0], [114475.0, 41630.0], [114477.5, 3100.0], [114480.0, 54730.0], [114482.5, 34790.0], [114485.0, 23200.0], [114487.5, 45350.0], [114490.0, 13530.0], [114492.5, 34630.0], [114495.0, 2020.0], [114497.5, 2000.0], [114500.0, 5650.0], [114502.5, 3070.0], [114552.5, 42150.0], [114562.5, 3980.0], [114565.0, 3140.0], [114567.5, 15890.0], [114570.0, 12460.0], [114572.5, 41540.0]]}}}
{"jsonrpc": "2.0", "method": "subscription", "params": {"channel": "book.BTC-10OCT25.none.20.100ms", "data": {"timestamp": 1759264080304, "change_id": 119343843562, "instrument_name": "BTC-10OCT25", "bids": [[114580.0, 10030.0], [114575.0, 13980.0], [114572.5, 44000.0], [114570.0, 45210.0], [114560.0, 9190.0], [114557.5, 38020.0], [114552.5, 10320.0], [114550.0, 46070.0], [114547.5, 39690.0], [114545.0, 2160.0], [114535.0, 6090.0], [114532.5, 17950.0], [114530.0, 3000.0], [114527.5, 1490.0], [114525.0, 4980.0], [114522.5, 650.0], [114520.0, 2180.0], [114510.0, 660.0], [114507.5, 2190.0], [114502.5, 900.0]], "asks": [[114582.5, 17850.0], [114590.0, 12700.0], [114592.5, 89690.0], [114595.0, 49700.0], [114597.5, 2330.0], [114602.5, 36710.0], [114610.0, 2170.0], [114612.5, 34710.0], [114615.0, 4980.0], [114627.5, 2190.0], [114630.0, 41570.0], [114637.5, 650.0], [114640.0, 2170.0], [114650.0, 660.0], [114652.5, 2170.0], [114655.0, 20.0], [114660.0, 1470.0], [114665.0, 5160.0], [114675.0, 650.0], [114677.5, 2170.0]]}}}
{"jsonrpc": "2.0", "method": "subscription", "params": {"channel": "book.BTC-3OCT25.none.20.100ms", "data": {"timestamp": 1759264080293, "change_id": 119343843529, "instrument_name": "BTC-3OCT25", "bids": [[114462.5, 32930.0], [114460.0, 16020.0], [114457.5, 44000.0], [114455.0, 20210.0], [114452.5, 36030.0], [114445.0, 12750.0], [114442.5, 34630.0], [114440.0, 21860.0], [114437.5, 29980.0], [114435.0, 11890.0], [114432.5, 34630.0], [114427.5, 990.0], [114425.0, 3310.0], [114422.5, 1420.0], [114420.0, 4730.0], [114410.0, 12650.0], [114407.5, 39000.0], [114405.0, 3150.0], [114397.5, 5710.0], [114395.0, 19040.0]], "asks": [[114465.0, 23100.0], [114472.5, 9400.0], [114475.0, 41630.0], [114477.5, 3100.0], [114480.0, 61780.0], [114482.5, 34790.0], [114485.0, 10310.0], [114487.5, 45350.0], [114490.0, 13530.0], [114492.5, 34630.0], [114495.0, 2020.0], [114497.5, 2000.0], [114500.0, 5650.0], [114502.5, 3070.0], [114552.5, 3150.0], [114562.5, 3980.0], [114565.0, 3140.0], [114567.5, 15890.0], [114570.0, 12460.0], [114572.5, 41540.0]]}}}
{"jsonrpc": "2.0", "method": "subscription", "params": {"channel": "book.BTC-10OCT25.none.20.100ms", "data": {"timestamp": 1759264080402, "change_id": 119343843623, "instrument_name": "BTC-10OCT25", "bids": [[114580.0, 10030.0], [114575.0, 13980.0], [114572.5, 44000.0], [114570.0, 45210.0], [114567.5, 4980.0], [114560.0, 9190.0], [114557.5, 38020.0], [114552.5, 10320.0], [114550.0, 46070.0], [114547.5, 39690.0], [114545.0, 2160.0], [114535.0, 6090.0], [114532.5, 17950.0], [114530.0, 3000.0], [114527.5, 1490.0], [114525.0, 4980.0], [114522.5, 650.0], [114520.0, 2180.0], [114510.0, 660.0], [114507.5, 2190.0]], "asks": [[114582.5, 17850.0], [114590.0, 12700.0], [114592.5, 89690.0], [114595.0, 49700.0], [114597.5, 2330.0], [114600.0, 5480.0], [114602.5, 36710.0], [114610.0, 2170.0], [114612.5, 34710.0], [114615.0, 4980.0], [114627.5, 2190.0], [114630.0, 41570.0], [114637.5, 650.0], [114640.0, 2170.0], [114650.0, 660.0], [114652.5, 2170.0], [114655.0, 20.0], [114660.0, 1470.0], [114665.0, 5160.0], [114675.0, 650.0]]}}}
{"jsonrpc": "2.0", "method": "subscription", "params": {"channel": "book.BTC-3OCT25.none.20.100ms", "data": {"timestamp": 1759264080408, "change_id": 119343843627, "instrument_name": "BTC-3OCT25", "bids": [[114462.5, 32930.0], [114460.0, 16020.0], [114457.5, 44000.0], [114455.0, 20210.0], [114452.5, 36030.0], [114445.0, 12750.0], [114442.5, 34630.0], [114440.0, 21860.0], [114437.5, 29980.0], [114435.0, 11890.0], [114432.5, 34630.0], [114427.5, 990.0], [114425.0, 3310.0], [114422.5, 1420.0], [114420.0, 4730.0], [114410.0, 12650.0], [114407.5, 39000.0], [114405.0, 3150.0], [114397.5, 5710.0], [114395.0, 19040.0]], "asks": [[114465.0, 23100.0], [114470.0, 160.0], [114472.5, 9400.0], [114475.0, 41630.0], [114477.5, 3100.0], [114480.0, 54730.0], [114482.5, 34630.0], [114485.0, 23200.0], [114487.5, 45350.0], [114490.0, 13530.0], [114492.5, 34630.0], [114495.0, 2020.0], [114497.5, 2000.0], [114500.0, 5650.0], [114502.5, 3070.0], [114552.5, 42150.0], [114562.5, 3980.0], [114565.0, 3140.0], [114567.5, 15890.0], [114570.0, 12460.0]]}}}
{"jsonrpc": "2.0", "method": "subscription", "params": {"channel": "book.BTC-10OCT25.none.20.100ms", "data": {"timestamp": 1759264080770, "change_id": 119343844089, "instrument_name": "BTC-10OCT25", "bids": [[114580.0, 10030.0], [114575.0, 13980.0], [114572.5, 44000.0], [114570.0, 45210.0], [114567.5, 4980.0], [114560.0, 9190.0], [114557.5, 38020.0], [114552.5, 1500.0], [114550.0, 16060.0], [114547.5, 39690.0], [114545.0, 2160.0], [114535.0, 6090.0], [114532.5, 17950.0], [114530.0, 3000.0], [114527.5, 1490.0], [114525.0, 4980.0], [114522.5, 650.0], [114520.0, 2180.0], [114510.0, 660.0], [114507.5, 2190.0]], "asks": [[114582.5, 17850.0], [114587.5, 5700.0], [114590.0, 12700.0], [114592.5, 89690.0], [114595.0, 49700.0], [114597.5, 2330.0], [114600.0, 5480.0], [114602.5, 36710.0], [114610.0, 2170.0], [114612.5, 34710.0], [114615.0, 4980.0], [114627.5, 2190.0], [114630.0, 41570.0], [114637.5, 650.0], [114640.0, 2170.0], [114650.0, 660.0], [114652.5, 2170.0], [114655.0, 20.0], [114660.0, 1470.0], [114665.0, 5160.0]]}}}
{"jsonrpc": "2.0", "method": "subscription", "params": {"channel": "book.BTC-3OCT25.none.20.100ms", "data": {"timestamp": 1759264080905, "change_id": 119343844198, "instrument_name": "BTC-3OCT25", "bids": [[114462.5, 32930.0], [114460.0, 16020.0], [114457.5, 44000.0], [114455.0, 20210.0], [114452.5, 36030.0], [114445.0, 12750.0], [114442.5, 34630.0], [114440.0, 12870.0], [114435.0, 11890.0], [114432.5, 34630.0], [114427.5, 990.0], [114425.0, 3310.0], [114422.5, 1420.0], [114420.0, 4730.0], [114410.0, 12650.0], [114407.5, 39000.0], [114405.0, 3150.0], [114397.5, 5710.0], [114395.0, 19040.0], [114390.0, 1340.0]], "asks": [[114465.0, 13700.0], [114470.0, 160.0], [114472.5, 9400.0], [114475.0, 41630.0], [114477.5, 3100.0], [114480.0, 60700.0], [114482.5, 34630.0], [114485.0, 23200.0], [114487.5, 45350.0], [114490.0, 13530.0], [114492.5, 34630.0], [114495.0, 2020.0], [114497.5, 2000.0], [114500.0, 5650.0], [114502.5, 3070.0], [114552.5, 42150.0], [114562.5, 3980.0], [114565.0, 3140.0], [114567.5, 15890.0], [114570.0, 12460.0]]}}}
{"jsonrpc": "2.0", "method": "subscription", "params": {"channel": "book.BTC-10OCT25.none.20.100ms", "data": {"timestamp": 1759264081075, "change_id": 119343844385, "instrument_name": "BTC-10OCT25", "bids": [[114580.0, 10030.0], [114575.0, 13980.0], [114572.5, 44000.0], [114570.0, 45210.0], [114567.5, 4980.0], [114565.0, 103170.0], [114560.0, 9190.0], [114557.5, 38020.0], [114552.5, 1500.0], [114550.0, 16060.0], [114547.5, 39690.0], [114545.0, 2160.0], [114535.0, 6090.0], [114532.5, 17950.0], [114530.0, 3000.0], [114527.5, 1490.0], [114525.0, 4980.0], [114522.5, 650.0], [114520.0, 2180.0], [114510.0, 660.0]], "asks": [[114582.5, 17850.0], [114587.5, 5700.0], [114590.0, 12700.0], [114592.5, 89690.0], [114595.0, 49700.0], [114597.5, 2330.0], [114600.0, 5480.0], [114602.5, 36710.0], [114610.0, 2170.0], [114612.5, 34710.0], [114615.0, 4980.0], [114627.5, 2190.0], [114630.0, 41570.0], [114637.5, 650.0], [114640.0, 2170.0], [114650.0, 660.0], [114652.5, 2170.0], [114655.0, 20.0], [114660.0, 1470.0], [114665.0, 5160.0]]}}}
{"jsonrpc": "2.0", "method": "subscription", "params": {"channel": "book.BTC-3OCT25.none.20.100ms", "data": {"timestamp": 1759264081284, "change_id": 119343844707, "instrument_name": "BTC-3OCT25", "bids": [[114462.5, 32930.0], [114460.0, 16020.0], [114457.5, 44000.0], [114455.0, 20210.0], [114452.5, 139100.0], [114445.0, 12750.0], [114442.5, 34630.0], [114440.0, 12870.0], [114435.0, 11890.0], [114432.5, 34630.0], [114427.5, 990.0], [114425.0, 3310.0], [114422.5, 1420.0], [114420.0, 4730.0], [114410.0, 12650.0], [114407.5, 39000.0], [114405.0, 3150.0], [114397.5, 5710.0], [114395.0, 19040.0], [114390.0, 1340.0]], "asks": [[114465.0, 5860.0], [114470.0, 160.0], [114472.5, 9400.0], [114475.0, 41630.0], [114477.5, 3100.0], [114480.0, 62020.0], [114482.5, 34630.0], [114485.0, 23200.0], [114487.5, 45350.0], [114490.0, 13530.0], [114492.5, 34630.0], [114495.0, 2020.0], [114497.5, 2000.0], [114500.0, 5650.0], [114502.5, 3070.0], [114550.0, 12650.0], [114552.5, 42150.0], [114562.5, 3980.0], [114565.0, 3140.0], [114567.5, 15890.0]]}}}
{"jsonrpc": "2.0", "method": "subscription", "params": {"channel": "book.BTC-10OCT25.none.20.100ms", "data": {"timestamp": 1759264081589, "change_id": 119343845076, "instrument_name": "BTC-10OCT25", "bids": [[114580.0, 10030.0], [114575.0, 13980.0], [114572.5, 44000.0], [114570.0, 45210.0], [114567.5, 4980.0], [114565.0, 103170.0], [114560.0, 9190.0], [114557.5, 38020.0], [114552.5, 1500.0], [114550.0, 16060.0], [114547.5, 39690.0], [114545.0, 2160.0], [114535.0, 6090.0], [114532.5, 17950.0], [114530.0, 3000.0], [114527.5, 1490.0], [114525.0, 4980.0], [114522.5, 650.0], [114520.0, 2180.0], [114510.0, 660.0]], "asks": [[114582.5, 17850.0], [114587.5, 5700.0], [114590.0, 12700.0], [114592.5, 89690.0], [114595.0, 49700.0], [114597.5, 2330.0], [114600.0, 5480.0], [114602.5, 36710.0], [114610.0, 2170.0], [114612.5, 34710.0], [114615.0, 4980.0], [114627.5, 2190.0], [114630.0, 41570.0], [114637.5, 650.0], [114640.0, 2170.0], [114650.0, 660.0], [114652.5, 2170.0], [114655.0, 20.0], [114657.5, 900.0], [114660.0, 3650.0]]}}}
{"jsonrpc": "2.0", "method": "subscription", "params": {"channel": "book.BTC-3OCT25.none.20.100ms", "data": {"timestamp": 1759264081588, "change_id": 119343845073, "instrument_name": "BTC-3OCT25", "bids": [[114462.5, 32930.0], [114460.0, 16020.0], [114457.5, 44000.0], [114455.0, 20210.0], [114452.5, 139100.0], [114445.0, 12750.0], [114442.5, 34630.0], [114440.0, 12870.0], [114435.0, 11890.0], [114432.5, 34630.0], [114427.5, 990.0], [114425.0, 3310.0], [114422.5, 1420.0], [114420.0, 4730.0], [114410.0, 12650.0], [114407.5, 39000.0], [114405.0, 3150.0], [114397.5, 5710.0], [114395.0, 19040.0], [114390.0, 1340.0]], "asks": [[114465.0, 10590.0], [114470.0, 160.0], [114472.5, 9400.0], [114475.0, 41630.0], [114477.5, 3100.0], [114480.0, 62020.0], [114482.5, 34630.0], [114485.0, 23200.0], [114487.5, 45350.0], [114490.0, 13530.0], [114492.5, 34630.0], [114495.0, 2020.0], [114497.5, 2000.0], [114500.0, 5650.0], [114502.5, 3070.0], [114550.0, 12650.0], [114552.5, 42150.0], [114562.5, 3980.0], [114565.0, 3140.0], [114567.5, 15890.0]]}}}
{"jsonrpc": "2.0", "method": "subscription", "params": {"channel": "book.BTC-10OCT25.none.20.100ms", "data": {"timestamp": 1759264081761, "change_id": 119343845223, "instrument_name": "BTC-10OCT25", "bids": [[114580.0, 10030.0], [114575.0, 13980.0], [114572.5, 44000.0], [114570.0, 45210.0], [114567.5, 4980.0], [114565.0, 103170.0], [114560.0, 9190.0], [114557.5, 38020.0], [114552.5, 1500.0], [114550.0, 16060.0], [114547.5, 39690.0], [114545.0, 2160.0], [114535.0, 6090.0], [114532.5, 17950.0], [114530.0, 3000.0], [114527.5, 1490.0], [114525.0, 4980.0], [114522.5, 650.0], [114520.0, 2180.0], [114510.0, 660.0]], "asks": [[114582.5, 12150.0], [114587.5, 5700.0], [114590.0, 12700.0], [114592.5, 89690.0], [114595.0, 49700.0], [114597.5, 2330.0], [114600.0, 5480.0], [114602.5, 36710.0], [114610.0, 2170.0], [114612.5, 34710.0], [114615.0, 4980.0], [114627.5, 2190.0], [114630.0, 41570.0], [114637.5, 650.0], [114640.0, 2170.0], [114650.0, 660.0], [114652.5, 2170.0], [114655.0, 20.0], [114657.5, 900.0], [114660.0, 3650.0]]}}}
{"jsonrpc": "2.0", "method": "subscription", "params": {"channel": "book.BTC-3OCT25.none.20.100ms", "data": {"timestamp": 1759264081913, "change_id": 119343845393, "instrument_name": "BTC-3OCT25", "bids": [[114462.5, 32930.0], [114460.0, 16020.0], [114457.5, 44000.0], [114455.0, 20210.0], [114452.5, 139100.0], [114445.0, 12750.0], [114442.5, 34630.0], [114440.0, 12870.0], [114435.0, 11890.0], [114432.5, 34630.0], [114427.5, 990.0], [114425.0, 3310.0], [114422.5, 1420.0], [114420.0, 4730.0], [114410.0, 12650.0], [114407.5, 39000.0], [114405.0, 3150.0], [114397.5, 5710.0], [114395.0, 19040.0], [114390.0, 1340.0]], "asks": [[114465.0, 19990.0], [114470.0, 160.0], [114472.5, 9400.0], [114475.0, 41630.0], [114477.5, 3100.0], [114480.0, 62020.0], [114482.5, 34630.0], [114485.0, 23200.0], [114487.5, 45350.0], [114490.0, 13530.0], [114492.5, 34630.0], [114495.0, 2020.0], [114497.5, 2000.0], [114500.0, 5650.0], [114502.5, 3070.0], [114550.0, 12650.0], [114552.5, 42150.0], [114562.5, 3980.0], [114565.0, 3140.0], [114567.5, 15890.0]]}}}
{"jsonrpc": "2.0", "method": "subscription", "params": {"channel": "book.BTC-10OCT25.none.20.100ms", "data": {"timestamp": 1759264082166, "change_id": 119343845696, "instrument_name": "BTC-10OCT25", "bids": [[114580.0, 10030.0], [114575.0, 13980.0], [114572.5, 44000.0], [114570.0, 45210.0], [114567.5, 4980.0], [114565.0, 103170.0], [114560.0, 9190.0], [114557.5, 38020.0], [114552.5, 1500.0], [114550.0, 16060.0], [114547.5, 39690.0], [114545.0, 2160.0], [114535.0, 6090.0], [114532.5, 17950.0], [114530.0, 3000.0], [114527.5, 1490.0], [114525.0, 4980.0], [114522.5, 650.0], [114520.0, 2180.0], [114510.0, 660.0]], "asks": [[114582.5, 12150.0], [114587.5, 5700.0], [114590.0, 12700.0], [114592.5, 89690.0], [114595.0, 49700.0], [114597.5, 2330.0], [114600.0, 5480.0], [114602.5, 36710.0], [114610.0, 2170.0], [114612.5, 34710.0], [114615.0, 4980.0], [114627.5, 2190.0], [114630.0, 41570.0], [114637.5, 650.0], [114640.0, 2170.0], [114650.0, 660.0], [114652.5, 2170.0], [114655.0, 20.0], [114660.0, 650.0], [114665.0, 2160.0]]}}}
{"jsonrpc": "2.0", "method": "subscription", "params": {"channel": "book.BTC-3OCT25.none.20.100ms", "data": {"timestamp": 1759264082270, "change_id": 119343845776, "instrument_name": "BTC-3OCT25", "bids": [[114462.5, 32930.0], [114460.0, 16020.0], [114457.5, 44000.0], [114455.0, 20210.0], [114452.5, 139100.0], [114445.0, 12750.0], [114442.5, 34630.0], [114440.0, 12870.0], [114435.0, 11890.0], [114432.5, 34630.0], [114427.5, 990.0], [114425.0, 3310.0], [114422.5, 1420.0], [114420.0, 4730.0], [114410.0, 12650.0], [114407.5, 39000.0], [114405.0, 3150.0], [114397.5, 5710.0], [114395.0, 19040.0], [114390.0, 1340.0]], "asks": [[114465.0, 19990.0], [114470.0, 160.0], [114472.5, 9400.0], [114475.0, 41630.0], [114477.5, 3100.0], [114480.0, 54730.0], [114482.5, 34630.0], [114485.0, 23190.0], [114487.5, 45350.0], [114490.0, 13530.0], [114492.5, 34630.0], [114495.0, 2020.0], [114497.5, 2000.0], [114500.0, 5650.0], [114502.5, 3070.0], [114552.5, 42150.0], [114562.5, 980.0], [114565.0, 3140.0], [114567.5, 15890.0], [114570.0, 12460.0]]}}}
{"jsonrpc": "2.0", "method": "subscription", "params": {"channel": "book.BTC-10OCT25.none.20.100ms", "data": {"timestamp": 1759264082616, "change_id": 119343846219, "instrument_name": "BTC-10OCT25", "bids": [[114580.0, 10030.0], [114575.0, 13980.0], [114572.5, 44000.0], [114570.0, 45210.0], [114567.5, 4980.0], [114565.0, 103170.0], [114560.0, 9190.0], [114557.5, 38020.0], [114552.5, 1500.0], [114550.0, 16060.0], [114547.5, 39690.0], [114545.0, 2160.0], [114535.0, 6090.0], [114532.5, 17950.0], [114530.0, 3000.0], [114527.5, 1490.0], [114525.0, 4980.0], [114522.5, 650.0], [114520.0, 2180.0], [114510.0, 660.0]], "asks": [[114582.5, 12150.0], [114587.5, 5700.0], [114590.0, 12700.0], [114592.5, 89690.0], [114595.0, 49700.0], [114597.5, 2330.0], [114600.0, 5480.0], [114602.5, 36710.0], [114610.0, 2170.0], [114612.5, 34710.0], [114615.0, 4980.0], [114627.5, 2190.0], [114630.0, 41570.0], [114637.5, 650.0], [114640.0, 2170.0], [114650.0, 660.0], [114652.5, 2170.0], [114655.0, 20.0], [114660.0, 650.0], [114665.0, 2160.0]]}}}
{"jsonrpc": "2.0", "method": "subscription", "params": {"channel": "book.BTC-10OCT25.none.20.100ms", "data": {"timestamp": 1759264082766, "change_id": 119343846405, "instrument_name": "BTC-10OCT25", "bids": [[114580.0, 10030.0], [114575.0, 13980.0], [114572.5, 44000.0], [114570.0, 45210.0], [114567.5, 4980.0], [114565.0, 103170.0], [114560.0, 9190.0], [114557.5, 38020.0], [114552.5, 1500.0], [114550.0, 16060.0], [114547.5, 39690.0], [114545.0, 2160.0], [114535.0, 6090.0], [114532.5, 17950.0], [114530.0, 3000.0], [114527.5, 1490.0], [114525.0, 4980.0], [114522.5, 650.0], [114520.0, 2180.0], [114510.0, 660.0]], "asks": [[114582.5, 17150.0], [114587.5, 5700.0], [114590.0, 12700.0], [114592.5, 89690.0], [114595.0, 49700.0], [114597.5, 2330.0], [114600.0, 5480.0], [114602.5, 36710.0], [114610.0, 2170.0], [114612.5, 34710.0], [114615.0, 4980.0], [114627.5, 2190.0], [114630.0, 41570.0], [114637.5, 650.0], [114640.0, 2170.0], [114650.0, 660.0], [114652.5, 2170.0], [114655.0, 20.0], [114660.0, 650.0], [114665.0, 2160.0]]}}}
{"jsonrpc": "2.0", "method": "subscription", "params": {"channel": "book.BTC-3OCT25.none.20.100ms", "data": {"timestamp": 1759264082929, "change_id": 119343846584, "instrument_name": "BTC-3OCT25", "bids": [[114462.5, 32930.0], [114460.0, 16020.0], [114457.5, 44000.0], [114455.0, 20210.0], [114452.5, 139100.0], [114445.0, 12750.0], [114442.5, 34630.0], [114440.0, 12870.0], [114435.0, 11890.0], [114432.5, 34630.0], [114427.5, 990.0], [114425.0, 3310.0], [114422.5, 1420.0], [114420.0, 4730.0], [114410.0, 12650.0], [114407.5, 39000.0], [114405.0, 3150.0], [114397.5, 5710.0], [114395.0, 19040.0], [114390.0, 1340.0]], "asks": [[114465.0, 19990.0], [114470.0, 160.0], [114472.5, 9400.0], [114475.0, 41630.0], [114477.5, 3100.0], [114480.0, 54730.0], [114482.5, 34630.0], [114485.0, 23190.0], [114487.5, 45350.0], [114490.0, 13530.0], [114492.5, 34630.0], [114495.0, 2020.0], [114497.5, 2000.0], [114500.0, 5650.0], [114502.5, 3070.0], [114552.5, 42150.0], [114562.5, 980.0], [114565.0, 3140.0], [114567.5, 15890.0], [114570.0, 12460.0]]}}}
{"jsonrpc": "2.0", "method": "subscription", "params": {"channel": "book.BTC-3OCT25.none.20.100ms", "data": {"timestamp": 1759264083275, "change_id": 119343846897, "instrument_name": "BTC-3OCT25", "bids": [[114462.5, 28200.0], [114460.0, 16020.0], [114457.5, 44000.0], [114455.0, 20210.0], [114452.5, 139100.0], [114445.0, 12750.0], [114442.5, 34630.0], [114440.0, 12870.0], [114435.0, 11890.0], [114432.5, 34630.0], [114427.5, 990.0], [114425.0, 3310.0], [114422.5, 1420.0], [114420.0, 4730.0], [114410.0, 12650.0], [114407.5, 39000.0], [114405.0, 3150.0], [114397.5, 5710.0], [114395.0, 19040.0], [114390.0, 1340.0]], "asks": [[114465.0, 19990.0], [114470.0, 160.0], [114472.5, 9400.0], [114475.0, 41630.0], [114477.5, 3100.0], [114480.0, 54730.0], [114482.5, 34630.0], [114485.0, 23190.0], [114487.5, 45350.0], [114490.0, 13530.0], [114492.5, 34630.0], [114495.0, 2020.0], [114497.5, 2000.0], [114500.0, 5650.0], [114502.5, 3070.0], [114552.5, 42150.0], [114562.5, 980.0], [114565.0, 3140.0], [114567.5, 15890.0], [114570.0, 12460.0]]}}}
{"jsonrpc": "2.0", "method": "subscription", "params": {"channel": "book.BTC-10OCT25.none.20.100ms", "data": {"timestamp": 1759264083588, "change_id": 119343847426, "instrument_name": "BTC-10OCT25", "bids": [[114580.0, 10030.0], [114575.0, 13980.0], [114572.5, 44000.0], [114570.0, 45210.0], [114565.0, 4980.0], [114560.0, 9190.0], [114557.5, 38020.0], [114552.5, 1500.0], [114550.0, 16060.0], [114547.5, 39690.0], [114545.0, 2160.0], [114535.0, 660.0], [114532.5, 2190.0], [114527.5, 1490.0], [114525.0, 4980.0], [114522.5, 650.0], [114520.0, 2180.0], [114515.0, 3000.0], [114510.0, 660.0], [114507.5, 2190.0]], "asks": [[114582.5, 17150.0], [114587.5, 5700.0], [114590.0, 12700.0], [114592.5, 89690.0], [114595.0, 49700.0], [114597.5, 2330.0], [114600.0, 5480.0], [114602.5, 36710.0], [114610.0, 2170.0], [114612.5, 34710.0], [114615.0, 4980.0], [114627.5, 2190.0], [114630.0, 41570.0], [114637.5, 650.0], [114640.0, 2170.0], [114650.0, 660.0], [114652.5, 2170.0], [114655.0, 920.0], [114657.5, 3000.0], [114660.0, 650.0]]}}}
{"jsonrpc": "2.0", "method": "subscription", "params": {"channel": "book.BTC-3OCT25.none.20.100ms", "data": {"timestamp": 1759264083588, "change_id": 119343847418, "instrument_name": "BTC-3OCT25", "bids": [[114462.5, 32930.0], [114460.0, 16020.0], [114457.5, 44000.0], [114455.0, 20210.0], [114452.5, 36030.0], [114445.0, 12750.0], [114442.5, 34630.0], [114440.0, 12870.0], [114435.0, 11890.0], [114432.5, 34630.0], [114427.5, 990.0], [114425.0, 3310.0], [114422.5, 1420.0], [114420.0, 4730.0], [114410.0, 12650.0], [114407.5, 39000.0], [114405.0, 3150.0], [114397.5, 900.0], [114395.0, 3000.0], [114390.0, 1340.0]], "asks": [[114465.0, 19990.0], [114470.0, 160.0], [114472.5, 9400.0], [114475.0, 41630.0], [114477.5, 3100.0], [114480.0, 62680.0], [114482.5, 34630.0], [114485.0, 23190.0], [114487.5, 45350.0], [114490.0, 13530.0], [114492.5, 34630.0], [114495.0, 2020.0], [114497.5, 2000.0], [114500.0, 5650.0], [114502.5, 3070.0], [114552.5, 42150.0], [114557.5, 3000.0], [114562.5, 980.0], [114565.0, 3140.0], [114567.5, 15890.0]]}}}
{"jsonrpc": "2.0", "method": "subscription", "params": {"channel": "book.BTC-10OCT25.none.20.100ms", "data": {"timestamp": 1759264083898, "change_id": 119343847670, "instrument_name": "BTC-10OCT25", "bids": [[114580.0, 10030.0], [114575.0, 13980.0], [114572.5, 60450.0], [114570.0, 45210.0], [114565.0, 4980.0], [114560.0, 9190.0], [114557.5, 38020.0], [114555.0, 38130.0], [114552.5, 1500.0], [114550.0, 16060.0], [114547.5, 39690.0], [114545.0, 2160.0], [114535.0, 660.0], [114532.5, 2190.0], [114527.5, 1490.0], [114525.0, 4980.0], [114522.5, 650.0], [114520.0, 2180.0], [114515.0, 3000.0], [114510.0, 660.0]], "asks": [[114582.5, 17150.0], [114587.5, 5700.0], [114590.0, 12700.0], [114592.5, 89690.0], [114595.0, 49700.0], [114597.5, 2330.0], [114600.0, 5480.0], [114602.5, 36710.0], [114610.0, 2170.0], [114612.5, 34710.0], [114615.0, 4980.0], [114627.5, 2190.0], [114630.0, 41570.0], [114637.5, 650.0], [114640.0, 2170.0], [114650.0, 660.0], [114652.5, 2170.0], [114655.0, 920.0], [114657.5, 3000.0], [114660.0, 650.0]]}}}
{"jsonrpc": "2.0", "method": "subscription", "params": {"channel": "book.BTC-3OCT25.none.20.100ms", "data": {"timestamp": 1759264083896, "change_id": 119343847664, "instrument_name": "BTC-3OCT25", "bids": [[114462.5, 32930.0], [114460.0, 16020.0], [114457.5, 44000.0], [114455.0, 20210.0], [114452.5, 36030.0], [114445.0, 12750.0], [114442.5, 72720.0], [114440.0, 12870.0], [114437.5, 4790.0], [114435.0, 27860.0], [114432.5, 34630.0], [114427.5, 990.0], [114425.0, 3310.0], [114422.5, 1420.0], [114420.0, 4730.0], [114410.0, 12650.0], [114407.5, 39000.0], [114405.0, 3150.0], [114397.5, 900.0], [114395.0, 3000.0]], "asks": [[114465.0, 10590.0], [114470.0, 160.0], [114472.5, 9400.0], [114475.0, 41630.0], [114477.5, 3100.0], [114480.0, 62680.0], [114482.5, 34630.0], [114485.0, 23190.0], [114487.5, 45350.0], [114490.0, 13530.0], [114492.5, 34630.0], [114495.0, 2020.0], [114497.5, 2000.0], [114500.0, 5650.0], [114502.5, 3070.0], [114550.0, 12650.0], [114552.5, 42150.0], [114557.5, 3000.0], [114562.5, 980.0], [114565.0, 3140.0]]}}}
{"jsonrpc": "2.0", "method": "subscription", "params": {"channel": "book.BTC-10OCT25.none.20.100ms", "data": {"timestamp": 1759264084539, "change_id": 119343848386, "instrument_name": "BTC-10OCT25", "bids": [[114580.0, 10030.0], [114575.0, 13980.0], [114572.5, 60450.0], [114570.0, 45210.0], [114565.0, 4980.0], [114560.0, 9190.0], [114557.5, 38020.0], [114552.5, 1500.0], [114550.0, 16060.0], [114547.5, 39690.0], [114545.0, 2160.0], [114535.0, 660.0], [114532.5, 2190.0], [114527.5, 1490.0], [114525.0, 4980.0], [114522.5, 650.0], [114520.0, 2180.0], [114515.0, 3000.0], [114510.0, 660.0], [114507.5, 2190.0]], "asks": [[114582.5, 9980.0], [114587.5, 5700.0], [114590.0, 12700.0], [114592.5, 89690.0], [114595.0, 49700.0], [114597.5, 2330.0], [114600.0, 5480.0], [114602.5, 36710.0], [114610.0, 2170.0], [114612.5, 34710.0], [114615.0, 4980.0], [114627.5, 2190.0], [114630.0, 41570.0], [114637.5, 650.0], [114640.0, 2170.0], [114650.0, 660.0], [114652.5, 2170.0], [114655.0, 920.0], [114657.5, 3000.0], [114660.0, 650.0]]}}}
{"jsonrpc": "2.0", "method": "subscription", "params": {"channel": "book.BTC-3OCT25.none.20.100ms", "data": {"timestamp": 1759264084490, "change_id": 119343848365, "instrument_name": "BTC-3OCT25", "bids": [[114462.5, 32930.0], [114460.0, 16020.0], [114457.5, 44000.0], [114455.0, 20210.0], [114452.5, 36030.0], [114445.0, 12750.0], [114442.5, 34630.0], [114440.0, 12870.0], [114437.5, 4790.0], [114435.0, 27860.0], [114432.5, 34630.0], [114427.5, 990.0], [114425.0, 3310.0], [114422.5, 1420.0], [114420.0, 4730.0], [114410.0, 12650.0], [114407.5, 39000.0], [114405.0, 3150.0], [114397.5, 900.0], [114395.0, 3000.0]], "asks": [[114465.0, 10590.0], [114470.0, 160.0], [114472.5, 9400.0], [114475.0, 41630.0], [114477.5, 3100.0], [114480.0, 54730.0], [114482.5, 34630.0], [114485.0, 23190.0], [114487.5, 45350.0], [114490.0, 13530.0], [114492.5, 34630.0], [114495.0, 2020.0], [114497.5, 2000.0], [114500.0, 5650.0], [114502.5, 3070.0], [114552.5, 42150.0], [114557.5, 3000.0], [114562.5, 980.0], [114565.0, 3140.0], [114567.5, 15890.0]]}}}
{"jsonrpc": "2.0", "method": "subscription", "params": {"channel": "book.BTC-10OCT25.none.20.100ms", "data": {"timestamp": 1759264084917, "change_id": 119343848957, "instrument_name": "BTC-10OCT25", "bids": [[114580.0, 10030.0], [114575.0, 13980.0], [114572.5, 60450.0], [114570.0, 45210.0], [114565.0, 34480.0], [114560.0, 9190.0], [114557.5, 38020.0], [114552.5, 1500.0], [114550.0, 16060.0], [114547.5, 39690.0], [114545.0, 2160.0], [114535.0, 660.0], [114532.5, 2190.0], [114527.5, 1490.0], [114525.0, 4980.0], [114522.5, 650.0], [114520.0, 2180.0], [114517.5, 900.0], [114515.0, 3000.0], [114510.0, 660.0]], "asks": [[114582.5, 17860.0], [114587.5, 5700.0], [114590.0, 12700.0], [114592.5, 89690.0], [114595.0, 49700.0], [114597.5, 2330.0], [114600.0, 5480.0], [114602.5, 36710.0], [114610.0, 2170.0], [114612.5, 34710.0], [114615.0, 4980.0], [114627.5, 2190.0], [114630.0, 41570.0], [114637.5, 650.0], [114640.0, 2170.0], [114650.0, 660.0], [114652.5, 2170.0], [114655.0, 920.0], [114657.5, 3000.0], [114660.0, 650.0]]}}}
{"jsonrpc": "2.0", "method": "subscription", "params": {"channel": "book.BTC-3OCT25.none.20.100ms", "data": {"timestamp": 1759264084918, "change_id": 119343848964, "instrument_name": "BTC-3OCT25", "bids": [[114462.5, 28200.0], [114460.0, 16020.0], [114457.5, 44000.0], [114455.0, 20210.0], [114452.5, 70480.0], [114445.0, 12750.0], [114442.5, 34630.0], [114440.0, 12870.0], [114437.5, 4790.0], [114435.0, 27860.0], [114432.5, 34630.0], [114427.5, 990.0], [114425.0, 3310.0], [114422.5, 1420.0], [114420.0, 4730.0], [114410.0, 12650.0], [114407.5, 39000.0], [114405.0, 3150.0], [114397.5, 900.0], [114395.0, 3000.0]], "asks": [[114465.0, 19990.0], [114470.0, 160.0], [114472.5, 9400.0], [114475.0, 41630.0], [114477.5, 3100.0], [114480.0, 54730.0], [114482.5, 34630.0], [114485.0, 23190.0], [114487.5, 45350.0], [114490.0, 13530.0], [114492.5, 34630.0], [114495.0, 2020.0], [114497.5, 2000.0], [114500.0, 5650.0], [114502.5, 3070.0], [114550.0, 12650.0], [114552.5, 42150.0], [114557.5, 3000.0], [114562.5, 980.0], [114565.0, 3140.0]]}}}
{"jsonrpc": "2.0", "method": "subscription", "params": {"channel": "book.BTC-10OCT25.none.20.100ms", "data": {"timestamp": 1759264085269, "change_id": 119343849283, "instrument_name": "BTC-10OCT25", "bids": [[114580.0, 10030.0], [114575.0, 13980.0], [114572.5, 60450.0], [114570.0, 45210.0], [114567.5, 4980.0], [114565.0, 34480.0], [114560.0, 9190.0], [114557.5, 38020.0], [114552.5, 1500.0], [114550.0, 16060.0], [114547.5, 39690.0], [114545.0, 2160.0], [114535.0, 660.0], [114532.5, 2190.0], [114527.5, 1490.0], [114525.0, 4980.0], [114522.5, 650.0], [114520.0, 2180.0], [114517.5, 900.0], [114515.0, 3000.0]], "asks": [[114582.5, 17860.0], [114587.5, 5700.0], [114590.0, 12700.0], [114592.5, 89690.0], [114595.0, 49700.0], [114597.5, 2330.0], [114600.0, 5480.0], [114602.5, 36710.0], [114610.0, 2170.0], [114612.5, 34710.0], [114615.0, 4980.0], [114627.5, 2190.0], [114630.0, 41570.0], [114637.5, 650.0], [114640.0, 2170.0], [114650.0, 660.0], [114652.5, 2170.0], [114655.0, 920.0], [114657.5, 3000.0], [114660.0, 650.0]]}}}
{"jsonrpc": "2.0", "method": "subscription", "params": {"channel": "book.BTC-3OCT25.none.20.100ms", "data": {"timestamp": 1759264085271, "change_id": 119343849285, "instrument_name": "BTC-3OCT25", "bids": [[114462.5, 32930.0], [114460.0, 16020.0], [114457.5, 44000.0], [114455.0, 20210.0], [114452.5, 70480.0], [114445.0, 12750.0], [114442.5, 34630.0], [114440.0, 12870.0], [114437.5, 4790.0], [114435.0, 27860.0], [114432.5, 34630.0], [114427.5, 990.0], [114425.0, 3310.0], [114422.5, 1420.0], [114420.0, 4730.0], [114410.0, 12650.0], [114407.5, 39000.0], [114405.0, 3150.0], [114397.5, 900.0], [114395.0, 3000.0]], "asks": [[114465.0, 19990.0], [114470.0, 160.0], [114472.5, 9400.0], [114475.0, 41630.0], [114477.5, 3100.0], [114480.0, 54730.0], [114482.5, 34630.0], [114485.0, 23190.0], [114487.5, 45350.0], [114490.0, 13530.0], [114492.5, 34630.0], [114495.0, 2020.0], [114497.5, 2000.0], [114500.0, 5650.0], [114502.5, 3070.0], [114550.0, 12650.0], [114552.5, 42150.0], [114557.5, 3000.0], [114562.5, 980.0], [114565.0, 3140.0]]}}}
{"jsonrpc": "2.0", "method": "subscription", "params": {"channel": "book.BTC-10OCT25.none.20.100ms", "data": {"timestamp": 1759264085741, "change_id": 119343849774, "instrument_name": "BTC-10OCT25", "bids": [[114580.0, 10030.0], [114575.0, 13980.0], [114572.5, 60450.0], [114570.0, 45210.0], [114567.5, 4980.0], [114565.0, 34480.0], [114560.0, 9190.0], [114557.5, 38020.0], [114552.5, 1500.0], [114550.0, 16060.0], [114547.5, 39690.0], [114545.0, 2160.0], [114535.0, 660.0], [114532.5, 2190.0], [114527.5, 1490.0], [114525.0, 4980.0], [114522.5, 650.0], [114520.0, 2180.0], [114517.5, 900.0], [114515.0, 3000.0]], "asks": [[114582.5, 17860.0], [114587.5, 5700.0], [114590.0, 12700.0], [114592.5, 89690.0], [114595.0, 49700.0], [114597.5, 2330.0], [114600.0, 5480.0], [114602.5, 36710.0], [114610.0, 2170.0], [114612.5, 34710.0], [114615.0, 4980.0], [114627.5, 2190.0], [114630.0, 41570.0], [114637.5, 650.0], [114640.0, 2170.0], [114650.0, 660.0], [114652.5, 2170.0], [114655.0, 920.0], [114657.5, 3000.0], [114660.0, 650.0]]}}}
{"jsonrpc": "2.0", "method": "subscription", "params": {"channel": "book.BTC-3OCT25.none.20.100ms", "data": {"timestamp": 1759264085870, "change_id": 119343849934, "instrument_name": "BTC-3OCT25", "bids": [[114462.5, 32930.0], [114460.0, 16020.0], [114457.5, 44000.0], [114455.0, 20210.0], [114452.5, 70480.0], [114445.0, 12750.0], [114442.5, 34630.0], [114440.0, 12870.0], [114437.5, 4790.0], [114435.0, 27860.0], [114432.5, 34630.0], [114427.5, 990.0], [114425.0, 3310.0], [114422.5, 1420.0], [114420.0, 4730.0], [114410.0, 12650.0], [114407.5, 39000.0], [114405.0, 3150.0], [114397.5, 900.0], [114395.0, 3000.0]], "asks": [[114465.0, 19990.0], [114470.0, 160.0], [114472.5, 9400.0], [114475.0, 41630.0], [114477.5, 3100.0], [114480.0, 54730.0], [114482.5, 34630.0], [114485.0, 23190.0], [114487.5, 45350.0], [114490.0, 13530.0], [114492.5, 34630.0], [114495.0, 2020.0], [114497.5, 2000.0], [114500.0, 5650.0], [114502.5, 3070.0], [114550.0, 12650.0], [114552.5, 42150.0], [114557.5, 3000.0], [114562.5, 980.0], [114565.0, 3140.0]]}}}
{"jsonrpc": "2.0", "method": "subscription", "params": {"channel": "book.BTC-10OCT25.none.20.100ms", "data": {"timestamp": 1759264086243, "change_id": 119343850326, "instrument_name": "BTC-10OCT25", "bids": [[114580.0, 10030.0], [114575.0, 13980.0], [114572.5, 60450.0], [114570.0, 45210.0], [114567.5, 4980.0], [114565.0, 34480.0], [114560.0, 9190.0], [114557.5, 43020.0], [114550.0, 11060.0], [114547.5, 39690.0], [114545.0, 2160.0], [114535.0, 660.0], [114532.5, 2190.0], [114527.5, 1490.0], [114525.0, 4980.0], [114522.5, 650.0], [114520.0, 2180.0], [114517.5, 900.0], [114515.0, 3000.0], [114497.5, 650.0]], "asks": [[114582.5, 15680.0], [114587.5, 5700.0], [114590.0, 12700.0], [114592.5, 89690.0], [114595.0, 49700.0], [114597.5, 2330.0], [114600.0, 5480.0], [114602.5, 36710.0], [114610.0, 2170.0], [114612.5, 34710.0], [114615.0, 4980.0], [114627.5, 2190.0], [114630.0, 41570.0], [114637.5, 650.0], [114640.0, 2170.0], [114650.0, 660.0], [114652.5, 2170.0], [114655.0, 920.0], [114657.5, 3000.0], [114660.0, 650.0]]}}}
{"jsonrpc": "2.0", "method": "subscription", "params": {"channel": "book.BTC-10OCT25.none.20.100ms", "data": {"timestamp": 1759264086559, "change_id": 119343850741, "instrument_name": "BTC-10OCT25", "bids": [[114580.0, 12210.0], [114575.0, 13980.0], [114572.5, 60450.0], [114570.0, 45210.0], [114567.5, 4980.0], [114565.0, 34480.0], [114560.0, 9190.0], [114557.5, 43020.0], [114550.0, 11060.0], [114547.5, 39690.0], [114545.0, 2160.0], [114535.0, 660.0], [114532.5, 2190.0], [114527.5, 1490.0], [114525.0, 4980.0], [114522.5, 650.0], [114520.0, 2180.0], [114517.5, 900.0], [114515.0, 3000.0], [114497.5, 650.0]], "asks": [[114582.5, 9980.0], [114590.0, 7000.0], [114592.5, 89690.0], [114595.0, 44000.0], [114597.5, 2330.0], [114602.5, 36710.0], [114610.0, 2170.0], [114612.5, 34710.0], [114615.0, 4980.0], [114627.5, 2190.0], [114630.0, 41570.0], [114640.0, 2170.0], [114650.0, 660.0], [114652.5, 2170.0], [114655.0, 920.0], [114657.5, 3000.0], [114660.0, 650.0], [114665.0, 2160.0], [114675.0, 650.0], [114677.5, 2170.0]]}}}
{"jsonrpc": "2.0", "method": "subscription", "params": {"channel": "book.BTC-3OCT25.none.20.100ms", "data": {"timestamp": 1759264086558, "change_id": 119343850728, "instrument_name": "BTC-3OCT25", "bids": [[114462.5, 32930.0], [114460.0, 16020.0], [114457.5, 44000.0], [114455.0, 20210.0], [114452.5, 70480.0], [114445.0, 12750.0], [114442.5, 34630.0], [114440.0, 12870.0], [114437.5, 4790.0], [114435.0, 27860.0], [114432.5, 34630.0], [114427.5, 990.0], [114425.0, 3310.0], [114422.5, 1420.0], [114420.0, 4730.0], [114410.0, 12650.0], [114407.5, 39000.0], [114405.0, 3150.0], [114397.5, 900.0], [114395.0, 3000.0]], "asks": [[114465.0, 10590.0], [114470.0, 160.0], [114472.5, 9400.0], [114475.0, 41630.0], [114477.5, 3100.0], [114480.0, 54730.0], [114482.5, 34630.0], [114485.0, 10310.0], [114487.5, 45350.0], [114490.0, 13530.0], [114492.5, 34630.0], [114495.0, 2020.0], [114497.5, 2000.0], [114500.0, 5650.0], [114502.5, 3070.0], [114552.5, 3150.0], [114555.0, 900.0], [114557.5, 3000.0], [114562.5, 980.0], [114565.0, 3140.0]]}}}
{"jsonrpc": "2.0", "method": "subscription", "params": {"channel": "book.BTC-10OCT25.none.20.100ms", "data": {"timestamp": 1759264086718, "change_id": 119343851062, "instrument_name": "BTC-10OCT25", "bids": [[114580.0, 10030.0], [114575.0, 13980.0], [114572.5, 60450.0], [114570.0, 45210.0], [114567.5, 4980.0], [114565.0, 34480.0], [114560.0, 9190.0], [114557.5, 43020.0], [114550.0, 11060.0], [114547.5, 39690.0], [114545.0, 2160.0], [114535.0, 660.0], [114532.5, 2190.0], [114527.5, 1490.0], [114525.0, 4980.0], [114522.5, 650.0], [114520.0, 2180.0], [114517.5, 900.0], [114515.0, 3000.0], [114497.5, 650.0]], "asks": [[114582.5, 9980.0], [114590.0, 12700.0], [114592.5, 89690.0], [114595.0, 44000.0], [114597.5, 2330.0], [114600.0, 5480.0], [114602.5, 36710.0], [114610.0, 2170.0], [114612.5, 34710.0], [114615.0, 4980.0], [114627.5, 2190.0], [114630.0, 41570.0], [114637.5, 650.0], [114640.0, 2170.0], [114650.0, 660.0], [114652.5, 2170.0], [114655.0, 920.0], [114657.5, 3000.0], [114660.0, 650.0], [114665.0, 2160.0]]}}}
{"jsonrpc": "2.0", "method": "subscription", "params": {"channel": "book.BTC-3OCT25.none.20.100ms", "data": {"timestamp": 1759264086835, "change_id": 119343851215, "instrument_name": "BTC-3OCT25", "bids": [[114462.5, 32930.0], [114460.0, 16020.0], [114457.5, 44000.0], [114455.0, 20210.0], [114452.5, 70480.0], [114445.0, 12750.0], [114442.5, 34630.0], [114440.0, 12870.0], [114437.5, 4790.0], [114435.0, 27860.0], [114432.5, 34630.0], [114427.5, 990.0], [114425.0, 3310.0], [114422.5, 1420.0], [114420.0, 4730.0], [114410.0, 12650.0], [114407.5, 39000.0], [114405.0, 3150.0], [114397.5, 900.0], [114395.0, 3000.0]], "asks": [[114465.0, 19990.0], [114470.0, 160.0], [114472.5, 9400.0], [114475.0, 41630.0], [114477.5, 3100.0], [114480.0, 54730.0], [114482.5, 34630.0], [114485.0, 23190.0], [114487.5, 45350.0], [114490.0, 13530.0], [114492.5, 34630.0], [114495.0, 2020.0], [114497.5, 2000.0], [114500.0, 5650.0], [114502.5, 3070.0], [114552.5, 42150.0], [114555.0, 900.0], [114557.5, 3000.0], [114562.5, 980.0], [114565.0, 3140.0]]}}}
{"jsonrpc": "2.0", "method": "subscription", "params": {"channel": "book.BTC-10OCT25.none.20.100ms", "data": {"timestamp": 1759264087211, "change_id": 119343851783, "instrument_name": "BTC-10OCT25", "bids": [[114580.0, 12210.0], [114575.0, 13980.0], [114572.5, 60450.0], [114570.0, 45210.0], [114565.0, 34480.0], [114560.0, 9190.0], [114557.5, 43020.0], [114550.0, 11060.0], [114547.5, 39690.0], [114545.0, 2160.0], [114535.0, 660.0], [114532.5, 2190.0], [114527.5, 1490.0], [114525.0, 4980.0], [114522.5, 650.0], [114520.0, 2180.0], [114517.5, 900.0], [114515.0, 3000.0], [114497.5, 650.0], [114495.0, 2170.0]], "asks": [[114582.5, 9980.0], [114590.0, 12700.0], [114592.5, 89690.0], [114595.0, 44000.0], [114597.5, 2330.0], [114602.5, 36710.0], [114610.0, 2170.0], [114612.5, 34710.0], [114615.0, 4980.0], [114627.5, 2190.0], [114630.0, 41570.0], [114640.0, 2170.0], [114650.0, 660.0], [114652.5, 2170.0], [114655.0, 920.0], [114657.5, 3000.0], [114660.0, 650.0], [114665.0, 2160.0], [114675.0, 650.0], [114677.5, 2170.0]]}}}
{"jsonrpc": "2.0", "method": "subscription", "params": {"channel": "book.BTC-3OCT25.none.20.100ms", "data": {"timestamp": 1759264087188, "change_id": 119343851695, "instrument_name": "BTC-3OCT25", "bids": [[114462.5, 32920.0], [114460.0, 16020.0], [114457.5, 44000.0], [114455.0, 20210.0], [114452.5, 70480.0], [114445.0, 12750.0], [114442.5, 34630.0], [114440.0, 12870.0], [114437.5, 4790.0], [114435.0, 27860.0], [114432.5, 34630.0], [114427.5, 990.0], [114425.0, 3310.0], [114422.5, 1420.0], [114420.0, 4730.0], [114410.0, 39950.0], [114405.0, 3150.0], [114397.5, 900.0], [114395.0, 3000.0], [114390.0, 1340.0]], "asks": [[114465.0, 15260.0], [114470.0, 160.0], [114472.5, 9400.0], [114475.0, 41630.0], [114477.5, 3100.0], [114480.0, 54730.0], [114482.5, 34630.0], [114485.0, 10310.0], [114487.5, 45350.0], [114490.0, 13530.0], [114492.5, 34630.0], [114495.0, 2020.0], [114497.5, 2000.0], [114500.0, 5650.0], [114502.5, 3070.0], [114552.5, 3150.0], [114555.0, 900.0], [114557.5, 3000.0], [114562.5, 980.0], [114565.0, 3140.0]]}}}
{"jsonrpc": "2.0", "method": "subscription", "params": {"channel": "book.BTC-10OCT25.none.20.100ms", "data": {"timestamp": 1759264087562, "change_id": 119343851956, "instrument_name": "BTC-10OCT25", "bids": [[114580.0, 10030.0], [114575.0, 13980.0], [114572.5, 60450.0], [114570.0, 45210.0], [114567.5, 4980.0], [114565.0, 34480.0], [114560.0, 9190.0], [114557.5, 43020.0], [114550.0, 11060.0], [114547.5, 39690.0], [114545.0, 2160.0], [114535.0, 660.0], [114532.5, 2190.0], [114527.5, 1490.0], [114525.0, 4980.0], [114522.5, 650.0], [114520.0, 2180.0], [114517.5, 900.0], [114515.0, 3000.0], [114497.5, 650.0]], "asks": [[114582.5, 12160.0], [114590.0, 12700.0], [114592.5, 89690.0], [114595.0, 44000.0], [114597.5, 2330.0], [114600.0, 5480.0], [114602.5, 36710.0], [114610.0, 2170.0], [114612.5, 34710.0], [114615.0, 4980.0], [114627.5, 2190.0], [114630.0, 41570.0], [114637.5, 650.0], [114640.0, 2170.0], [114650.0, 660.0], [114652.5, 2170.0], [114655.0, 20.0], [114660.0, 650.0], [114665.0, 2160.0], [114675.0, 650.0]]}}}
{"jsonrpc": "2.0", "method": "subscription", "params": {"channel": "book.BTC-3OCT25.none.20.100ms", "data": {"timestamp": 1759264087291, "change_id": 119343851890, "instrument_name": "BTC-3OCT25", "bids": [[114462.5, 32920.0], [114460.0, 16020.0], [114457.5, 44000.0], [114455.0, 20210.0], [114452.5, 70480.0], [114445.0, 12750.0], [114442.5, 34630.0], [114440.0, 12870.0], [114437.5, 4790.0], [114435.0, 27860.0], [114432.5, 34630.0], [114427.5, 990.0], [114425.0, 3310.0], [114422.5, 1420.0], [114420.0, 4730.0], [114410.0, 39950.0], [114405.0, 3150.0], [114397.5, 900.0], [114395.0, 3000.0], [114390.0, 1340.0]], "asks": [[114465.0, 19990.0], [114470.0, 160.0], [114472.5, 9400.0], [114475.0, 41630.0], [114477.5, 3100.0], [114480.0, 54730.0], [114482.5, 34630.0], [114485.0, 10310.0], [114487.5, 58230.0], [114490.0, 13530.0], [114492.5, 34630.0], [114495.0, 2020.0], [114497.5, 2000.0], [114500.0, 5650.0], [114502.5, 3070.0], [114550.0, 950.0], [114552.5, 42150.0], [114562.5, 980.0], [114565.0, 3140.0], [114567.5, 15890.0]]}}}
{"jsonrpc": "2.0", "method": "subscription", "params": {"channel": "book.BTC-10OCT25.none.20.100ms", "data": {"timestamp": 1759264087868, "change_id": 119343852721, "instrument_name": "BTC-10OCT25", "bids": [[114580.0, 10030.0], [114575.0, 13980.0], [114572.5, 60450.0], [114570.0, 45210.0], [114567.5, 4980.0], [114565.0, 34480.0], [114560.0, 9190.0], [114557.5, 43020.0], [114550.0, 11060.0], [114547.5, 39690.0], [114545.0, 2160.0], [114535.0, 660.0], [114532.5, 2190.0], [114527.5, 1490.0], [114525.0, 4980.0], [114522.5, 650.0], [114520.0, 2180.0], [114517.5, 900.0], [114515.0, 3000.0], [114497.5, 650.0]], "asks": [[114582.5, 16460.0], [114587.5, 5700.0], [114590.0, 12700.0], [114592.5, 89690.0], [114595.0, 44000.0], [114597.5, 2330.0], [114600.0, 5480.0], [114602.5, 36710.0], [114610.0, 2170.0], [114612.5, 34710.0], [114615.0, 4980.0], [114627.5, 2190.0], [114630.0, 41570.0], [114637.5, 650.0], [114640.0, 2170.0], [114650.0, 660.0], [114652.5, 2170.0], [114655.0, 20.0], [114657.5, 900.0], [114660.0, 3650.0]]}}}
{"jsonrpc": "2.0", "method": "subscription", "params": {"channel": "book.BTC-3OCT25.none.20.100ms", "data": {"timestamp": 1759264087869, "change_id": 119343852722, "instrument_name": "BTC-3OCT25", "bids": [[114462.5, 32920.0], [114460.0, 16020.0], [114457.5, 44000.0], [114455.0, 20210.0], [114452.5, 70480.0], [114445.0, 12750.0], [114442.5, 34630.0], [114440.0, 12870.0], [114437.5, 4790.0], [114435.0, 27860.0], [114432.5, 34630.0], [114427.5, 990.0], [114425.0, 3310.0], [114422.5, 1420.0], [114420.0, 4730.0], [114410.0, 39950.0], [114405.0, 3150.0], [114397.5, 900.0], [114395.0, 3000.0], [114390.0, 1340.0]], "asks": [[114465.0, 19990.0], [114470.0, 160.0], [114472.5, 9400.0], [114475.0, 41630.0], [114477.5, 3100.0], [114480.0, 54730.0], [114482.5, 34630.0], [114485.0, 10310.0], [114487.5, 58230.0], [114490.0, 13530.0], [114492.5, 34630.0], [114495.0, 2020.0], [114497.5, 2000.0], [114500.0, 5650.0], [114502.5, 3070.0], [114550.0, 950.0], [114552.5, 42150.0], [114560.0, 3000.0], [114562.5, 980.0], [114565.0, 3140.0]]}}}
{"jsonrpc": "2.0", "method": "subscription", "params": {"channel": "book.BTC-10OCT25.none.20.100ms", "data": {"timestamp": 1759264088840, "change_id": 119343853984, "instrument_name": "BTC-10OCT25", "bids": [[114580.0, 10030.0], [114575.0, 13980.0], [114572.5, 60450.0], [114570.0, 45210.0], [114567.5, 4980.0], [114565.0, 34480.0], [114560.0, 9190.0], [114557.5, 43020.0], [114550.0, 11060.0], [114547.5, 39690.0], [114545.0, 2160.0], [114535.0, 660.0], [114532.5, 2190.0], [114527.5, 1490.0], [114525.0, 4980.0], [114522.5, 650.0], [114520.0, 2180.0], [114517.5, 900.0], [114515.0, 3000.0], [114497.5, 650.0]], "asks": [[114582.5, 12160.0], [114587.5, 5700.0], [114590.0, 12700.0], [114592.5, 89690.0], [114595.0, 44000.0], [114597.5, 2330.0], [114600.0, 5480.0], [114602.5, 36710.0], [114610.0, 2170.0], [114612.5, 34710.0], [114615.0, 4980.0], [114627.5, 2190.0], [114630.0, 41570.0], [114640.0, 2170.0], [114650.0, 660.0], [114652.5, 2170.0], [114655.0, 20.0], [114657.5, 900.0], [114660.0, 3650.0], [114665.0, 2160.0]]}}}
{"jsonrpc": "2.0", "method": "subscription", "params": {"channel": "book.BTC-3OCT25.none.20.100ms", "data": {"timestamp": 1759264088870, "change_id": 119343853995, "instrument_name": "BTC-3OCT25", "bids": [[114462.5, 32920.0], [114460.0, 16020.0], [114457.5, 44000.0], [114455.0, 20210.0], [114452.5, 70480.0], [114445.0, 12750.0], [114442.5, 34630.0], [114440.0, 12870.0], [114437.5, 4790.0], [114435.0, 27860.0], [114432.5, 34630.0], [114427.5, 990.0], [114425.0, 3310.0], [114422.5, 1420.0], [114420.0, 4730.0], [114412.5, 11700.0], [114410.0, 39950.0], [114405.0, 3150.0], [114397.5, 900.0], [114395.0, 3000.0]], "asks": [[114465.0, 10590.0], [114470.0, 160.0], [114472.5, 9400.0], [114475.0, 41630.0], [114477.5, 3100.0], [114480.0, 54730.0], [114482.5, 34630.0], [114485.0, 10310.0], [114487.5, 58230.0], [114490.0, 13530.0], [114492.5, 34630.0], [114495.0, 2020.0], [114497.5, 2000.0], [114500.0, 5650.0], [114502.5, 3070.0], [114550.0, 950.0], [114552.5, 3150.0], [114555.0, 39000.0], [114560.0, 3000.0], [114562.5, 980.0]]}}}
{"jsonrpc": "2.0", "method": "subscription", "params": {"channel": "book.BTC-10OCT25.none.20.100ms", "data": {"timestamp": 1759264089184, "change_id": 119343854339, "instrument_name": "BTC-10OCT25", "bids": [[114580.0, 10030.0], [114575.0, 13980.0], [114572.5, 60450.0], [114570.0, 45210.0], [114567.5, 4980.0], [114565.0, 34480.0], [114560.0, 9190.0], [114557.5, 43020.0], [114550.0, 11060.0], [114547.5, 39690.0], [114545.0, 2160.0], [114535.0, 660.0], [114532.5, 2190.0], [114527.5, 1490.0], [114525.0, 4980.0], [114522.5, 650.0], [114520.0, 2180.0], [114517.5, 900.0], [114515.0, 3000.0], [114497.5, 650.0]], "asks": [[114582.5, 12160.0], [114590.0, 7000.0], [114592.5, 89690.0], [114595.0, 44000.0], [114597.5, 2330.0], [114600.0, 5480.0], [114602.5, 36710.0], [114610.0, 2170.0], [114612.5, 34710.0], [114615.0, 4980.0], [114627.5, 2190.0], [114630.0, 41570.0], [114637.5, 650.0], [114640.0, 2170.0], [114650.0, 660.0], [114652.5, 2170.0], [114655.0, 20.0], [114657.5, 900.0], [114660.0, 3650.0], [114665.0, 2160.0]]}}}
{"jsonrpc": "2.0", "method": "subscription", "params": {"channel": "book.BTC-10OCT25.none.20.100ms", "data": {"timestamp": 1759264089508, "change_id": 119343854625, "instrument_name": "BTC-10OCT25", "bids": [[114580.0, 10030.0], [114575.0, 13980.0], [114572.5, 60450.0], [114570.0, 45210.0], [114567.5, 4980.0], [114565.0, 34480.0], [114560.0, 9190.0], [114557.5, 43020.0], [114550.0, 11060.0], [114547.5, 39690.0], [114545.0, 2160.0], [114535.0, 660.0], [114532.5, 2190.0], [114527.5, 1490.0], [114525.0, 4980.0], [114522.5, 650.0], [114520.0, 2180.0], [114517.5, 900.0], [114515.0, 3000.0], [114497.5, 650.0]], "asks": [[114582.5, 9980.0], [114590.0, 7000.0], [114592.5, 89690.0], [114595.0, 44000.0], [114597.5, 2330.0], [114600.0, 5480.0], [114602.5, 36710.0], [114610.0, 2170.0], [114612.5, 34710.0], [114615.0, 4980.0], [114627.5, 2190.0], [114630.0, 41570.0], [114637.5, 650.0], [114640.0, 2170.0], [114650.0, 660.0], [114652.5, 2170.0], [114655.0, 20.0], [114657.5, 900.0], [114660.0, 3650.0], [114665.0, 2160.0]]}}}
{"jsonrpc": "2.0", "method": "subscription", "params": {"channel": "book.BTC-10OCT25.none.20.100ms", "data": {"timestamp": 1759264089672, "change_id": 119343854855, "instrument_name": "BTC-10OCT25", "bids": [[114580.0, 10030.0], [114575.0, 13980.0], [114572.5, 60450.0], [114570.0, 45210.0], [114567.5, 4980.0], [114565.0, 34480.0], [114560.0, 9190.0], [114557.5, 43020.0], [114550.0, 11060.0], [114547.5, 39690.0], [114545.0, 2160.0], [114535.0, 660.0], [114532.5, 2190.0], [114527.5, 1490.0], [114525.0, 4980.0], [114522.5, 650.0], [114520.0, 2180.0], [114517.5, 900.0], [114515.0, 3000.0], [114497.5, 650.0]], "asks": [[114582.5, 9980.0], [114590.0, 12700.0], [114592.5, 89690.0], [114595.0, 44000.0], [114597.5, 2330.0], [114600.0, 5480.0], [114602.5, 36710.0], [114610.0, 2170.0], [114612.5, 34710.0], [114615.0, 4980.0], [114627.5, 2190.0], [114630.0, 41570.0], [114637.5, 650.0], [114640.0, 2170.0], [114650.0, 660.0], [114652.5, 2170.0], [114655.0, 20.0], [114657.5, 900.0], [114660.0, 3650.0], [114665.0, 2160.0]]}}}
{"jsonrpc": "2.0", "method": "subscription", "params": {"channel": "book.BTC-3OCT25.none.20.100ms", "data": {"timestamp": 1759264089803, "change_id": 119343854973, "instrument_name": "BTC-3OCT25", "bids": [[114462.5, 32920.0], [114460.0, 16020.0], [114457.5, 44000.0], [114455.0, 20210.0], [114452.5, 70480.0], [114445.0, 12750.0], [114442.5, 34630.0], [114440.0, 12870.0], [114437.5, 4790.0], [114435.0, 27860.0], [114432.5, 34630.0], [114427.5, 990.0], [114425.0, 3310.0], [114422.5, 1420.0], [114420.0, 4730.0], [114412.5, 11700.0], [114410.0, 39950.0], [114405.0, 3150.0], [114397.5, 900.0], [114395.0, 3000.0]], "asks": [[114465.0, 19990.0], [114470.0, 160.0], [114472.5, 9400.0], [114475.0, 41630.0], [114477.5, 3100.0], [114480.0, 54730.0], [114482.5, 34630.0], [114485.0, 10310.0], [114487.5, 58230.0], [114490.0, 13530.0], [114492.5, 34630.0], [114495.0, 2020.0], [114497.5, 2000.0], [114500.0, 5650.0], [114502.5, 3070.0], [114550.0, 12530.0], [114552.5, 3150.0], [114555.0, 39000.0], [114560.0, 3000.0], [114562.5, 980.0]]}}}
{"jsonrpc": "2.0", "method": "subscription", "params": {"channel": "book.BTC-10OCT25.none.20.100ms", "data": {"timestamp": 1759264090202, "change_id": 119343855474, "instrument_name": "BTC-10OCT25", "bids": [[114580.0, 4550.0], [114575.0, 13980.0], [114572.5, 60450.0], [114570.0, 45210.0], [114567.5, 4980.0], [114565.0, 34480.0], [114560.0, 9190.0], [114557.5, 43020.0], [114550.0, 11060.0], [114547.5, 39690.0], [114545.0, 2160.0], [114535.0, 660.0], [114532.5, 2190.0], [114527.5, 1490.0], [114525.0, 4980.0], [114522.5, 650.0], [114520.0, 2180.0], [114517.5, 900.0], [114515.0, 3000.0], [114497.5, 650.0]], "asks": [[114582.5, 9980.0], [114590.0, 12700.0], [114592.5, 89690.0], [114595.0, 44000.0], [114597.5, 2330.0], [114600.0, 5480.0], [114602.5, 36710.0], [114610.0, 2170.0], [114612.5, 34710.0], [114615.0, 4980.0], [114627.5, 2190.0], [114630.0, 41570.0], [114637.5, 650.0], [114640.0, 2170.0], [114650.0, 660.0], [114652.5, 2170.0], [114655.0, 20.0], [114657.5, 900.0], [114660.0, 3650.0], [114665.0, 2160.0]]}}}
{"jsonrpc": "2.0", "method": "subscription", "params": {"channel": "book.BTC-3OCT25.none.20.100ms", "data": {"timestamp": 1759264090183, "change_id": 119343855379, "instrument_name": "BTC-3OCT25", "bids": [[114462.5, 20040.0], [114460.0, 16020.0], [114457.5, 44000.0], [114455.0, 20210.0], [114452.5, 70480.0], [114445.0, 12750.0], [114442.5, 34630.0], [114440.0, 12870.0], [114437.5, 4790.0], [114435.0, 27860.0], [114432.5, 34630.0], [114427.5, 990.0], [114425.0, 3310.0], [114422.5, 1420.0], [114420.0, 4730.0], [114410.0, 950.0], [114405.0, 3150.0], [114397.5, 900.0], [114395.0, 3000.0], [114390.0, 1340.0]], "asks": [[114465.0, 19990.0], [114470.0, 160.0], [114472.5, 9400.0], [114475.0, 41630.0], [114477.5, 3100.0], [114480.0, 54730.0], [114482.5, 34630.0], [114485.0, 10310.0], [114487.5, 58230.0], [114490.0, 13530.0], [114492.5, 34630.0], [114495.0, 2020.0], [114497.5, 2000.0], [114500.0, 5650.0], [114502.5, 3070.0], [114550.0, 12530.0], [114552.5, 3150.0], [114555.0, 39000.0], [114560.0, 3000.0], [114562.5, 980.0]]}}}
{"jsonrpc": "2.0", "method": "subscription", "params": {"channel": "book.BTC-10OCT25.none.20.100ms", "data": {"timestamp": 1759264090286, "change_id": 119343855514, "instrument_name": "BTC-10OCT25", "bids": [[114580.0, 10030.0], [114575.0, 13980.0], [114572.5, 60450.0], [114570.0, 45210.0], [114567.5, 4980.0], [114565.0, 34480.0], [114560.0, 9190.0], [114557.5, 43020.0], [114550.0, 11060.0], [114547.5, 39690.0], [114545.0, 2160.0], [114535.0, 660.0], [114532.5, 2190.0], [114527.5, 1490.0], [114525.0, 4980.0], [114522.5, 650.0], [114520.0, 2180.0], [114517.5, 900.0], [114515.0, 3000.0], [114497.5, 650.0]], "asks": [[114582.5, 9980.0], [114590.0, 12700.0], [114592.5, 89690.0], [114595.0, 44000.0], [114597.5, 2330.0], [114600.0, 5480.0], [114602.5, 36710.0], [114610.0, 2170.0], [114612.5, 34710.0], [114615.0, 4980.0], [114627.5, 2190.0], [114630.0, 41570.0], [114637.5, 650.0], [114640.0, 2170.0], [114650.0, 660.0], [114652.5, 2170.0], [114655.0, 20.0], [114657.5, 900.0], [114660.0, 3650.0], [114665.0, 2160.0]]}}}
{"jsonrpc": "2.0", "method": "subscription", "params": {"channel": "book.BTC-3OCT25.none.20.100ms", "data": {"timestamp": 1759264090286, "change_id": 119343855513, "instrument_name": "BTC-3OCT25", "bids": [[114462.5, 32920.0], [114460.0, 16020.0], [114457.5, 44000.0], [114455.0, 20210.0], [114452.5, 70480.0], [114445.0, 12750.0], [114442.5, 34630.0], [114440.0, 12870.0], [114437.5, 4790.0], [114435.0, 27860.0], [114432.5, 34630.0], [114427.5, 990.0], [114425.0, 3310.0], [114422.5, 1420.0], [114420.0, 4730.0], [114412.5, 11700.0], [114410.0, 39950.0], [114405.0, 3150.0], [114397.5, 900.0], [114395.0, 3000.0]], "asks": [[114465.0, 19990.0], [114470.0, 160.0], [114472.5, 9400.0], [114475.0, 41630.0], [114477.5, 3100.0], [114480.0, 54730.0], [114482.5, 34630.0], [114485.0, 10310.0], [114487.5, 58230.0], [114490.0, 13530.0], [114492.5, 34630.0], [114495.0, 2020.0], [114497.5, 2000.0], [114500.0, 5650.0], [114502.5, 3070.0], [114550.0, 12530.0], [114552.5, 3150.0], [114555.0, 39000.0], [114560.0, 3000.0], [114562.5, 980.0]]}}}
{"jsonrpc": "2.0", "method": "subscription", "params": {"channel": "book.BTC-10OCT25.none.20.100ms", "data": {"timestamp": 1759264090708, "change_id": 119343856019, "instrument_name": "BTC-10OCT25", "bids": [[114580.0, 10030.0], [114575.0, 13980.0], [114572.5, 60450.0], [114570.0, 45210.0], [114567.5, 4980.0], [114565.0, 34480.0], [114560.0, 9190.0], [114557.5, 43020.0], [114550.0, 11060.0], [114547.5, 39690.0], [114545.0, 2160.0], [114535.0, 660.0], [114532.5, 2190.0], [114527.5, 1490.0], [114525.0, 4980.0], [114522.5, 650.0], [114520.0, 2180.0], [114517.5, 900.0], [114515.0, 3000.0], [114497.5, 650.0]], "asks": [[114582.5, 13280.0], [114587.5, 5700.0], [114590.0, 12700.0], [114592.5, 89690.0], [114595.0, 44000.0], [114597.5, 2330.0], [114600.0, 5480.0], [114602.5, 36710.0], [114610.0, 2170.0], [114612.5, 34710.0], [114615.0, 4980.0], [114627.5, 2190.0], [114630.0, 41570.0], [114637.5, 650.0], [114640.0, 2170.0], [114650.0, 660.0], [114652.5, 2170.0], [114655.0, 20.0], [114657.5, 900.0], [114660.0, 3650.0]]}}}
{"jsonrpc": "2.0", "method": "subscription", "params": {"channel": "book.BTC-10OCT25.none.20.100ms", "data": {"timestamp": 1759264091175, "change_id": 119343856528, "instrument_name": "BTC-10OCT25", "bids": [[114580.0, 12210.0], [114575.0, 13980.0], [114572.5, 60450.0], [114570.0, 45210.0], [114567.5, 4980.0], [114565.0, 34480.0], [114560.0, 9190.0], [114557.5, 43020.0], [114550.0, 11060.0], [114547.5, 39690.0], [114545.0, 2160.0], [114535.0, 660.0], [114532.5, 2190.0], [114527.5, 1490.0], [114525.0, 4980.0], [114522.5, 650.0], [114520.0, 2180.0], [114517.5, 900.0], [114515.0, 3000.0], [114497.5, 650.0]], "asks": [[114582.5, 9980.0], [114587.5, 5700.0], [114590.0, 12700.0], [114592.5, 89690.0], [114595.0, 44000.0], [114597.5, 2330.0], [114602.5, 36710.0], [114610.0, 2170.0], [114612.5, 34710.0], [114615.0, 4980.0], [114627.5, 2190.0], [114630.0, 41570.0], [114640.0, 2170.0], [114650.0, 660.0], [114652.5, 2170.0], [114655.0, 20.0], [114657.5, 900.0], [114660.0, 3650.0], [114665.0, 2160.0], [114675.0, 650.0]]}}}
{"jsonrpc": "2.0", "method": "subscription", "params": {"channel": "book.BTC-3OCT25.none.20.100ms", "data": {"timestamp": 1759264091185, "change_id": 119343856566, "instrument_name": "BTC-3OCT25", "bids": [[114462.5, 32920.0], [114460.0, 16020.0], [114457.5, 44000.0], [114455.0, 29190.0], [114452.5, 70480.0], [114445.0, 12750.0], [114442.5, 34630.0], [114440.0, 12870.0], [114437.5, 4790.0], [114435.0, 27860.0], [114432.5, 34630.0], [114427.5, 990.0], [114425.0, 3310.0], [114422.5, 1420.0], [114420.0, 4730.0], [114412.5, 11700.0], [114410.0, 39950.0], [114405.0, 3150.0], [114397.5, 900.0], [114395.0, 3000.0]], "asks": [[114465.0, 19990.0], [114470.0, 160.0], [114472.5, 9400.0], [114475.0, 41630.0], [114477.5, 3100.0], [114480.0, 54730.0], [114482.5, 34630.0], [114487.5, 45350.0], [114490.0, 13530.0], [114492.5, 34630.0], [114495.0, 2020.0], [114497.5, 2000.0], [114500.0, 5650.0], [114502.5, 3070.0], [114550.0, 950.0], [114552.5, 3150.0], [114557.5, 900.0], [114560.0, 3000.0], [114562.5, 980.0], [114565.0, 3140.0]]}}}
{"jsonrpc": "2.0", "method": "subscription", "params": {"channel": "book.BTC-10OCT25.none.20.100ms", "data": {"timestamp": 1759264091329, "change_id": 119343856811, "instrument_name": "BTC-10OCT25", "bids": [[114580.0, 10030.0], [114575.0, 13980.0], [114572.5, 60450.0], [114570.0, 45210.0], [114567.5, 12160.0], [114565.0, 34480.0], [114560.0, 9190.0], [114557.5, 43020.0], [114550.0, 11060.0], [114547.5, 39690.0], [114545.0, 2160.0], [114535.0, 660.0], [114532.5, 2190.0], [114527.5, 1490.0], [114525.0, 4980.0], [114522.5, 650.0], [114520.0, 2180.0], [114517.5, 900.0], [114515.0, 3000.0], [114497.5, 650.0]], "asks": [[114582.5, 9980.0], [114587.5, 5700.0], [114590.0, 12700.0], [114592.5, 89690.0], [114595.0, 44000.0], [114597.5, 2330.0], [114602.5, 42190.0], [114610.0, 2170.0], [114612.5, 34710.0], [114615.0, 4980.0], [114627.5, 2190.0], [114630.0, 41570.0], [114640.0, 2170.0], [114650.0, 660.0], [114652.5, 2170.0], [114655.0, 20.0], [114657.5, 900.0], [114660.0, 3650.0], [114665.0, 2160.0], [114675.0, 650.0]]}}}
{"jsonrpc": "2.0", "method": "subscription", "params": {"channel": "book.BTC-3OCT25.none.20.100ms", "data": {"timestamp": 1759264091285, "change_id": 119343856687, "instrument_name": "BTC-3OCT25", "bids": [[114462.5, 32920.0], [114460.0, 16020.0], [114457.5, 44000.0], [114455.0, 29190.0], [114452.5, 70480.0], [114445.0, 12750.0], [114442.5, 34630.0], [114440.0, 12870.0], [114437.5, 4790.0], [114435.0, 27860.0], [114432.5, 34630.0], [114427.5, 990.0], [114425.0, 3310.0], [114422.5, 1420.0], [114420.0, 4730.0], [114412.5, 11700.0], [114410.0, 39950.0], [114405.0, 3150.0], [114397.5, 900.0], [114395.0, 3000.0]], "asks": [[114465.0, 19990.0], [114470.0, 160.0], [114472.5, 9400.0], [114475.0, 41630.0], [114477.5, 3100.0], [114480.0, 54730.0], [114482.5, 34630.0], [114485.0, 7080.0], [114487.5, 58230.0], [114490.0, 13530.0], [114492.5, 34630.0], [114495.0, 2020.0], [114497.5, 2000.0], [114500.0, 5650.0], [114502.5, 3070.0], [114550.0, 950.0], [114552.5, 3150.0], [114555.0, 39000.0], [114557.5, 900.0], [114560.0, 3000.0]]}}}
{"jsonrpc": "2.0", "method": "subscription", "params": {"channel": "book.BTC-10OCT25.none.20.100ms", "data": {"timestamp": 1759264091623, "change_id": 119343857123, "instrument_name": "BTC-10OCT25", "bids": [[114580.0, 10030.0], [114575.0, 13980.0], [114572.5, 60450.0], [114570.0, 45210.0], [114567.5, 12160.0], [114565.0, 34480.0], [114560.0, 9190.0], [114557.5, 43020.0], [114550.0, 11060.0], [114547.5, 39690.0], [114545.0, 2160.0], [114535.0, 660.0], [114532.5, 2190.0], [114527.5, 1490.0], [114525.0, 4980.0], [114522.5, 650.0], [114520.0, 2180.0], [114517.5, 900.0], [114515.0, 3000.0], [114497.5, 650.0]], "asks": [[114582.5, 9980.0], [114587.5, 5700.0], [114590.0, 12700.0], [114592.5, 89690.0], [114595.0, 44000.0], [114597.5, 2330.0], [114602.5, 42190.0], [114610.0, 2170.0], [114612.5, 34710.0], [114615.0, 4980.0], [114627.5, 2190.0], [114630.0, 41570.0], [114640.0, 2170.0], [114650.0, 660.0], [114652.5, 2170.0], [114655.0, 20.0], [114657.5, 900.0], [114660.0, 3650.0], [114665.0, 2160.0], [114675.0, 650.0]]}}}
{"jsonrpc": "2.0", "method": "subscription", "params": {"channel": "book.BTC-3OCT25.none.20.100ms", "data": {"timestamp": 1759264091781, "change_id": 119343857258, "instrument_name": "BTC-3OCT25", "bids": [[114462.5, 32920.0], [114460.0, 16020.0], [114457.5, 44000.0], [114455.0, 29190.0], [114452.5, 70480.0], [114445.0, 12750.0], [114442.5, 34630.0], [114440.0, 12870.0], [114437.5, 4790.0], [114435.0, 27860.0], [114432.5, 34630.0], [114427.5, 990.0], [114425.0, 3310.0], [114422.5, 1420.0], [114420.0, 4730.0], [114412.5, 11700.0], [114410.0, 39950.0], [114405.0, 3150.0], [114397.5, 900.0], [114395.0, 3000.0]], "asks": [[114465.0, 10590.0], [114470.0, 160.0], [114472.5, 9400.0], [114475.0, 41630.0], [114477.5, 3100.0], [114480.0, 54730.0], [114482.5, 34630.0], [114485.0, 9100.0], [114487.5, 58230.0], [114490.0, 13530.0], [114492.5, 34630.0], [114495.0, 2020.0], [114497.5, 2000.0], [114500.0, 5650.0], [114502.5, 3070.0], [114550.0, 950.0], [114552.5, 3150.0], [114555.0, 39000.0], [114557.5, 900.0], [114560.0, 3000.0]]}}}
{"jsonrpc": "2.0", "method": "subscription", "params": {"channel": "book.BTC-10OCT25.none.20.100ms", "data": {"timestamp": 1759264092202, "change_id": 119343857770, "instrument_name": "BTC-10OCT25", "bids": [[114580.0, 12210.0], [114575.0, 13980.0], [114572.5, 60450.0], [114570.0, 45210.0], [114567.5, 12160.0], [114565.0, 34480.0], [114560.0, 9190.0], [114557.5, 43020.0], [114550.0, 11060.0], [114547.5, 39690.0], [114545.0, 2160.0], [114535.0, 660.0], [114532.5, 2190.0], [114527.5, 1490.0], [114525.0, 4980.0], [114522.5, 650.0], [114520.0, 2180.0], [114517.5, 900.0], [114515.0, 3000.0], [114497.5, 650.0]], "asks": [[114582.5, 9980.0], [114587.5, 5700.0], [114590.0, 12700.0], [114592.5, 89690.0], [114595.0, 44000.0], [114597.5, 2330.0], [114602.5, 42190.0], [114610.0, 2170.0], [114612.5, 34710.0], [114615.0, 4980.0], [114627.5, 2190.0], [114630.0, 41570.0], [114640.0, 2170.0], [114650.0, 660.0], [114652.5, 2170.0], [114655.0, 20.0], [114657.5, 900.0], [114660.0, 3650.0], [114665.0, 2160.0], [114675.0, 650.0]]}}}
{"jsonrpc": "2.0", "method": "subscription", "params": {"channel": "book.BTC-3OCT25.none.20.100ms", "data": {"timestamp": 1759264092202, "change_id": 119343857772, "instrument_name": "BTC-3OCT25", "bids": [[114462.5, 20040.0], [114460.0, 16020.0], [114457.5, 44000.0], [114455.0, 29190.0], [114452.5, 70480.0], [114445.0, 12750.0], [114442.5, 34630.0], [114440.0, 12870.0], [114437.5, 4790.0], [114435.0, 27860.0], [114432.5, 34630.0], [114427.5, 990.0], [114425.0, 3310.0], [114422.5, 1420.0], [114420.0, 4730.0], [114412.5, 11700.0], [114410.0, 950.0], [114405.0, 3150.0], [114397.5, 900.0], [114395.0, 3000.0]], "asks": [[114465.0, 10590.0], [114470.0, 160.0], [114472.5, 9400.0], [114475.0, 41630.0], [114477.5, 3100.0], [114480.0, 54730.0], [114482.5, 34630.0], [114485.0, 9100.0], [114487.5, 58230.0], [114490.0, 13530.0], [114492.5, 34630.0], [114495.0, 2020.0], [114497.5, 2000.0], [114500.0, 5650.0], [114502.5, 3070.0], [114550.0, 950.0], [114552.5, 3150.0], [114555.0, 39000.0], [114557.5, 900.0], [114560.0, 3000.0]]}}}
{"jsonrpc": "2.0", "method": "subscription", "params": {"channel": "book.BTC-10OCT25.none.20.100ms", "data": {"timestamp": 1759264092302, "change_id": 119343857995, "instrument_name": "BTC-10OCT25", "bids": [[114580.0, 10030.0], [114575.0, 13980.0], [114572.5, 60450.0], [114570.0, 45210.0], [114567.5, 12160.0], [114565.0, 34480.0], [114560.0, 9190.0], [114557.5, 43020.0], [114550.0, 11060.0], [114547.5, 39690.0], [114545.0, 2160.0], [114535.0, 660.0], [114532.5, 2190.0], [114527.5, 1490.0], [114525.0, 4980.0], [114522.5, 650.0], [114520.0, 2180.0], [114517.5, 900.0], [114515.0, 3000.0], [114497.5, 650.0]], "asks": [[114582.5, 9980.0], [114587.5, 5700.0], [114590.0, 12700.0], [114592.5, 89690.0], [114595.0, 44000.0], [114597.5, 2330.0], [114602.5, 42190.0], [114610.0, 2170.0], [114612.5, 34710.0], [114615.0, 4980.0], [114627.5, 2190.0], [114630.0, 41570.0], [114637.5, 650.0], [114640.0, 2170.0], [114650.0, 660.0], [114652.5, 2170.0], [114655.0, 20.0], [114657.5, 900.0], [114660.0, 3650.0], [114665.0, 2160.0]]}}}
{"jsonrpc": "2.0", "method": "subscription", "params": {"channel": "book.BTC-3OCT25.none.20.100ms", "data": {"timestamp": 1759264092308, "change_id": 119343857994, "instrument_name": "BTC-3OCT25", "bids": [[114462.5, 32920.0], [114460.0, 16020.0], [114457.5, 44000.0], [114455.0, 29190.0], [114452.5, 70480.0], [114445.0, 12750.0], [114442.5, 34630.0], [114440.0, 12870.0], [114437.5, 4790.0], [114435.0, 27860.0], [114432.5, 34630.0], [114427.5, 990.0], [114425.0, 3310.0], [114422.5, 1420.0], [114420.0, 4730.0], [114415.0, 11700.0], [114412.5, 39000.0], [114410.0, 950.0], [114405.0, 3150.0], [114397.5, 900.0]], "asks": [[114465.0, 10590.0], [114470.0, 160.0], [114472.5, 9400.0], [114475.0, 41630.0], [114477.5, 3100.0], [114480.0, 54730.0], [114482.5, 34630.0], [114485.0, 10480.0], [114487.5, 58230.0], [114490.0, 13530.0], [114492.5, 34630.0], [114495.0, 2020.0], [114497.5, 2000.0], [114500.0, 5650.0], [114502.5, 3070.0], [114550.0, 12530.0], [114552.5, 3150.0], [114555.0, 39000.0], [114557.5, 900.0], [114560.0, 3000.0]]}}}
{"jsonrpc": "2.0", "method": "subscription", "params": {"channel": "book.BTC-3OCT25.none.20.100ms", "data": {"timestamp": 1759264092768, "change_id": 119343858462, "instrument_name": "BTC-3OCT25", "bids": [[114462.5, 32920.0], [114460.0, 16020.0], [114457.5, 44000.0], [114455.0, 29190.0], [114452.5, 70480.0], [114445.0, 12750.0], [114442.5, 34630.0], [114440.0, 12870.0], [114437.5, 4790.0], [114435.0, 27860.0], [114432.5, 34630.0], [114427.5, 990.0], [114425.0, 3310.0], [114422.5, 1420.0], [114420.0, 4730.0], [114415.0, 11700.0], [114412.5, 39000.0], [114410.0, 950.0], [114405.0, 3150.0], [114397.5, 900.0]], "asks": [[114465.0, 19990.0], [114470.0, 160.0], [114472.5, 9400.0], [114475.0, 41630.0], [114477.5, 3100.0], [114480.0, 54730.0], [114482.5, 34630.0], [114485.0, 10480.0], [114487.5, 58230.0], [114490.0, 13530.0], [114492.5, 34630.0], [114495.0, 2020.0], [114497.5, 2000.0], [114500.0, 5650.0], [114502.5, 3070.0], [114550.0, 12530.0], [114552.5, 3150.0], [114555.0, 39000.0], [114557.5, 900.0], [114560.0, 3000.0]]}}}
{"jsonrpc": "2.0", "method": "subscription", "params": {"channel": "book.BTC-10OCT25.none.20.100ms", "data": {"timestamp": 1759264093057, "change_id": 119343858718, "instrument_name": "BTC-10OCT25", "bids": [[114580.0, 10020.0], [114575.0, 13980.0], [114572.5, 60450.0], [114570.0, 45210.0], [114567.5, 12160.0], [114565.0, 34480.0], [114560.0, 9190.0], [114557.5, 43020.0], [114550.0, 11060.0], [114547.5, 39690.0], [114545.0, 2160.0], [114535.0, 660.0], [114532.5, 2190.0], [114527.5, 1490.0], [114525.0, 4980.0], [114522.5, 650.0], [114520.0, 2180.0], [114517.5, 900.0], [114515.0, 3000.0], [114497.5, 650.0]], "asks": [[114582.5, 12170.0], [114587.5, 5700.0], [114590.0, 12700.0], [114592.5, 89690.0], [114595.0, 44000.0], [114597.5, 2330.0], [114602.5, 42190.0], [114610.0, 2170.0], [114612.5, 34710.0], [114615.0, 4980.0], [114627.5, 2190.0], [114630.0, 41570.0], [114637.5, 650.0], [114640.0, 2170.0], [114650.0, 660.0], [114652.5, 2170.0], [114655.0, 20.0], [114657.5, 900.0], [114660.0, 3650.0], [114665.0, 2160.0]]}}}
{"jsonrpc": "2.0", "method": "subscription", "params": {"channel": "book.BTC-3OCT25.none.20.100ms", "data": {"timestamp": 1759264093064, "change_id": 119343858723, "instrument_name": "BTC-3OCT25", "bids": [[114462.5, 32920.0], [114460.0, 16020.0], [114457.5, 44000.0], [114455.0, 29190.0], [114452.5, 70480.0], [114445.0, 12750.0], [114442.5, 34630.0], [114440.0, 12870.0], [114437.5, 4790.0], [114435.0, 27860.0], [114432.5, 34630.0], [114427.5, 990.0], [114425.0, 3310.0], [114422.5, 1420.0], [114420.0, 4730.0], [114412.5, 39000.0], [114410.0, 950.0], [114405.0, 3150.0], [114397.5, 900.0], [114395.0, 3000.0]], "asks": [[114465.0, 19990.0], [114470.0, 160.0], [114472.5, 9400.0], [114475.0, 41630.0], [114477.5, 3100.0], [114480.0, 54730.0], [114482.5, 34630.0], [114485.0, 10480.0], [114487.5, 58230.0], [114490.0, 13530.0], [114492.5, 34630.0], [114495.0, 2020.0], [114497.5, 2000.0], [114500.0, 5650.0], [114502.5, 3070.0], [114550.0, 12530.0], [114552.5, 3150.0], [114555.0, 39000.0], [114557.5, 900.0], [114560.0, 3000.0]]}}}
{"jsonrpc": "2.0", "method": "subscription", "params": {"channel": "book.BTC-10OCT25.none.20.100ms", "data": {"timestamp": 1759264093502, "change_id": 119343859177, "instrument_name": "BTC-10OCT25", "bids": [[114580.0, 10020.0], [114575.0, 13980.0], [114572.5, 60450.0], [114570.0, 45210.0], [114567.5, 12160.0], [114565.0, 34480.0], [114560.0, 9190.0], [114557.5, 43020.0], [114550.0, 11060.0], [114547.5, 39690.0], [114545.0, 2160.0], [114535.0, 660.0], [114532.5, 2190.0], [114527.5, 1490.0], [114525.0, 4980.0], [114522.5, 650.0], [114520.0, 2180.0], [114517.5, 900.0], [114515.0, 3000.0], [114497.5, 650.0]], "asks": [[114582.5, 9980.0], [114587.5, 5700.0], [114590.0, 12700.0], [114592.5, 89690.0], [114595.0, 44000.0], [114597.5, 2330.0], [114602.5, 42190.0], [114610.0, 2170.0], [114612.5, 34710.0], [114615.0, 4980.0], [114627.5, 2190.0], [114630.0, 41570.0], [114637.5, 650.0], [114640.0, 2170.0], [114650.0, 660.0], [114652.5, 2170.0], [114655.0, 20.0], [114657.5, 900.0], [114660.0, 3650.0], [114665.0, 2160.0]]}}}
{"jsonrpc": "2.0", "method": "subscription", "params": {"channel": "book.BTC-10OCT25.none.20.100ms", "data": {"timestamp": 1759264093658, "change_id": 119343859430, "instrument_name": "BTC-10OCT25", "bids": [[114580.0, 10020.0], [114575.0, 13980.0], [114572.5, 60450.0], [114570.0, 45210.0], [114567.5, 12160.0], [114565.0, 34480.0], [114560.0, 9190.0], [114557.5, 43020.0], [114550.0, 11060.0], [114547.5, 39690.0], [114545.0, 2160.0], [114535.0, 660.0], [114532.5, 2190.0], [114527.5, 1490.0], [114525.0, 4980.0], [114522.5, 650.0], [114520.0, 2180.0], [114517.5, 900.0], [114515.0, 3000.0], [114497.5, 650.0]], "asks": [[114582.5, 9980.0], [114587.5, 5700.0], [114590.0, 12700.0], [114592.5, 89690.0], [114595.0, 44000.0], [114597.5, 2330.0], [114602.5, 42190.0], [114610.0, 2170.0], [114612.5, 34710.0], [114615.0, 4980.0], [114627.5, 2190.0], [114630.0, 41570.0], [114640.0, 2170.0], [114650.0, 660.0], [114652.5, 2170.0], [114655.0, 20.0], [114657.5, 900.0], [114660.0, 3650.0], [114665.0, 2160.0], [114675.0, 650.0]]}}}
{"jsonrpc": "2.0", "method": "subscription", "params": {"channel": "book.BTC-3OCT25.none.20.100ms", "data": {"timestamp": 1759264093607, "change_id": 119343859384, "instrument_name": "BTC-3OCT25", "bids": [[114462.5, 32920.0], [114460.0, 16020.0], [114457.5, 44000.0], [114455.0, 29190.0], [114452.5, 70480.0], [114445.0, 12750.0], [114442.5, 34630.0], [114440.0, 12870.0], [114437.5, 4790.0], [114435.0, 27860.0], [114432.5, 34630.0], [114427.5, 990.0], [114425.0, 3310.0], [114422.5, 1420.0], [114420.0, 4730.0], [114415.0, 11700.0], [114412.5, 39000.0], [114410.0, 950.0], [114405.0, 3150.0], [114397.5, 900.0]], "asks": [[114465.0, 19990.0], [114470.0, 160.0], [114472.5, 9400.0], [114475.0, 41630.0], [114477.5, 3100.0], [114480.0, 54730.0], [114482.5, 34630.0], [114485.0, 10480.0], [114487.5, 58230.0], [114490.0, 13530.0], [114492.5, 34630.0], [114495.0, 2020.0], [114497.5, 2000.0], [114500.0, 5650.0], [114502.5, 3070.0], [114550.0, 12530.0], [114552.5, 3150.0], [114555.0, 39000.0], [114557.5, 900.0], [114560.0, 3000.0]]}}}
{"jsonrpc": "2.0", "method": "subscription", "params": {"channel": "book.BTC-3OCT25.none.20.100ms", "data": {"timestamp": 1759264094476, "change_id": 119343860174, "instrument_name": "BTC-3OCT25", "bids": [[114462.5, 32920.0], [114460.0, 16020.0], [114457.5, 44000.0], [114455.0, 29190.0], [114452.5, 70480.0], [114445.0, 12750.0], [114442.5, 34630.0], [114440.0, 12870.0], [114437.5, 4790.0], [114435.0, 27860.0], [114432.5, 34630.0], [114427.5, 990.0], [114425.0, 3310.0], [114422.5, 1420.0], [114420.0, 4730.0], [114415.0, 11700.0], [114412.5, 39000.0], [114410.0, 950.0], [114405.0, 3150.0], [114397.5, 900.0]], "asks": [[114465.0, 19990.0], [114470.0, 160.0], [114472.5, 9400.0], [114475.0, 41630.0], [114477.5, 3100.0], [114480.0, 54730.0], [114482.5, 34630.0], [114485.0, 10480.0], [114487.5, 58230.0], [114490.0, 13530.0], [114492.5, 34630.0], [114495.0, 2020.0], [114497.5, 2000.0], [114500.0, 5650.0], [114502.5, 3070.0], [114550.0, 12530.0], [114552.5, 3150.0], [114555.0, 39000.0], [114562.5, 980.0], [114565.0, 7910.0]]}}}
{"jsonrpc": "2.0", "method": "subscription", "params": {"channel": "book.BTC-10OCT25.none.20.100ms", "data": {"timestamp": 1759264094610, "change_id": 119343860676, "instrument_name": "BTC-10OCT25", "bids": [[114580.0, 12210.0], [114575.0, 13980.0], [114572.5, 60450.0], [114570.0, 45210.0], [114567.5, 12160.0], [114565.0, 34480.0], [114560.0, 9190.0], [114557.5, 43020.0], [114550.0, 11060.0], [114547.5, 39690.0], [114545.0, 2160.0], [114535.0, 660.0], [114532.5, 2190.0], [114527.5, 1490.0], [114525.0, 4980.0], [114522.5, 650.0], [114520.0, 2180.0], [114517.5, 900.0], [114515.0, 3000.0], [114497.5, 650.0]], "asks": [[114582.5, 9980.0], [114587.5, 5700.0], [114590.0, 12700.0], [114592.5, 89690.0], [114595.0, 44000.0], [114597.5, 2330.0], [114602.5, 36710.0], [114610.0, 2170.0], [114612.5, 34710.0], [114615.0, 4980.0], [114627.5, 2190.0], [114630.0, 41570.0], [114640.0, 2170.0], [114650.0, 660.0], [114652.5, 2170.0], [114655.0, 20.0], [114660.0, 650.0], [114665.0, 2160.0], [114675.0, 650.0], [114677.5, 2170.0]]}}}
{"jsonrpc": "2.0", "method": "subscription", "params": {"channel": "book.BTC-3OCT25.none.20.100ms", "data": {"timestamp": 1759264094762, "change_id": 119343860680, "instrument_name": "BTC-3OCT25", "bids": [[114462.5, 32920.0], [114460.0, 16020.0], [114457.5, 44000.0], [114455.0, 29190.0], [114452.5, 70480.0], [114445.0, 12750.0], [114442.5, 34630.0], [114440.0, 12870.0], [114437.5, 4790.0], [114435.0, 27860.0], [114432.5, 34630.0], [114427.5, 990.0], [114425.0, 3310.0], [114422.5, 1420.0], [114420.0, 4730.0], [114415.0, 11700.0], [114412.5, 39000.0], [114410.0, 950.0], [114405.0, 3150.0], [114397.5, 900.0]], "asks": [[114465.0, 10590.0], [114470.0, 160.0], [114472.5, 9400.0], [114475.0, 41630.0], [114477.5, 3100.0], [114480.0, 54730.0], [114482.5, 34630.0], [114485.0, 10480.0], [114487.5, 45350.0], [114490.0, 13530.0], [114492.5, 34630.0], [114495.0, 2020.0], [114497.5, 2000.0], [114500.0, 5650.0], [114502.5, 3070.0], [114550.0, 950.0], [114552.5, 3150.0], [114560.0, 3000.0], [114562.5, 980.0], [114565.0, 7910.0]]}}}
{"jsonrpc": "2.0", "method": "subscription", "params": {"channel": "book.BTC-10OCT25.none.20.100ms", "data": {"timestamp": 1759264095152, "change_id": 119343861150, "instrument_name": "BTC-10OCT25", "bids": [[114580.0, 12210.0], [114575.0, 13980.0], [114572.5, 60450.0], [114570.0, 45210.0], [114567.5, 12160.0], [114565.0, 34480.0], [114560.0, 9190.0], [114557.5, 43020.0], [114550.0, 11060.0], [114547.5, 39690.0], [114545.0, 2160.0], [114535.0, 660.0], [114532.5, 2190.0], [114527.5, 1490.0], [114525.0, 4980.0], [114522.5, 650.0], [114520.0, 2180.0], [114517.5, 900.0], [114515.0, 3000.0], [114497.5, 650.0]], "asks": [[114582.5, 9980.0], [114587.5, 5700.0], [114590.0, 12700.0], [114592.5, 89690.0], [114595.0, 44000.0], [114597.5, 2330.0], [114602.5, 42180.0], [114610.0, 2170.0], [114612.5, 34710.0], [114615.0, 4980.0], [114627.5, 2190.0], [114630.0, 41570.0], [114640.0, 2170.0], [114650.0, 660.0], [114652.5, 2170.0], [114655.0, 20.0], [114660.0, 650.0], [114665.0, 2160.0], [114675.0, 650.0], [114677.5, 2170.0]]}}}
{"jsonrpc": "2.0", "method": "subscription", "params": {"channel": "book.BTC-3OCT25.none.20.100ms", "data": {"timestamp": 1759264095152, "change_id": 119343861151, "instrument_name": "BTC-3OCT25", "bids": [[114462.5, 32920.0], [114460.0, 16020.0], [114457.5, 44000.0], [114455.0, 29190.0], [114452.5, 70480.0], [114445.0, 12750.0], [114442.5, 34630.0], [114440.0, 12870.0], [114437.5, 4790.0], [114435.0, 27860.0], [114432.5, 34630.0], [114427.5, 990.0], [114425.0, 3310.0], [114422.5, 1420.0], [114420.0, 4730.0], [114415.0, 11700.0], [114412.5, 39000.0], [114410.0, 950.0], [114405.0, 3150.0], [114397.5, 900.0]], "asks": [[114465.0, 5860.0], [114470.0, 160.0], [114472.5, 9400.0], [114475.0, 41630.0], [114477.5, 3100.0], [114480.0, 54730.0], [114482.5, 34630.0], [114485.0, 10480.0], [114487.5, 58230.0], [114490.0, 13530.0], [114492.5, 34630.0], [114495.0, 2020.0], [114497.5, 2000.0], [114500.0, 5650.0], [114502.5, 3070.0], [114550.0, 950.0], [114552.5, 3150.0], [114555.0, 39000.0], [114560.0, 3000.0], [114562.5, 980.0]]}}}
{"jsonrpc": "2.0", "method": "subscription", "params": {"channel": "book.BTC-10OCT25.none.20.100ms", "data": {"timestamp": 1759264095478, "change_id": 119343861992, "instrument_name": "BTC-10OCT25", "bids": [[114580.0, 11710.0], [114575.0, 20070.0], [114572.5, 60450.0], [114570.0, 45210.0], [114567.5, 7180.0], [114565.0, 34480.0], [114560.0, 9190.0], [114557.5, 43020.0], [114550.0, 11060.0], [114547.5, 42690.0], [114545.0, 2160.0], [114535.0, 660.0], [114532.5, 2190.0], [114527.5, 1490.0], [114525.0, 4980.0], [114520.0, 2180.0], [114517.5, 3000.0], [114497.5, 650.0], [114495.0, 2170.0], [114487.5, 3900.0]], "asks": [[114582.5, 4980.0], [114592.5, 9980.0], [114597.5, 2330.0], [114602.5, 2000.0], [114605.0, 50000.0], [114607.5, 44000.0], [114610.0, 2170.0], [114615.0, 4980.0], [114627.5, 2190.0], [114630.0, 41570.0], [114640.0, 2170.0], [114650.0, 660.0], [114652.5, 2170.0], [114655.0, 20.0], [114662.5, 650.0], [114665.0, 2160.0], [114675.0, 650.0], [114677.5, 2170.0], [114690.0, 2170.0], [114702.5, 8580.0]]}}}
{"jsonrpc": "2.0", "method": "subscription", "params": {"channel": "book.BTC-3OCT25.none.20.100ms", "data": {"timestamp": 1759264095504, "change_id": 119343861973, "instrument_name": "BTC-3OCT25", "bids": [[114462.5, 30090.0], [114460.0, 16020.0], [114457.5, 44000.0], [114455.0, 29190.0], [114452.5, 70480.0], [114450.0, 1500.0], [114447.5, 5000.0], [114445.0, 14250.0], [114442.5, 34630.0], [114440.0, 7870.0], [114437.5, 4950.0], [114435.0, 27860.0], [114432.5, 34630.0], [114425.0, 3150.0], [114405.0, 3150.0], [114397.5, 900.0], [114395.0, 3000.0], [114387.5, 1440.0], [114385.0, 3040.0], [114380.0, 940.0]], "asks": [[114465.0, 860.0], [114475.0, 5000.0], [114480.0, 4730.0], [114485.0, 50160.0], [114487.5, 44000.0], [114490.0, 3140.0], [114495.0, 2020.0], [114497.5, 2000.0], [114500.0, 5650.0], [114502.5, 3070.0], [114552.5, 3150.0], [114562.5, 40.0], [114565.0, 3140.0], [114567.5, 15890.0], [114570.0, 12460.0], [114572.5, 41540.0], [114577.5, 3140.0], [114580.0, 7500.0], [114582.5, 25010.0], [114590.0, 3150.0]]}}}
