{"jsonrpc": "2.0", "method": "subscription", "params": {"channel": "book.BTC-14NOV25.none.20.100ms", "data": {"timestamp": 1762153347935, "change_id": 124894190582, "instrument_name": "BTC-14NOV25", "bids": [[107540.0, 6710.0], [107532.5, 24050.0], [107530.0, 80570.0], [107525.0, 15520.0], [107522.5, 48410.0], [107520.0, 7200.0], [107517.5, 11940.0], [107515.0, 26210.0], [107512.5, 35410.0], [107502.5, 17210.0], [107492.5, 3000.0], [107490.0, 6340.0], [107487.5, 1220.0], [107467.5, 250.0], [107465.0, 1220.0], [107462.5, 3000.0], [107427.5, 1270.0], [107402.5, 7570.0], [107362.5, 2370.0], [107360.0, 1270.0]], "asks": [[107542.5, 10000.0], [107545.0, 1070.0], [107547.5, 3600.0], [107557.5, 15940.0], [107560.0, 55150.0], [107562.5, 46270.0], [107570.0, 160.0], [107577.5, 38680.0], [107582.5, 14930.0], [107585.0, 50000.0], [107625.0, 1270.0], [107637.5, 14970.0], [107640.0, 45910.0], [107650.0, 1270.0], [107660.0, 15690.0], [107662.5, 1270.0], [107675.0, 1270.0], [107690.0, 5540.0], [107692.5, 18550.0], [107700.0, 1270.0]]}}}
{"jsonrpc": "2.0", "method": "subscription", "params": {"channel": "book.BTC-7NOV25.none.20.100ms", "data": {"timestamp": 1762153347839, "change_id": 124894190526, "instrument_name": "BTC-7NOV25", "bids": [[107452.5, 3490.0], [107447.5, 1770.0], [107445.0, 5940.0], [107442.5, 10350.0], [107440.0, 49520.0], [107437.5, 48760.0], [107435.0, 13260.0], [107432.5, 38280.0], [107430.0, 630.0], [107427.5, 15950.0], [107425.0, 34680.0], [107422.5, 6710.0], [107417.5, 10000.0], [107407.5, 1630.0], [107400.0, 24340.0], [107397.5, 3000.0], [107395.0, 1630.0], [107392.5, 600.0], [107390.0, 2000.0], [107382.5, 1650.0]], "asks": [[107455.0, 10000.0], [107462.5, 27380.0], [107465.0, 79680.0], [107467.5, 1070.0], [107470.0, 16270.0], [107472.5, 42270.0], [107475.0, 160.0], [107477.5, 14930.0], [107480.0, 60350.0], [107482.5, 34680.0], [107522.5, 1630.0], [107535.0, 1650.0], [107560.0, 25090.0], [107567.5, 45910.0], [107572.5, 1650.0], [107582.5, 25090.0], [107585.0, 1640.0], [107607.5, 8090.0], [107610.0, 27100.0], [107660.0, 1650.0]]}}}
{"jsonrpc": "2.0", "method": "subscription", "params": {"channel": "book.BTC-14NOV25.none.20.100ms", "data": {"timestamp": 1762153348302, "change_id": 124894191666, "instrument_name": "BTC-14NOV25", "bids": [[107555.0, 4840.0], [107547.5, 22650.0], [107545.0, 80410.0], [107542.5, 2500.0], [107540.0, 3600.0], [107532.5, 17110.0], [107530.0, 35410.0], [107525.0, 5380.0], [107522.5, 45410.0], [107520.0, 1270.0], [107517.5, 11940.0], [107515.0, 26210.0], [107502.5, 17210.0], [107495.0, 3940.0], [107490.0, 6340.0], [107487.5, 1220.0], [107467.5, 250.0], [107465.0, 1220.0], [107430.0, 380.0], [107427.5, 1270.0]], "asks": [[107557.5, 13600.0], [107562.5, 1770.0], [107565.0, 16500.0], [107567.5, 35410.0], [107575.0, 23500.0], [107577.5, 83680.0], [107582.5, 14930.0], [107585.0, 50000.0], [107587.5, 25780.0], [107625.0, 1270.0], [107637.5, 1270.0], [107640.0, 45910.0], [107650.0, 1270.0], [107660.0, 15690.0], [107662.5, 1270.0], [107675.0, 1270.0], [107690.0, 5540.0], [107692.5, 18550.0], [107700.0, 1270.0], [107720.0, 1830.0]]}}}
{"jsonrpc": "2.0", "method": "subscription", "params": {"channel": "book.BTC-7NOV25.none.20.100ms", "data": {"timestamp": 1762153348210, "change_id": 124894191508, "instrument_name": "BTC-7NOV25", "bids": [[107452.5, 9430.0], [107447.5, 13210.0], [107445.0, 45000.0], [107442.5, 10350.0], [107440.0, 36290.0], [107437.5, 3760.0], [107435.0, 13260.0], [107432.5, 38280.0], [107430.0, 630.0], [107427.5, 15950.0], [107425.0, 44680.0], [107422.5, 6710.0], [107407.5, 1630.0], [107400.0, 24340.0], [107397.5, 3000.0], [107395.0, 14190.0], [107392.5, 600.0], [107390.0, 2000.0], [107382.5, 1650.0], [107367.5, 4610.0]], "asks": [[107455.0, 10000.0], [107470.0, 3600.0], [107475.0, 28360.0], [107477.5, 45000.0], [107480.0, 62000.0], [107482.5, 34680.0], [107485.0, 5940.0], [107492.5, 160.0], [107522.5, 1630.0], [107535.0, 1650.0], [107560.0, 25090.0], [107567.5, 45910.0], [107572.5, 1650.0], [107582.5, 25090.0], [107585.0, 1640.0], [107610.0, 27100.0], [107660.0, 1650.0], [107662.5, 50460.0], [107672.5, 1650.0], [107697.5, 1650.0]]}}}
{"jsonrpc": "2.0", "method": "subscription", "params": {"channel": "book.BTC-14NOV25.none.20.100ms", "data": {"timestamp": 1762153348511, "change_id": 124894192072, "instrument_name": "BTC-14NOV25", "bids": [[107555.0, 8040.0], [107552.5, 1070.0], [107550.0, 3600.0], [107547.5, 22650.0], [107545.0, 80840.0], [107542.5, 1430.0], [107532.5, 17110.0], [107530.0, 35410.0], [107525.0, 5380.0], [107522.5, 45410.0], [107520.0, 1270.0], [107517.5, 11940.0], [107502.5, 17210.0], [107495.0, 3940.0], [107490.0, 6340.0], [107487.5, 1220.0], [107467.5, 250.0], [107465.0, 1220.0], [107430.0, 380.0], [107427.5, 1270.0]], "asks": [[107557.5, 10000.0], [107562.5, 6220.0], [107565.0, 20100.0], [107567.5, 35410.0], [107575.0, 23500.0], [107577.5, 83680.0], [107582.5, 14930.0], [107585.0, 57700.0], [107587.5, 25780.0], [107622.5, 380.0], [107625.0, 1270.0], [107637.5, 1270.0], [107640.0, 45910.0], [107650.0, 1270.0], [107657.5, 4680.0], [107660.0, 15690.0], [107662.5, 1270.0], [107675.0, 1270.0], [107690.0, 5540.0], [107692.5, 18550.0]]}}}
{"jsonrpc": "2.0", "method": "subscription", "params": {"channel": "book.BTC-7NOV25.none.20.100ms", "data": {"timestamp": 1762153348341, "change_id": 124894192247, "instrument_name": "BTC-7NOV25", "bids": [[107452.5, 9430.0], [107450.0, 160.0], [107447.5, 13210.0], [107445.0, 45000.0], [107442.5, 10350.0], [107440.0, 36290.0], [107437.5, 3600.0], [107435.0, 13260.0], [107432.5, 38280.0], [107430.0, 630.0], [107427.5, 38100.0], [107425.0, 122020.0], [107422.5, 6710.0], [107407.5, 1630.0], [107400.0, 24340.0], [107397.5, 3000.0], [107395.0, 14190.0], [107392.5, 600.0], [107390.0, 2000.0], [107382.5, 1650.0]], "asks": [[107455.0, 10000.0], [107467.5, 1070.0], [107470.0, 3600.0], [107472.5, 10350.0], [107475.0, 63040.0], [107477.5, 45000.0], [107480.0, 62000.0], [107482.5, 34680.0], [107485.0, 5940.0], [107492.5, 160.0], [107522.5, 1630.0], [107535.0, 1650.0], [107560.0, 25090.0], [107567.5, 45910.0], [107572.5, 1650.0], [107582.5, 25090.0], [107585.0, 1640.0], [107610.0, 27100.0], [107660.0, 1650.0], [107662.5, 50460.0]]}}}
{"jsonrpc": "2.0", "method": "subscription", "params": {"channel": "book.BTC-14NOV25.none.20.100ms", "data": {"timestamp": 1762153348963, "change_id": 124894193162, "instrument_name": "BTC-14NOV25", "bids": [[107555.0, 4840.0], [107547.5, 10570.0], [107545.0, 49210.0], [107542.5, 1430.0], [107540.0, 45000.0], [107535.0, 12510.0], [107532.5, 6490.0], [107530.0, 35410.0], [107527.5, 28040.0], [107525.0, 5380.0], [107522.5, 45410.0], [107520.0, 1270.0], [107517.5, 11940.0], [107502.5, 17210.0], [107495.0, 3940.0], [107490.0, 6340.0], [107487.5, 1220.0], [107467.5, 250.0], [107465.0, 1220.0], [107430.0, 380.0]], "asks": [[107557.5, 10000.0], [107562.5, 6220.0], [107565.0, 32180.0], [107567.5, 35410.0], [107570.0, 45000.0], [107575.0, 11550.0], [107577.5, 38680.0], [107582.5, 14930.0], [107585.0, 57700.0], [107587.5, 25780.0], [107622.5, 380.0], [107625.0, 1270.0], [107637.5, 1270.0], [107640.0, 45910.0], [107650.0, 1270.0], [107657.5, 4680.0], [107660.0, 15690.0], [107662.5, 1270.0], [107675.0, 1270.0], [107690.0, 5540.0]]}}}
{"jsonrpc": "2.0", "method": "subscription", "params": {"channel": "book.BTC-7NOV25.none.20.100ms", "data": {"timestamp": 1762153348973, "change_id": 124894193178, "instrument_name": "BTC-7NOV25", "bids": [[107452.5, 9430.0], [107450.0, 160.0], [107447.5, 13210.0], [107445.0, 45000.0], [107442.5, 10350.0], [107440.0, 36290.0], [107437.5, 3600.0], [107435.0, 13260.0], [107432.5, 38280.0], [107430.0, 630.0], [107427.5, 38100.0], [107425.0, 122020.0], [107422.5, 6710.0], [107407.5, 1630.0], [107402.5, 7270.0], [107400.0, 24340.0], [107397.5, 3000.0], [107395.0, 14190.0], [107392.5, 600.0], [107390.0, 2000.0]], "asks": [[107455.0, 10000.0], [107467.5, 16020.0], [107470.0, 48600.0], [107472.5, 10350.0], [107475.0, 50100.0], [107477.5, 5940.0], [107480.0, 62000.0], [107482.5, 34680.0], [107492.5, 160.0], [107520.0, 490.0], [107522.5, 1630.0], [107535.0, 1650.0], [107557.5, 7490.0], [107560.0, 25090.0], [107567.5, 45910.0], [107572.5, 1650.0], [107582.5, 25090.0], [107585.0, 1640.0], [107607.5, 8090.0], [107610.0, 27100.0]]}}}
{"jsonrpc": "2.0", "method": "subscription", "params": {"channel": "book.BTC-14NOV25.none.20.100ms", "data": {"timestamp": 1762153349272, "change_id": 124894193657, "instrument_name": "BTC-14NOV25", "bids": [[107555.0, 4840.0], [107552.5, 13430.0], [107550.0, 45000.0], [107547.5, 10570.0], [107545.0, 35840.0], [107542.5, 1430.0], [107535.0, 12510.0], [107532.5, 6490.0], [107530.0, 35410.0], [107527.5, 28040.0], [107525.0, 5380.0], [107522.5, 45410.0], [107520.0, 1270.0], [107517.5, 11940.0], [107502.5, 17210.0], [107495.0, 3940.0], [107490.0, 6340.0], [107487.5, 1220.0], [107467.5, 250.0], [107465.0, 1220.0]], "asks": [[107557.5, 10000.0], [107560.0, 1770.0], [107565.0, 16500.0], [107567.5, 35410.0], [107572.5, 13430.0], [107575.0, 56550.0], [107577.5, 38680.0], [107580.0, 14930.0], [107585.0, 57700.0], [107587.5, 25780.0], [107637.5, 1270.0], [107640.0, 45910.0], [107650.0, 1270.0], [107657.5, 4680.0], [107660.0, 15690.0], [107662.5, 1270.0], [107675.0, 1270.0], [107690.0, 5540.0], [107692.5, 18550.0], [107700.0, 1270.0]]}}}
{"jsonrpc": "2.0", "method": "subscription", "params": {"channel": "book.BTC-7NOV25.none.20.100ms", "data": {"timestamp": 1762153349272, "change_id": 124894193658, "instrument_name": "BTC-7NOV25", "bids": [[107452.5, 9430.0], [107450.0, 160.0], [107447.5, 13210.0], [107445.0, 45000.0], [107442.5, 10350.0], [107440.0, 36290.0], [107437.5, 3600.0], [107435.0, 13260.0], [107432.5, 38280.0], [107430.0, 630.0], [107427.5, 38100.0], [107425.0, 122020.0], [107422.5, 6710.0], [107407.5, 1630.0], [107402.5, 7270.0], [107400.0, 24340.0], [107397.5, 3000.0], [107395.0, 14190.0], [107392.5, 600.0], [107390.0, 2000.0]], "asks": [[107455.0, 10000.0], [107470.0, 3600.0], [107472.5, 22460.0], [107475.0, 95100.0], [107477.5, 5940.0], [107480.0, 62000.0], [107482.5, 34680.0], [107492.5, 160.0], [107520.0, 490.0], [107522.5, 1630.0], [107535.0, 1650.0], [107557.5, 7490.0], [107560.0, 25090.0], [107567.5, 45910.0], [107572.5, 1650.0], [107582.5, 25090.0], [107585.0, 1640.0], [107607.5, 8090.0], [107610.0, 27100.0], [107660.0, 1650.0]]}}}
{"jsonrpc": "2.0", "method": "subscription", "params": {"channel": "book.BTC-14NOV25.none.20.100ms", "data": {"timestamp": 1762153349503, "change_id": 124894194015, "instrument_name": "BTC-14NOV25", "bids": [[107555.0, 8440.0], [107552.5, 13430.0], [107550.0, 45000.0], [107547.5, 10570.0], [107545.0, 35840.0], [107542.5, 1430.0], [107535.0, 12510.0], [107532.5, 6490.0], [107530.0, 37480.0], [107527.5, 28040.0], [107525.0, 5380.0], [107522.5, 45410.0], [107520.0, 1270.0], [107517.5, 11940.0], [107502.5, 17210.0], [107495.0, 3940.0], [107490.0, 6340.0], [107487.5, 1220.0], [107467.5, 250.0], [107465.0, 1220.0]], "asks": [[107557.5, 13600.0], [107560.0, 2620.0], [107562.5, 3600.0], [107565.0, 16500.0], [107567.5, 35410.0], [107572.5, 13430.0], [107575.0, 56550.0], [107577.5, 38680.0], [107580.0, 14930.0], [107585.0, 57700.0], [107587.5, 25780.0], [107590.0, 1270.0], [107637.5, 14970.0], [107640.0, 45910.0], [107650.0, 1270.0], [107657.5, 4680.0], [107660.0, 15690.0], [107662.5, 1270.0], [107672.5, 380.0], [107675.0, 1270.0]]}}}
{"jsonrpc": "2.0", "method": "subscription", "params": {"channel": "book.BTC-7NOV25.none.20.100ms", "data": {"timestamp": 1762153349575, "change_id": 124894194113, "instrument_name": "BTC-7NOV25", "bids": [[107452.5, 9430.0], [107450.0, 160.0], [107447.5, 13210.0], [107445.0, 45000.0], [107442.5, 10350.0], [107440.0, 36290.0], [107437.5, 3600.0], [107435.0, 13260.0], [107432.5, 48280.0], [107430.0, 630.0], [107427.5, 38100.0], [107425.0, 112020.0], [107422.5, 6710.0], [107407.5, 1630.0], [107402.5, 7270.0], [107400.0, 24340.0], [107397.5, 3000.0], [107395.0, 14190.0], [107392.5, 600.0], [107390.0, 2000.0]], "asks": [[107455.0, 10000.0], [107470.0, 3600.0], [107472.5, 22460.0], [107475.0, 95100.0], [107477.5, 5940.0], [107480.0, 62000.0], [107482.5, 34680.0], [107492.5, 160.0], [107520.0, 490.0], [107522.5, 1630.0], [107535.0, 1650.0], [107557.5, 7490.0], [107560.0, 25090.0], [107567.5, 45910.0], [107572.5, 1650.0], [107582.5, 25090.0], [107585.0, 1640.0], [107607.5, 8090.0], [107610.0, 27100.0], [107660.0, 1650.0]]}}}
{"jsonrpc": "2.0", "method": "subscription", "params": {"channel": "book.BTC-14NOV25.none.20.100ms", "data": {"timestamp": 1762153349757, "change_id": 124894194611, "instrument_name": "BTC-14NOV25", "bids": [[107555.0, 4840.0], [107552.5, 13430.0], [107550.0, 45000.0], [107547.5, 10570.0], [107545.0, 35840.0], [107542.5, 1430.0], [107535.0, 12510.0], [107532.5, 6490.0], [107530.0, 47480.0], [107527.5, 28040.0], [107525.0, 5380.0], [107522.5, 35410.0], [107520.0, 1270.0], [107517.5, 11940.0], [107502.5, 17210.0], [107495.0, 3940.0], [107490.0, 6340.0], [107487.5, 1220.0], [107467.5, 250.0], [107465.0, 1220.0]], "asks": [[107557.5, 13600.0], [107560.0, 2620.0], [107562.5, 3600.0], [107565.0, 16500.0], [107567.5, 35410.0], [107572.5, 13430.0], [107575.0, 56550.0], [107577.5, 38680.0], [107580.0, 14930.0], [107585.0, 57700.0], [107587.5, 25780.0], [107590.0, 1270.0], [107637.5, 14970.0], [107640.0, 45910.0], [107650.0, 1270.0], [107657.5, 4680.0], [107660.0, 15690.0], [107662.5, 1270.0], [107672.5, 380.0], [107675.0, 1270.0]]}}}
{"jsonrpc": "2.0", "method": "subscription", "params": {"channel": "book.BTC-7NOV25.none.20.100ms", "data": {"timestamp": 1762153349956, "change_id": 124894194851, "instrument_name": "BTC-7NOV25", "bids": [[107452.5, 9430.0], [107450.0, 160.0], [107447.5, 13210.0], [107445.0, 45000.0], [107442.5, 10350.0], [107440.0, 36290.0], [107437.5, 3600.0], [107435.0, 13260.0], [107432.5, 48280.0], [107430.0, 630.0], [107427.5, 38100.0], [107425.0, 114020.0], [107422.5, 6710.0], [107407.5, 1630.0], [107402.5, 7270.0], [107400.0, 24340.0], [107397.5, 3000.0], [107395.0, 14970.0], [107392.5, 600.0], [107390.0, 2000.0]], "asks": [[107455.0, 10000.0], [107467.5, 1070.0], [107470.0, 3600.0], [107472.5, 22460.0], [107475.0, 95100.0], [107477.5, 5940.0], [107480.0, 62000.0], [107482.5, 34680.0], [107492.5, 160.0], [107520.0, 490.0], [107522.5, 1630.0], [107532.5, 490.0], [107535.0, 1650.0], [107557.5, 7490.0], [107560.0, 25090.0], [107565.0, 13700.0], [107567.5, 45910.0], [107572.5, 1650.0], [107582.5, 25090.0], [107585.0, 1640.0]]}}}
{"jsonrpc": "2.0", "method": "subscription", "params": {"channel": "book.BTC-14NOV25.none.20.100ms", "data": {"timestamp": 1762153350271, "change_id": 124894195583, "instrument_name": "BTC-14NOV25", "bids": [[107570.0, 1840.0], [107560.0, 35410.0], [107557.5, 3600.0], [107555.0, 7820.0], [107552.5, 13430.0], [107550.0, 45000.0], [107547.5, 7860.0], [107545.0, 35410.0], [107542.5, 12000.0], [107540.0, 35410.0], [107535.0, 4510.0], [107532.5, 5930.0], [107530.0, 15720.0], [107527.5, 28040.0], [107525.0, 9340.0], [107520.0, 1270.0], [107517.5, 11940.0], [107502.5, 17210.0], [107495.0, 3000.0], [107487.5, 1220.0]], "asks": [[107572.5, 13600.0], [107575.0, 45980.0], [107577.5, 3270.0], [107582.5, 14930.0], [107585.0, 58070.0], [107587.5, 25780.0], [107590.0, 11840.0], [107592.5, 35410.0], [107600.0, 10570.0], [107602.5, 36630.0], [107637.5, 14970.0], [107640.0, 45910.0], [107647.5, 380.0], [107650.0, 1270.0], [107657.5, 4680.0], [107660.0, 16070.0], [107662.5, 1270.0], [107672.5, 380.0], [107675.0, 1270.0], [107690.0, 5540.0]]}}}
{"jsonrpc": "2.0", "method": "subscription", "params": {"channel": "book.BTC-7NOV25.none.20.100ms", "data": {"timestamp": 1762153350277, "change_id": 124894195470, "instrument_name": "BTC-7NOV25", "bids": [[107452.5, 9430.0], [107450.0, 160.0], [107447.5, 13210.0], [107445.0, 45000.0], [107442.5, 10350.0], [107440.0, 36290.0], [107437.5, 3600.0], [107435.0, 18510.0], [107432.5, 48280.0], [107430.0, 13190.0], [107427.5, 38100.0], [107425.0, 114020.0], [107422.5, 6710.0], [107407.5, 1630.0], [107402.5, 7270.0], [107400.0, 24340.0], [107397.5, 3000.0], [107395.0, 2410.0], [107392.5, 600.0], [107390.0, 2000.0]], "asks": [[107455.0, 10000.0], [107475.0, 45000.0], [107480.0, 51650.0], [107482.5, 10350.0], [107485.0, 34680.0], [107492.5, 160.0], [107520.0, 490.0], [107522.5, 1630.0], [107532.5, 490.0], [107535.0, 1650.0], [107557.5, 7490.0], [107560.0, 25090.0], [107565.0, 13700.0], [107567.5, 45910.0], [107572.5, 1650.0], [107582.5, 25090.0], [107585.0, 1640.0], [107607.5, 8090.0], [107610.0, 27100.0], [107660.0, 1650.0]]}}}
{"jsonrpc": "2.0", "method": "subscription", "params": {"channel": "book.BTC-14NOV25.none.20.100ms", "data": {"timestamp": 1762153350406, "change_id": 124894196334, "instrument_name": "BTC-14NOV25", "bids": [[107557.5, 5440.0], [107555.0, 3000.0], [107552.5, 13430.0], [107550.0, 45000.0], [107547.5, 7300.0], [107545.0, 35840.0], [107542.5, 1430.0], [107540.0, 10740.0], [107537.5, 35410.0], [107535.0, 3300.0], [107530.0, 14370.0], [107527.5, 63450.0], [107525.0, 9340.0], [107520.0, 1270.0], [107517.5, 11940.0], [107502.5, 17210.0], [107495.0, 3000.0], [107487.5, 1220.0], [107467.5, 250.0], [107465.0, 1220.0]], "asks": [[107562.5, 10000.0], [107567.5, 1070.0], [107570.0, 22870.0], [107572.5, 44940.0], [107575.0, 45980.0], [107577.5, 3270.0], [107582.5, 14930.0], [107585.0, 58070.0], [107587.5, 25780.0], [107590.0, 11840.0], [107592.5, 35410.0], [107600.0, 360.0], [107602.5, 1220.0], [107637.5, 14970.0], [107640.0, 45910.0], [107647.5, 380.0], [107650.0, 1270.0], [107657.5, 4680.0], [107660.0, 16070.0], [107662.5, 1270.0]]}}}
{"jsonrpc": "2.0", "method": "subscription", "params": {"channel": "book.BTC-7NOV25.none.20.100ms", "data": {"timestamp": 1762153350355, "change_id": 124894196281, "instrument_name": "BTC-7NOV25", "bids": [[107452.5, 9430.0], [107450.0, 160.0], [107447.5, 13210.0], [107445.0, 45000.0], [107442.5, 10350.0], [107440.0, 36290.0], [107437.5, 3600.0], [107435.0, 18510.0], [107432.5, 48280.0], [107430.0, 13190.0], [107427.5, 38100.0], [107425.0, 114020.0], [107422.5, 6710.0], [107407.5, 1630.0], [107402.5, 7270.0], [107400.0, 24340.0], [107397.5, 3000.0], [107395.0, 2410.0], [107392.5, 600.0], [107390.0, 2000.0]], "asks": [[107455.0, 10000.0], [107472.5, 23780.0], [107475.0, 79680.0], [107477.5, 15420.0], [107480.0, 51650.0], [107482.5, 16290.0], [107485.0, 34680.0], [107492.5, 160.0], [107520.0, 490.0], [107522.5, 1630.0], [107532.5, 490.0], [107535.0, 1650.0], [107557.5, 7490.0], [107560.0, 25090.0], [107565.0, 13700.0], [107567.5, 45910.0], [107572.5, 1650.0], [107582.5, 25090.0], [107585.0, 1640.0], [107607.5, 8090.0]]}}}
{"jsonrpc": "2.0", "method": "subscription", "params": {"channel": "book.BTC-14NOV25.none.20.100ms", "data": {"timestamp": 1762153350865, "change_id": 124894197097, "instrument_name": "BTC-14NOV25", "bids": [[107557.5, 1840.0], [107547.5, 7300.0], [107545.0, 36680.0], [107542.5, 4430.0], [107540.0, 22800.0], [107537.5, 80410.0], [107535.0, 4960.0], [107530.0, 20300.0], [107527.5, 63450.0], [107525.0, 6340.0], [107520.0, 1270.0], [107517.5, 11940.0], [107512.5, 3000.0], [107502.5, 17210.0], [107487.5, 1220.0], [107482.5, 3000.0], [107467.5, 250.0], [107465.0, 1220.0], [107430.0, 6300.0], [107427.5, 1270.0]], "asks": [[107562.5, 15930.0], [107567.5, 1070.0], [107570.0, 22870.0], [107572.5, 39010.0], [107575.0, 45980.0], [107577.5, 3270.0], [107582.5, 14930.0], [107585.0, 58070.0], [107587.5, 25780.0], [107590.0, 11840.0], [107592.5, 35410.0], [107600.0, 360.0], [107602.5, 1220.0], [107637.5, 14970.0], [107640.0, 45910.0], [107647.5, 380.0], [107650.0, 1270.0], [107657.5, 4680.0], [107660.0, 16070.0], [107662.5, 1270.0]]}}}
{"jsonrpc": "2.0", "method": "subscription", "params": {"channel": "book.BTC-7NOV25.none.20.100ms", "data": {"timestamp": 1762153350848, "change_id": 124894197069, "instrument_name": "BTC-7NOV25", "bids": [[107452.5, 9430.0], [107450.0, 160.0], [107447.5, 13210.0], [107445.0, 45000.0], [107442.5, 10350.0], [107440.0, 36290.0], [107437.5, 3600.0], [107435.0, 18510.0], [107432.5, 48280.0], [107430.0, 13190.0], [107427.5, 38100.0], [107425.0, 114020.0], [107422.5, 6710.0], [107407.5, 1630.0], [107402.5, 7270.0], [107400.0, 24340.0], [107397.5, 3000.0], [107395.0, 2410.0], [107392.5, 600.0], [107390.0, 2000.0]], "asks": [[107455.0, 10000.0], [107467.5, 1620.0], [107472.5, 23780.0], [107475.0, 79680.0], [107477.5, 15420.0], [107480.0, 51650.0], [107482.5, 16290.0], [107485.0, 34680.0], [107492.5, 160.0], [107520.0, 490.0], [107522.5, 1630.0], [107532.5, 490.0], [107535.0, 1650.0], [107557.5, 7490.0], [107560.0, 25090.0], [107565.0, 13700.0], [107567.5, 45910.0], [107572.5, 1650.0], [107582.5, 25090.0], [107585.0, 1640.0]]}}}
{"jsonrpc": "2.0", "method": "subscription", "params": {"channel": "book.BTC-14NOV25.none.20.100ms", "data": {"timestamp": 1762153351291, "change_id": 124894198454, "instrument_name": "BTC-14NOV25", "bids": [[107535.0, 5440.0], [107527.5, 160.0], [107525.0, 45000.0], [107522.5, 44750.0], [107520.0, 1270.0], [107515.0, 5930.0], [107512.5, 35410.0], [107510.0, 560.0], [107502.5, 17210.0], [107492.5, 3000.0], [107487.5, 1220.0], [107467.5, 250.0], [107465.0, 1220.0], [107462.5, 3000.0], [107452.5, 1220.0], [107430.0, 6300.0], [107427.5, 1270.0], [107402.5, 1270.0], [107362.5, 2370.0], [107360.0, 1270.0]], "asks": [[107542.5, 5930.0], [107552.5, 1220.0], [107557.5, 48600.0], [107560.0, 3600.0], [107562.5, 45570.0], [107565.0, 1220.0], [107572.5, 35410.0], [107577.5, 3270.0], [107585.0, 50000.0], [107587.5, 25620.0], [107590.0, 1270.0], [107602.5, 1220.0], [107637.5, 1270.0], [107640.0, 45910.0], [107650.0, 1270.0], [107660.0, 15690.0], [107662.5, 1270.0], [107675.0, 1270.0], [107692.5, 18550.0], [107700.0, 1270.0]]}}}
{"jsonrpc": "2.0", "method": "subscription", "params": {"channel": "book.BTC-7NOV25.none.20.100ms", "data": {"timestamp": 1762153351283, "change_id": 124894198419, "instrument_name": "BTC-7NOV25", "bids": [[107447.5, 1840.0], [107440.0, 1620.0], [107437.5, 9540.0], [107432.5, 48760.0], [107430.0, 12560.0], [107427.5, 3000.0], [107425.0, 35310.0], [107422.5, 1650.0], [107407.5, 1630.0], [107400.0, 24340.0], [107397.5, 3000.0], [107395.0, 1630.0], [107392.5, 600.0], [107390.0, 2000.0], [107382.5, 1650.0], [107367.5, 4610.0], [107342.5, 25320.0], [107337.5, 1600.0], [107330.0, 210.0], [107325.0, 1630.0]], "asks": [[107452.5, 1620.0], [107455.0, 10000.0], [107457.5, 45000.0], [107462.5, 5940.0], [107465.0, 34680.0], [107467.5, 1780.0], [107475.0, 34680.0], [107480.0, 51650.0], [107485.0, 34680.0], [107522.5, 1630.0], [107535.0, 1650.0], [107560.0, 25090.0], [107567.5, 45910.0], [107572.5, 1650.0], [107582.5, 25090.0], [107585.0, 1640.0], [107610.0, 27100.0], [107660.0, 1650.0], [107662.5, 50460.0], [107697.5, 1650.0]]}}}
{"jsonrpc": "2.0", "method": "subscription", "params": {"channel": "book.BTC-14NOV25.none.20.100ms", "data": {"timestamp": 1762153351516, "change_id": 124894199813, "instrument_name": "BTC-14NOV25", "bids": [[107525.0, 3600.0], [107522.5, 7820.0], [107520.0, 45000.0], [107512.5, 35570.0], [107510.0, 560.0], [107505.0, 47680.0], [107502.5, 17210.0], [107492.5, 38410.0], [107487.5, 1220.0], [107467.5, 250.0], [107465.0, 1220.0], [107462.5, 3000.0], [107452.5, 1220.0], [107405.0, 6300.0], [107402.5, 1270.0], [107362.5, 2370.0], [107360.0, 1270.0], [107350.0, 18840.0], [107280.0, 1230.0], [107270.0, 37960.0]], "asks": [[107532.5, 5930.0], [107540.0, 3600.0], [107542.5, 45000.0], [107550.0, 3600.0], [107552.5, 36630.0], [107562.5, 95570.0], [107565.0, 1220.0], [107572.5, 35410.0], [107577.5, 3270.0], [107587.5, 25620.0], [107602.5, 1220.0], [107637.5, 1270.0], [107640.0, 45910.0], [107650.0, 1270.0], [107660.0, 15690.0], [107662.5, 1270.0], [107675.0, 1270.0], [107692.5, 18550.0], [107700.0, 1270.0], [107722.5, 6120.0]]}}}
{"jsonrpc": "2.0", "method": "subscription", "params": {"channel": "book.BTC-7NOV25.none.20.100ms", "data": {"timestamp": 1762153351611, "change_id": 124894200005, "instrument_name": "BTC-7NOV25", "bids": [[107440.0, 5600.0], [107432.5, 8420.0], [107430.0, 16160.0], [107427.5, 16950.0], [107425.0, 38280.0], [107422.5, 5940.0], [107420.0, 46620.0], [107417.5, 160.0], [107410.0, 34680.0], [107407.5, 1630.0], [107400.0, 24340.0], [107397.5, 3000.0], [107395.0, 1630.0], [107392.5, 600.0], [107390.0, 2000.0], [107382.5, 1650.0], [107367.5, 4610.0], [107342.5, 25320.0], [107337.5, 1600.0], [107330.0, 210.0]], "asks": [[107442.5, 45000.0], [107445.0, 480.0], [107447.5, 1620.0], [107455.0, 15940.0], [107465.0, 34680.0], [107467.5, 1780.0], [107472.5, 50000.0], [107475.0, 34680.0], [107480.0, 1650.0], [107485.0, 34680.0], [107522.5, 1630.0], [107535.0, 1650.0], [107560.0, 25090.0], [107567.5, 45910.0], [107572.5, 1650.0], [107582.5, 25090.0], [107585.0, 1640.0], [107610.0, 27100.0], [107660.0, 1650.0], [107662.5, 50460.0]]}}}
{"jsonrpc": "2.0", "method": "subscription", "params": {"channel": "book.BTC-14NOV25.none.20.100ms", "data": {"timestamp": 1762153351753, "change_id": 124894200605, "instrument_name": "BTC-14NOV25", "bids": [[107525.0, 3600.0], [107522.5, 21250.0], [107520.0, 45000.0], [107515.0, 10780.0], [107512.5, 35570.0], [107510.0, 560.0], [107507.5, 14230.0], [107505.0, 48250.0], [107502.5, 17210.0], [107500.0, 10000.0], [107492.5, 38410.0], [107487.5, 1220.0], [107467.5, 250.0], [107465.0, 1220.0], [107462.5, 3000.0], [107452.5, 1220.0], [107405.0, 6300.0], [107402.5, 1270.0], [107362.5, 2370.0], [107360.0, 1270.0]], "asks": [[107527.5, 10000.0], [107530.0, 1770.0], [107532.5, 5930.0], [107537.5, 1070.0], [107540.0, 17030.0], [107542.5, 45000.0], [107547.5, 1070.0], [107550.0, 14530.0], [107552.5, 36630.0], [107560.0, 25910.0], [107562.5, 85570.0], [107565.0, 1220.0], [107570.0, 10570.0], [107572.5, 35410.0], [107575.0, 980.0], [107577.5, 3270.0], [107585.0, 7650.0], [107587.5, 25620.0], [107600.0, 360.0], [107602.5, 1220.0]]}}}
{"jsonrpc": "2.0", "method": "subscription", "params": {"channel": "book.BTC-7NOV25.none.20.100ms", "data": {"timestamp": 1762153351829, "change_id": 124894200829, "instrument_name": "BTC-7NOV25", "bids": [[107432.5, 3600.0], [107430.0, 16160.0], [107427.5, 16950.0], [107425.0, 38280.0], [107422.5, 19860.0], [107420.0, 46620.0], [107417.5, 160.0], [107412.5, 10350.0], [107410.0, 35170.0], [107407.5, 1630.0], [107402.5, 10000.0], [107400.0, 24340.0], [107397.5, 3000.0], [107395.0, 1630.0], [107392.5, 600.0], [107390.0, 2000.0], [107382.5, 1650.0], [107367.5, 4610.0], [107342.5, 25320.0], [107337.5, 1600.0]], "asks": [[107435.0, 10000.0], [107442.5, 45000.0], [107445.0, 480.0], [107447.5, 1620.0], [107452.5, 1770.0], [107455.0, 5940.0], [107460.0, 25280.0], [107462.5, 50000.0], [107465.0, 35210.0], [107467.5, 1780.0], [107475.0, 34680.0], [107480.0, 1650.0], [107485.0, 34680.0], [107522.5, 1630.0], [107535.0, 1650.0], [107560.0, 25090.0], [107567.5, 45910.0], [107572.5, 1650.0], [107582.5, 25090.0], [107585.0, 1640.0]]}}}
{"jsonrpc": "2.0", "method": "subscription", "params": {"channel": "book.BTC-14NOV25.none.20.100ms", "data": {"timestamp": 1762153352272, "change_id": 124894201385, "instrument_name": "BTC-14NOV25", "bids": [[107525.0, 3600.0], [107522.5, 20030.0], [107520.0, 45000.0], [107515.0, 10780.0], [107512.5, 35570.0], [107510.0, 560.0], [107507.5, 14230.0], [107505.0, 48250.0], [107502.5, 17210.0], [107500.0, 10000.0], [107492.5, 38410.0], [107487.5, 1220.0], [107467.5, 250.0], [107465.0, 1220.0], [107462.5, 3000.0], [107452.5, 1220.0], [107405.0, 6300.0], [107402.5, 1270.0], [107387.5, 9490.0], [107362.5, 2370.0]], "asks": [[107527.5, 10000.0], [107530.0, 1770.0], [107532.5, 5930.0], [107535.0, 11640.0], [107537.5, 35410.0], [107540.0, 17030.0], [107542.5, 45000.0], [107547.5, 1070.0], [107550.0, 14530.0], [107552.5, 36630.0], [107560.0, 25910.0], [107562.5, 85570.0], [107565.0, 1220.0], [107575.0, 980.0], [107577.5, 3270.0], [107600.0, 360.0], [107602.5, 1220.0], [107637.5, 14970.0], [107640.0, 45910.0], [107647.5, 380.0]]}}}
{"jsonrpc": "2.0", "method": "subscription", "params": {"channel": "book.BTC-7NOV25.none.20.100ms", "data": {"timestamp": 1762153352271, "change_id": 124894201384, "instrument_name": "BTC-7NOV25", "bids": [[107432.5, 5600.0], [107430.0, 16160.0], [107427.5, 16950.0], [107425.0, 38280.0], [107422.5, 19860.0], [107420.0, 46620.0], [107417.5, 160.0], [107412.5, 10350.0], [107410.0, 35800.0], [107407.5, 1630.0], [107405.0, 10250.0], [107402.5, 44680.0], [107400.0, 24340.0], [107397.5, 3000.0], [107395.0, 1630.0], [107392.5, 600.0], [107390.0, 2000.0], [107382.5, 1650.0], [107367.5, 4610.0], [107345.0, 7560.0]], "asks": [[107435.0, 10000.0], [107442.5, 45000.0], [107445.0, 35160.0], [107447.5, 1620.0], [107452.5, 11900.0], [107455.0, 55550.0], [107457.5, 50000.0], [107462.5, 10350.0], [107465.0, 35210.0], [107467.5, 1780.0], [107480.0, 1650.0], [107522.5, 1630.0], [107535.0, 1650.0], [107557.5, 7490.0], [107560.0, 25090.0], [107567.5, 45910.0], [107572.5, 1650.0], [107582.5, 25090.0], [107585.0, 1640.0], [107610.0, 27100.0]]}}}
{"jsonrpc": "2.0", "method": "subscription", "params": {"channel": "book.BTC-14NOV25.none.20.100ms", "data": {"timestamp": 1762153352541, "change_id": 124894201907, "instrument_name": "BTC-14NOV25", "bids": [[107525.0, 4820.0], [107522.5, 20030.0], [107520.0, 45000.0], [107515.0, 10780.0], [107512.5, 35570.0], [107510.0, 560.0], [107507.5, 14800.0], [107505.0, 92780.0], [107502.5, 17210.0], [107500.0, 56400.0], [107492.5, 38410.0], [107487.5, 1220.0], [107467.5, 250.0], [107465.0, 1220.0], [107462.5, 3000.0], [107452.5, 1220.0], [107405.0, 6300.0], [107402.5, 1270.0], [107387.5, 9490.0], [107362.5, 2370.0]], "asks": [[107527.5, 10000.0], [107530.0, 1770.0], [107532.5, 5930.0], [107535.0, 11640.0], [107537.5, 35410.0], [107540.0, 13430.0], [107542.5, 45000.0], [107550.0, 10930.0], [107552.5, 36630.0], [107557.5, 14930.0], [107560.0, 60980.0], [107562.5, 35570.0], [107565.0, 1220.0], [107575.0, 980.0], [107577.5, 3270.0], [107600.0, 360.0], [107602.5, 1220.0], [107637.5, 14970.0], [107640.0, 45910.0], [107647.5, 380.0]]}}}
{"jsonrpc": "2.0", "method": "subscription", "params": {"channel": "book.BTC-7NOV25.none.20.100ms", "data": {"timestamp": 1762153352501, "change_id": 124894201854, "instrument_name": "BTC-7NOV25", "bids": [[107432.5, 7220.0], [107430.0, 16160.0], [107427.5, 16950.0], [107425.0, 38280.0], [107422.5, 19860.0], [107420.0, 46620.0], [107417.5, 160.0], [107412.5, 10350.0], [107410.0, 49010.0], [107407.5, 1630.0], [107405.0, 54740.0], [107402.5, 91030.0], [107400.0, 24340.0], [107397.5, 3000.0], [107395.0, 1630.0], [107392.5, 600.0], [107390.0, 2000.0], [107382.5, 1650.0], [107367.5, 4610.0], [107345.0, 7560.0]], "asks": [[107435.0, 10000.0], [107440.0, 17960.0], [107442.5, 45000.0], [107445.0, 35160.0], [107447.5, 1620.0], [107452.5, 25530.0], [107455.0, 90620.0], [107462.5, 10350.0], [107465.0, 35210.0], [107467.5, 1780.0], [107522.5, 1630.0], [107535.0, 1650.0], [107557.5, 7490.0], [107560.0, 25090.0], [107567.5, 45910.0], [107572.5, 1650.0], [107582.5, 25090.0], [107585.0, 1640.0], [107610.0, 27100.0], [107660.0, 1650.0]]}}}
{"jsonrpc": "2.0", "method": "subscription", "params": {"channel": "book.BTC-14NOV25.none.20.100ms", "data": {"timestamp": 1762153352887, "change_id": 124894203833, "instrument_name": "BTC-14NOV25", "bids": [[107522.5, 1840.0], [107517.5, 3600.0], [107512.5, 39010.0], [107510.0, 1220.0], [107507.5, 3000.0], [107505.0, 45000.0], [107502.5, 35410.0], [107497.5, 160.0], [107487.5, 7710.0], [107482.5, 10000.0], [107477.5, 3000.0], [107470.0, 6340.0], [107467.5, 250.0], [107465.0, 1220.0], [107457.5, 16430.0], [107452.5, 1220.0], [107447.5, 3000.0], [107402.5, 1270.0], [107390.0, 1220.0], [107387.5, 9490.0]], "asks": [[107525.0, 9530.0], [107527.5, 10000.0], [107530.0, 3600.0], [107535.0, 45000.0], [107537.5, 35410.0], [107540.0, 1220.0], [107545.0, 35410.0], [107550.0, 160.0], [107552.5, 36630.0], [107560.0, 50000.0], [107565.0, 1220.0], [107577.5, 3270.0], [107602.5, 1220.0], [107637.5, 1270.0], [107640.0, 45910.0], [107650.0, 1270.0], [107660.0, 15690.0], [107662.5, 1270.0], [107675.0, 1270.0], [107692.5, 18550.0]]}}}
{"jsonrpc": "2.0", "method": "subscription", "params": {"channel": "book.BTC-7NOV25.none.20.100ms", "data": {"timestamp": 1762153352646, "change_id": 124894203820, "instrument_name": "BTC-7NOV25", "bids": [[107432.5, 2000.0], [107425.0, 480.0], [107420.0, 1620.0], [107417.5, 1770.0], [107415.0, 5940.0], [107412.5, 13350.0], [107410.0, 49170.0], [107407.5, 46630.0], [107405.0, 10250.0], [107402.5, 34840.0], [107395.0, 1630.0], [107392.5, 600.0], [107390.0, 2000.0], [107387.5, 10000.0], [107382.5, 4650.0], [107377.5, 12560.0], [107367.5, 1610.0], [107355.0, 26340.0], [107352.5, 3000.0], [107337.5, 1600.0]], "asks": [[107435.0, 10000.0], [107440.0, 17960.0], [107442.5, 50940.0], [107445.0, 35160.0], [107447.5, 1620.0], [107452.5, 25530.0], [107455.0, 84840.0], [107462.5, 10350.0], [107465.0, 35210.0], [107467.5, 1620.0], [107522.5, 1630.0], [107535.0, 1650.0], [107557.5, 7490.0], [107560.0, 25090.0], [107567.5, 45910.0], [107572.5, 1650.0], [107582.5, 25090.0], [107585.0, 1640.0], [107610.0, 27100.0], [107660.0, 1650.0]]}}}
{"jsonrpc": "2.0", "method": "subscription", "params": {"channel": "book.BTC-14NOV25.none.20.100ms", "data": {"timestamp": 1762153353272, "change_id": 124894205663, "instrument_name": "BTC-14NOV25", "bids": [[107512.5, 13800.0], [107510.0, 46220.0], [107497.5, 160.0], [107490.0, 3030.0], [107487.5, 10150.0], [107467.5, 610.0], [107465.0, 1220.0], [107460.0, 5800.0], [107457.5, 19430.0], [107452.5, 1220.0], [107430.0, 900.0], [107427.5, 3000.0], [107405.0, 380.0], [107402.5, 1270.0], [107392.5, 360.0], [107390.0, 4050.0], [107387.5, 9490.0], [107380.0, 6300.0], [107377.5, 1220.0], [107362.5, 2370.0]], "asks": [[107517.5, 5930.0], [107522.5, 1070.0], [107525.0, 6590.0], [107527.5, 10000.0], [107537.5, 35570.0], [107540.0, 1220.0], [107542.5, 45000.0], [107545.0, 35410.0], [107552.5, 1220.0], [107560.0, 50000.0], [107565.0, 1220.0], [107575.0, 980.0], [107577.5, 3270.0], [107600.0, 360.0], [107602.5, 1220.0], [107637.5, 1270.0], [107640.0, 45910.0], [107650.0, 1270.0], [107660.0, 15690.0], [107662.5, 1270.0]]}}}
{"jsonrpc": "2.0", "method": "subscription", "params": {"channel": "book.BTC-7NOV25.none.20.100ms", "data": {"timestamp": 1762153353273, "change_id": 124894205670, "instrument_name": "BTC-7NOV25", "bids": [[107417.5, 1620.0], [107412.5, 45000.0], [107407.5, 5940.0], [107402.5, 160.0], [107395.0, 1630.0], [107392.5, 3600.0], [107390.0, 2000.0], [107385.0, 10000.0], [107382.5, 1650.0], [107370.0, 12560.0], [107367.5, 1610.0], [107362.5, 3000.0], [107355.0, 26340.0], [107337.5, 1600.0], [107332.5, 3000.0], [107330.0, 210.0], [107300.0, 1650.0], [107295.0, 25320.0], [107287.5, 1620.0], [107227.5, 24730.0]], "asks": [[107420.0, 10000.0], [107432.5, 1620.0], [107435.0, 5940.0], [107442.5, 45160.0], [107445.0, 34680.0], [107447.5, 1620.0], [107455.0, 84680.0], [107465.0, 34680.0], [107467.5, 1620.0], [107522.5, 1630.0], [107535.0, 1650.0], [107560.0, 25090.0], [107567.5, 45910.0], [107572.5, 1650.0], [107582.5, 25090.0], [107585.0, 1640.0], [107610.0, 27100.0], [107660.0, 1650.0], [107662.5, 50460.0], [107697.5, 1650.0]]}}}
{"jsonrpc": "2.0", "method": "subscription", "params": {"channel": "book.BTC-14NOV25.none.20.100ms", "data": {"timestamp": 1762153353376, "change_id": 124894206427, "instrument_name": "BTC-14NOV25", "bids": [[107512.5, 3000.0], [107510.0, 46220.0], [107497.5, 160.0], [107490.0, 5630.0], [107487.5, 10150.0], [107485.0, 10000.0], [107467.5, 610.0], [107465.0, 1220.0], [107460.0, 5800.0], [107457.5, 19430.0], [107455.0, 360.0], [107452.5, 1220.0], [107405.0, 380.0], [107402.5, 1270.0], [107392.5, 360.0], [107390.0, 4050.0], [107387.5, 9490.0], [107382.5, 1880.0], [107380.0, 6300.0], [107377.5, 1220.0]], "asks": [[107515.0, 10000.0], [107517.5, 5930.0], [107527.5, 1220.0], [107535.0, 10980.0], [107537.5, 35570.0], [107540.0, 1220.0], [107542.5, 45000.0], [107545.0, 35410.0], [107552.5, 1220.0], [107560.0, 50000.0], [107565.0, 1220.0], [107575.0, 980.0], [107577.5, 3270.0], [107600.0, 360.0], [107602.5, 1220.0], [107637.5, 1270.0], [107640.0, 45910.0], [107650.0, 1270.0], [107660.0, 15690.0], [107662.5, 1270.0]]}}}
{"jsonrpc": "2.0", "method": "subscription", "params": {"channel": "book.BTC-7NOV25.none.20.100ms", "data": {"timestamp": 1762153353376, "change_id": 124894206292, "instrument_name": "BTC-7NOV25", "bids": [[107417.5, 1620.0], [107415.0, 5940.0], [107412.5, 45000.0], [107402.5, 160.0], [107395.0, 1630.0], [107392.5, 13600.0], [107390.0, 2000.0], [107382.5, 1650.0], [107372.5, 12560.0], [107367.5, 1610.0], [107362.5, 3000.0], [107355.0, 26340.0], [107337.5, 1600.0], [107332.5, 3000.0], [107330.0, 210.0], [107300.0, 1650.0], [107292.5, 25320.0], [107287.5, 1620.0], [107227.5, 24730.0], [107200.0, 1610.0]], "asks": [[107420.0, 10000.0], [107432.5, 1620.0], [107442.5, 51100.0], [107445.0, 34680.0], [107447.5, 1620.0], [107455.0, 84680.0], [107465.0, 34680.0], [107467.5, 1620.0], [107522.5, 1630.0], [107535.0, 1650.0], [107560.0, 25090.0], [107567.5, 45910.0], [107572.5, 1650.0], [107582.5, 25090.0], [107585.0, 1640.0], [107610.0, 27100.0], [107660.0, 1650.0], [107662.5, 50460.0], [107697.5, 1650.0], [107760.0, 51650.0]]}}}
{"jsonrpc": "2.0", "method": "subscription", "params": {"channel": "book.BTC-14NOV25.none.20.100ms", "data": {"timestamp": 1762153353850, "change_id": 124894207332, "instrument_name": "BTC-14NOV25", "bids": [[107512.5, 3000.0], [107510.0, 46220.0], [107505.0, 10570.0], [107502.5, 35410.0], [107497.5, 160.0], [107492.5, 35410.0], [107490.0, 6190.0], [107487.5, 10150.0], [107485.0, 10000.0], [107482.5, 35410.0], [107467.5, 610.0], [107465.0, 1220.0], [107460.0, 5800.0], [107457.5, 19430.0], [107455.0, 360.0], [107452.5, 1220.0], [107405.0, 380.0], [107402.5, 1270.0], [107392.5, 360.0], [107390.0, 1220.0]], "asks": [[107515.0, 10000.0], [107517.5, 5930.0], [107522.5, 10570.0], [107525.0, 35770.0], [107527.5, 1220.0], [107535.0, 55980.0], [107537.5, 35570.0], [107540.0, 1220.0], [107545.0, 35410.0], [107552.5, 1220.0], [107560.0, 50000.0], [107565.0, 1220.0], [107575.0, 980.0], [107577.5, 3270.0], [107637.5, 1270.0], [107640.0, 45910.0], [107650.0, 1270.0], [107660.0, 15690.0], [107662.5, 1270.0], [107675.0, 1270.0]]}}}
{"jsonrpc": "2.0", "method": "subscription", "params": {"channel": "book.BTC-7NOV25.none.20.100ms", "data": {"timestamp": 1762153353823, "change_id": 124894207301, "instrument_name": "BTC-7NOV25", "bids": [[107417.5, 3460.0], [107415.0, 19370.0], [107412.5, 45000.0], [107410.0, 10350.0], [107407.5, 34680.0], [107402.5, 160.0], [107400.0, 10840.0], [107397.5, 34680.0], [107395.0, 6920.0], [107392.5, 13600.0], [107390.0, 2000.0], [107387.5, 34680.0], [107382.5, 1650.0], [107372.5, 12560.0], [107367.5, 1610.0], [107362.5, 3000.0], [107355.0, 26340.0], [107337.5, 1600.0], [107332.5, 3000.0], [107330.0, 210.0]], "asks": [[107420.0, 10000.0], [107427.5, 10350.0], [107430.0, 48530.0], [107432.5, 1620.0], [107435.0, 45000.0], [107440.0, 12170.0], [107442.5, 6100.0], [107445.0, 35160.0], [107447.5, 1620.0], [107455.0, 84680.0], [107467.5, 1620.0], [107522.5, 1630.0], [107535.0, 1650.0], [107560.0, 25090.0], [107567.5, 45910.0], [107572.5, 1650.0], [107582.5, 25090.0], [107585.0, 1640.0], [107610.0, 27100.0], [107660.0, 1650.0]]}}}
{"jsonrpc": "2.0", "method": "subscription", "params": {"channel": "book.BTC-14NOV25.none.20.100ms", "data": {"timestamp": 1762153354162, "change_id": 124894207633, "instrument_name": "BTC-14NOV25", "bids": [[107512.5, 3000.0], [107510.0, 46220.0], [107505.0, 10570.0], [107502.5, 35410.0], [107497.5, 160.0], [107495.0, 10740.0], [107492.5, 35410.0], [107490.0, 6190.0], [107487.5, 10150.0], [107485.0, 20570.0], [107482.5, 35410.0], [107467.5, 610.0], [107465.0, 1220.0], [107460.0, 5800.0], [107457.5, 19430.0], [107455.0, 360.0], [107452.5, 1220.0], [107405.0, 380.0], [107402.5, 1270.0], [107392.5, 360.0]], "asks": [[107515.0, 10000.0], [107517.5, 5930.0], [107522.5, 10570.0], [107525.0, 35770.0], [107527.5, 1220.0], [107532.5, 13430.0], [107535.0, 55980.0], [107537.5, 35570.0], [107540.0, 1220.0], [107542.5, 10570.0], [107545.0, 35410.0], [107550.0, 360.0], [107552.5, 1220.0], [107557.5, 14930.0], [107560.0, 50000.0], [107562.5, 360.0], [107565.0, 1220.0], [107575.0, 980.0], [107577.5, 3270.0], [107637.5, 14970.0]]}}}
{"jsonrpc": "2.0", "method": "subscription", "params": {"channel": "book.BTC-7NOV25.none.20.100ms", "data": {"timestamp": 1762153354202, "change_id": 124894207674, "instrument_name": "BTC-7NOV25", "bids": [[107417.5, 3460.0], [107415.0, 19370.0], [107412.5, 45000.0], [107410.0, 10350.0], [107407.5, 34680.0], [107402.5, 160.0], [107400.0, 10840.0], [107397.5, 34680.0], [107395.0, 6920.0], [107392.5, 13600.0], [107390.0, 12350.0], [107387.5, 34680.0], [107382.5, 1650.0], [107372.5, 12560.0], [107367.5, 1610.0], [107362.5, 3000.0], [107357.5, 7860.0], [107355.0, 26340.0], [107337.5, 1600.0], [107332.5, 3000.0]], "asks": [[107420.0, 10000.0], [107427.5, 10350.0], [107430.0, 48530.0], [107432.5, 1620.0], [107435.0, 45000.0], [107440.0, 12170.0], [107442.5, 6100.0], [107445.0, 35160.0], [107447.5, 1620.0], [107452.5, 25280.0], [107455.0, 84680.0], [107467.5, 1620.0], [107520.0, 490.0], [107522.5, 1630.0], [107535.0, 1650.0], [107560.0, 25090.0], [107565.0, 13700.0], [107567.5, 45910.0], [107572.5, 1650.0], [107582.5, 25090.0]]}}}
{"jsonrpc": "2.0", "method": "subscription", "params": {"channel": "book.BTC-14NOV25.none.20.100ms", "data": {"timestamp": 1762153354444, "change_id": 124894208230, "instrument_name": "BTC-14NOV25", "bids": [[107512.5, 6600.0], [107510.0, 45000.0], [107505.0, 10570.0], [107502.5, 35410.0], [107500.0, 1220.0], [107497.5, 160.0], [107495.0, 10740.0], [107492.5, 35410.0], [107490.0, 6190.0], [107487.5, 10150.0], [107485.0, 20570.0], [107482.5, 35410.0], [107467.5, 610.0], [107465.0, 1220.0], [107460.0, 5800.0], [107457.5, 19430.0], [107455.0, 360.0], [107452.5, 1220.0], [107405.0, 380.0], [107402.5, 1270.0]], "asks": [[107515.0, 10000.0], [107517.5, 5930.0], [107520.0, 3600.0], [107522.5, 10570.0], [107525.0, 35770.0], [107527.5, 1220.0], [107532.5, 13430.0], [107535.0, 55980.0], [107537.5, 35570.0], [107540.0, 1220.0], [107542.5, 10570.0], [107545.0, 35410.0], [107550.0, 360.0], [107552.5, 1220.0], [107557.5, 14930.0], [107560.0, 50000.0], [107562.5, 360.0], [107565.0, 1220.0], [107575.0, 980.0], [107577.5, 3270.0]]}}}
{"jsonrpc": "2.0", "method": "subscription", "params": {"channel": "book.BTC-7NOV25.none.20.100ms", "data": {"timestamp": 1762153354576, "change_id": 124894208277, "instrument_name": "BTC-7NOV25", "bids": [[107417.5, 7060.0], [107415.0, 22970.0], [107412.5, 45000.0], [107410.0, 13950.0], [107407.5, 34680.0], [107402.5, 160.0], [107400.0, 10840.0], [107397.5, 34680.0], [107395.0, 6920.0], [107392.5, 13600.0], [107390.0, 12350.0], [107387.5, 34680.0], [107382.5, 1650.0], [107372.5, 12560.0], [107367.5, 1610.0], [107362.5, 3000.0], [107357.5, 7860.0], [107355.0, 26340.0], [107337.5, 1600.0], [107332.5, 3000.0]], "asks": [[107420.0, 10000.0], [107427.5, 10350.0], [107430.0, 48530.0], [107432.5, 1620.0], [107435.0, 45000.0], [107440.0, 12170.0], [107442.5, 6100.0], [107445.0, 35160.0], [107447.5, 1620.0], [107452.5, 25280.0], [107455.0, 84680.0], [107467.5, 1620.0], [107535.0, 1650.0], [107560.0, 25090.0], [107565.0, 13700.0], [107567.5, 45910.0], [107572.5, 1650.0], [107582.5, 25090.0], [107585.0, 1640.0], [107610.0, 27100.0]]}}}
{"jsonrpc": "2.0", "method": "subscription", "params": {"channel": "book.BTC-7NOV25.none.20.100ms", "data": {"timestamp": 1762153354782, "change_id": 124894208819, "instrument_name": "BTC-7NOV25", "bids": [[107417.5, 7060.0], [107415.0, 22970.0], [107412.5, 45000.0], [107410.0, 13950.0], [107407.5, 34680.0], [107402.5, 160.0], [107400.0, 10840.0], [107397.5, 34680.0], [107395.0, 6920.0], [107392.5, 13600.0], [107390.0, 12350.0], [107387.5, 34680.0], [107382.5, 1650.0], [107372.5, 12560.0], [107367.5, 1610.0], [107362.5, 3000.0], [107357.5, 7860.0], [107355.0, 26340.0], [107337.5, 1600.0], [107332.5, 3000.0]], "asks": [[107420.0, 10000.0], [107427.5, 10350.0], [107430.0, 48530.0], [107432.5, 1620.0], [107435.0, 45000.0], [107440.0, 12170.0], [107442.5, 6100.0], [107445.0, 35160.0], [107447.5, 1620.0], [107452.5, 25280.0], [107455.0, 84680.0], [107467.5, 1620.0], [107535.0, 1650.0], [107560.0, 25090.0], [107565.0, 13700.0], [107567.5, 45910.0], [107572.5, 1650.0], [107582.5, 25090.0], [107585.0, 1640.0], [107610.0, 27100.0]]}}}
{"jsonrpc": "2.0", "method": "subscription", "params": {"channel": "book.BTC-7NOV25.none.20.100ms", "data": {"timestamp": 1762153355072, "change_id": 124894209072, "instrument_name": "BTC-7NOV25", "bids": [[107417.5, 7060.0], [107415.0, 22970.0], [107412.5, 45000.0], [107410.0, 13950.0], [107407.5, 34680.0], [107402.5, 160.0], [107400.0, 10840.0], [107397.5, 34680.0], [107395.0, 6920.0], [107392.5, 13600.0], [107390.0, 12350.0], [107387.5, 34680.0], [107382.5, 1650.0], [107372.5, 12560.0], [107367.5, 1610.0], [107362.5, 3000.0], [107357.5, 7860.0], [107355.0, 26340.0], [107337.5, 1600.0], [107332.5, 3000.0]], "asks": [[107420.0, 10000.0], [107427.5, 10350.0], [107430.0, 48530.0], [107432.5, 1620.0], [107435.0, 45000.0], [107440.0, 12170.0], [107442.5, 6100.0], [107445.0, 35160.0], [107447.5, 1620.0], [107452.5, 25280.0], [107455.0, 84680.0], [107467.5, 1620.0], [107535.0, 1650.0], [107560.0, 25090.0], [107565.0, 13700.0], [107567.5, 45910.0], [107572.5, 1650.0], [107582.5, 25090.0], [107585.0, 1640.0], [107610.0, 27100.0]]}}}
{"jsonrpc": "2.0", "method": "subscription", "params": {"channel": "book.BTC-14NOV25.none.20.100ms", "data": {"timestamp": 1762153355363, "change_id": 124894209511, "instrument_name": "BTC-14NOV25", "bids": [[107512.5, 6600.0], [107510.0, 45000.0], [107505.0, 10570.0], [107502.5, 35410.0], [107500.0, 1220.0], [107497.5, 160.0], [107495.0, 10740.0], [107492.5, 35410.0], [107490.0, 6190.0], [107487.5, 10150.0], [107485.0, 20570.0], [107482.5, 35410.0], [107467.5, 610.0], [107465.0, 1220.0], [107460.0, 5800.0], [107457.5, 19430.0], [107455.0, 360.0], [107452.5, 1220.0], [107405.0, 380.0], [107402.5, 1270.0]], "asks": [[107515.0, 10000.0], [107517.5, 5930.0], [107520.0, 3600.0], [107522.5, 10570.0], [107525.0, 35770.0], [107532.5, 13430.0], [107535.0, 55980.0], [107537.5, 35570.0], [107540.0, 1220.0], [107542.5, 10570.0], [107545.0, 35410.0], [107550.0, 360.0], [107552.5, 1220.0], [107557.5, 14930.0], [107560.0, 50000.0], [107562.5, 360.0], [107565.0, 1220.0], [107575.0, 980.0], [107577.5, 3270.0], [107637.5, 14970.0]]}}}
{"jsonrpc": "2.0", "method": "subscription", "params": {"channel": "book.BTC-7NOV25.none.20.100ms", "data": {"timestamp": 1762153355565, "change_id": 124894209702, "instrument_name": "BTC-7NOV25", "bids": [[107417.5, 7060.0], [107415.0, 22970.0], [107412.5, 48600.0], [107410.0, 13950.0], [107407.5, 34680.0], [107402.5, 160.0], [107400.0, 10840.0], [107397.5, 34680.0], [107395.0, 6920.0], [107392.5, 13600.0], [107390.0, 12350.0], [107387.5, 34680.0], [107382.5, 1650.0], [107375.0, 3750.0], [107372.5, 12560.0], [107367.5, 1610.0], [107362.5, 3000.0], [107357.5, 7860.0], [107355.0, 26340.0], [107337.5, 1600.0]], "asks": [[107420.0, 10000.0], [107427.5, 10350.0], [107430.0, 48530.0], [107432.5, 1620.0], [107435.0, 45000.0], [107440.0, 12170.0], [107442.5, 6100.0], [107445.0, 35160.0], [107447.5, 1620.0], [107452.5, 25280.0], [107455.0, 84680.0], [107465.0, 480.0], [107467.5, 1620.0], [107532.5, 490.0], [107535.0, 1650.0], [107560.0, 25090.0], [107565.0, 13700.0], [107567.5, 45910.0], [107572.5, 1650.0], [107582.5, 25090.0]]}}}
{"jsonrpc": "2.0", "method": "subscription", "params": {"channel": "book.BTC-14NOV25.none.20.100ms", "data": {"timestamp": 1762153355871, "change_id": 124894210665, "instrument_name": "BTC-14NOV25", "bids": [[107512.5, 3000.0], [107497.5, 160.0], [107492.5, 35410.0], [107490.0, 560.0], [107487.5, 4220.0], [107485.0, 10570.0], [107482.5, 35410.0], [107467.5, 610.0], [107465.0, 1220.0], [107460.0, 5800.0], [107457.5, 19430.0], [107455.0, 360.0], [107452.5, 1220.0], [107405.0, 380.0], [107402.5, 1270.0], [107392.5, 360.0], [107390.0, 1220.0], [107382.5, 1880.0], [107380.0, 360.0], [107377.5, 1220.0]], "asks": [[107515.0, 10000.0], [107517.5, 5930.0], [107520.0, 3600.0], [107522.5, 10570.0], [107525.0, 35770.0], [107527.5, 1220.0], [107535.0, 10980.0], [107537.5, 35570.0], [107540.0, 1220.0], [107542.5, 10570.0], [107545.0, 35410.0], [107550.0, 360.0], [107552.5, 1220.0], [107557.5, 14930.0], [107560.0, 50000.0], [107562.5, 360.0], [107565.0, 1220.0], [107575.0, 980.0], [107577.5, 1270.0], [107637.5, 14970.0]]}}}
{"jsonrpc": "2.0", "method": "subscription", "params": {"channel": "book.BTC-7NOV25.none.20.100ms", "data": {"timestamp": 1762153355902, "change_id": 124894210694, "instrument_name": "BTC-7NOV25", "bids": [[107412.5, 3600.0], [107410.0, 3600.0], [107402.5, 160.0], [107397.5, 34680.0], [107395.0, 2260.0], [107392.5, 3600.0], [107387.5, 34680.0], [107385.0, 490.0], [107382.5, 1650.0], [107370.0, 12560.0], [107367.5, 1610.0], [107362.5, 3000.0], [107357.5, 7860.0], [107355.0, 26340.0], [107337.5, 1600.0], [107335.0, 960.0], [107332.5, 3000.0], [107330.0, 210.0], [107302.5, 490.0], [107300.0, 1650.0]], "asks": [[107417.5, 2990.0], [107420.0, 10000.0], [107427.5, 6360.0], [107430.0, 35160.0], [107432.5, 1620.0], [107440.0, 12170.0], [107442.5, 6100.0], [107445.0, 35160.0], [107447.5, 1620.0], [107455.0, 84680.0], [107467.5, 1620.0], [107535.0, 1650.0], [107560.0, 25090.0], [107567.5, 45910.0], [107572.5, 1650.0], [107580.0, 7980.0], [107582.5, 25090.0], [107585.0, 1640.0], [107610.0, 27100.0], [107660.0, 1650.0]]}}}
{"jsonrpc": "2.0", "method": "subscription", "params": {"channel": "book.BTC-14NOV25.none.20.100ms", "data": {"timestamp": 1762153356172, "change_id": 124894212498, "instrument_name": "BTC-14NOV25", "bids": [[107500.0, 3000.0], [107490.0, 3600.0], [107487.5, 1220.0], [107480.0, 3760.0], [107475.0, 5930.0], [107470.0, 38410.0], [107467.5, 7150.0], [107465.0, 1220.0], [107457.5, 35410.0], [107452.5, 1220.0], [107440.0, 4220.0], [107427.5, 17190.0], [107390.0, 1220.0], [107377.5, 7520.0], [107367.5, 2370.0], [107360.0, 1270.0], [107350.0, 18840.0], [107280.0, 1230.0], [107270.0, 47450.0], [107267.5, 38950.0]], "asks": [[107505.0, 13600.0], [107512.5, 3600.0], [107515.0, 35410.0], [107520.0, 3600.0], [107522.5, 2700.0], [107525.0, 35570.0], [107527.5, 1220.0], [107537.5, 35410.0], [107540.0, 1220.0], [107552.5, 1220.0], [107565.0, 1220.0], [107577.5, 1270.0], [107637.5, 1270.0], [107640.0, 45910.0], [107650.0, 1270.0], [107660.0, 15690.0], [107662.5, 1270.0], [107675.0, 1270.0], [107692.5, 18550.0], [107700.0, 1270.0]]}}}
{"jsonrpc": "2.0", "method": "subscription", "params": {"channel": "book.BTC-7NOV25.none.20.100ms", "data": {"timestamp": 1762153356248, "change_id": 124894212513, "instrument_name": "BTC-7NOV25", "bids": [[107397.5, 5940.0], [107392.5, 600.0], [107387.5, 34680.0], [107385.0, 160.0], [107382.5, 2280.0], [107375.0, 34680.0], [107372.5, 3000.0], [107367.5, 36290.0], [107357.5, 12560.0], [107355.0, 1620.0], [107342.5, 3000.0], [107337.5, 1600.0], [107330.0, 210.0], [107327.5, 24770.0], [107325.0, 1620.0], [107312.5, 3000.0], [107300.0, 1650.0], [107287.5, 26940.0], [107227.5, 24730.0], [107200.0, 1610.0]], "asks": [[107405.0, 1620.0], [107407.5, 10000.0], [107422.5, 40620.0], [107430.0, 34840.0], [107432.5, 1620.0], [107437.5, 34680.0], [107447.5, 1620.0], [107467.5, 1620.0], [107535.0, 1650.0], [107560.0, 25090.0], [107567.5, 45910.0], [107572.5, 1650.0], [107582.5, 25090.0], [107585.0, 1640.0], [107610.0, 27100.0], [107660.0, 1650.0], [107662.5, 50460.0], [107697.5, 1650.0], [107760.0, 51650.0], [107765.0, 500.0]]}}}
{"jsonrpc": "2.0", "method": "subscription", "params": {"channel": "book.BTC-14NOV25.none.20.100ms", "data": {"timestamp": 1762153356585, "change_id": 124894214601, "instrument_name": "BTC-14NOV25", "bids": [[107490.0, 2900.0], [107485.0, 900.0], [107482.5, 3000.0], [107480.0, 360.0], [107477.5, 1220.0], [107472.5, 10570.0], [107470.0, 36060.0], [107467.5, 810.0], [107465.0, 1380.0], [107460.0, 5930.0], [107457.5, 35410.0], [107452.5, 4220.0], [107440.0, 1220.0], [107427.5, 17190.0], [107422.5, 3000.0], [107390.0, 1220.0], [107377.5, 1220.0], [107367.5, 2370.0], [107360.0, 1270.0], [107352.5, 6300.0]], "asks": [[107500.0, 4060.0], [107502.5, 3600.0], [107505.0, 10000.0], [107507.5, 13430.0], [107510.0, 45000.0], [107512.5, 160.0], [107515.0, 36630.0], [107522.5, 10570.0], [107525.0, 35770.0], [107527.5, 1220.0], [107537.5, 35410.0], [107540.0, 1220.0], [107552.5, 1220.0], [107565.0, 1220.0], [107577.5, 1270.0], [107637.5, 1270.0], [107640.0, 45910.0], [107650.0, 1270.0], [107660.0, 15690.0], [107662.5, 1270.0]]}}}
{"jsonrpc": "2.0", "method": "subscription", "params": {"channel": "book.BTC-7NOV25.none.20.100ms", "data": {"timestamp": 1762153356563, "change_id": 124894214597, "instrument_name": "BTC-7NOV25", "bids": [[107395.0, 3600.0], [107392.5, 600.0], [107387.5, 1770.0], [107385.0, 6610.0], [107382.5, 630.0], [107380.0, 1620.0], [107377.5, 10350.0], [107375.0, 35580.0], [107372.5, 3000.0], [107370.0, 160.0], [107367.5, 36290.0], [107355.0, 1620.0], [107345.0, 3630.0], [107342.5, 3000.0], [107340.0, 12560.0], [107337.5, 1600.0], [107330.0, 210.0], [107327.5, 24770.0], [107325.0, 1620.0], [107312.5, 3000.0]], "asks": [[107400.0, 480.0], [107402.5, 45000.0], [107407.5, 10000.0], [107412.5, 5940.0], [107415.0, 530.0], [107417.5, 1780.0], [107420.0, 12130.0], [107422.5, 34680.0], [107427.5, 10350.0], [107430.0, 34680.0], [107432.5, 1620.0], [107447.5, 1620.0], [107467.5, 1620.0], [107535.0, 26740.0], [107560.0, 25090.0], [107567.5, 45910.0], [107572.5, 1650.0], [107585.0, 1640.0], [107610.0, 27100.0], [107660.0, 1650.0]]}}}
{"jsonrpc": "2.0", "method": "subscription", "params": {"channel": "book.BTC-14NOV25.none.20.100ms", "data": {"timestamp": 1762153356631, "change_id": 124894215677, "instrument_name": "BTC-14NOV25", "bids": [[107490.0, 2900.0], [107487.5, 3000.0], [107480.0, 360.0], [107477.5, 1220.0], [107472.5, 10570.0], [107470.0, 36060.0], [107467.5, 810.0], [107465.0, 1380.0], [107462.5, 1770.0], [107460.0, 17400.0], [107457.5, 48410.0], [107455.0, 360.0], [107452.5, 1220.0], [107442.5, 360.0], [107440.0, 1220.0], [107427.5, 20190.0], [107390.0, 1220.0], [107377.5, 1220.0], [107367.5, 2370.0], [107360.0, 1270.0]], "asks": [[107492.5, 10000.0], [107495.0, 5930.0], [107507.5, 13430.0], [107510.0, 45000.0], [107512.5, 11090.0], [107515.0, 36630.0], [107525.0, 35770.0], [107527.5, 1220.0], [107540.0, 1220.0], [107552.5, 1220.0], [107565.0, 1220.0], [107577.5, 1270.0], [107637.5, 1270.0], [107640.0, 45910.0], [107650.0, 1270.0], [107660.0, 15690.0], [107662.5, 1270.0], [107675.0, 1270.0], [107692.5, 18550.0], [107700.0, 1270.0]]}}}
{"jsonrpc": "2.0", "method": "subscription", "params": {"channel": "book.BTC-7NOV25.none.20.100ms", "data": {"timestamp": 1762153356919, "change_id": 124894215679, "instrument_name": "BTC-7NOV25", "bids": [[107400.0, 5600.0], [107397.5, 4670.0], [107395.0, 3600.0], [107392.5, 600.0], [107387.5, 1770.0], [107385.0, 6610.0], [107382.5, 630.0], [107380.0, 1620.0], [107377.5, 10350.0], [107375.0, 35580.0], [107372.5, 3000.0], [107370.0, 10990.0], [107367.5, 36290.0], [107360.0, 3470.0], [107357.5, 10000.0], [107355.0, 1620.0], [107345.0, 3630.0], [107342.5, 3000.0], [107340.0, 13040.0], [107337.5, 1600.0]], "asks": [[107402.5, 45000.0], [107405.0, 2990.0], [107407.5, 10000.0], [107410.0, 1770.0], [107412.5, 5940.0], [107415.0, 530.0], [107417.5, 1780.0], [107420.0, 12130.0], [107422.5, 34680.0], [107427.5, 10350.0], [107430.0, 34680.0], [107445.0, 480.0], [107447.5, 1620.0], [107465.0, 480.0], [107467.5, 1620.0], [107532.5, 7980.0], [107535.0, 26740.0], [107557.5, 7490.0], [107560.0, 25090.0], [107565.0, 13700.0]]}}}
{"jsonrpc": "2.0", "method": "subscription", "params": {"channel": "book.BTC-14NOV25.none.20.100ms", "data": {"timestamp": 1762153356995, "change_id": 124894215798, "instrument_name": "BTC-14NOV25", "bids": [[107490.0, 2900.0], [107487.5, 3000.0], [107482.5, 10570.0], [107480.0, 35770.0], [107477.5, 1220.0], [107472.5, 10570.0], [107470.0, 36060.0], [107467.5, 810.0], [107465.0, 1380.0], [107462.5, 1770.0], [107460.0, 17400.0], [107457.5, 48410.0], [107455.0, 360.0], [107452.5, 1220.0], [107442.5, 360.0], [107440.0, 1220.0], [107430.0, 2900.0], [107427.5, 20190.0], [107390.0, 1220.0], [107377.5, 1220.0]], "asks": [[107492.5, 10000.0], [107495.0, 5930.0], [107500.0, 10570.0], [107502.5, 35410.0], [107507.5, 13430.0], [107510.0, 45000.0], [107512.5, 11090.0], [107515.0, 36630.0], [107522.5, 10570.0], [107525.0, 35770.0], [107527.5, 1220.0], [107540.0, 1220.0], [107552.5, 1220.0], [107565.0, 1220.0], [107577.5, 1270.0], [107637.5, 1270.0], [107640.0, 45910.0], [107650.0, 1270.0], [107660.0, 15690.0], [107662.5, 1270.0]]}}}
{"jsonrpc": "2.0", "method": "subscription", "params": {"channel": "book.BTC-7NOV25.none.20.100ms", "data": {"timestamp": 1762153357141, "change_id": 124894215948, "instrument_name": "BTC-7NOV25", "bids": [[107397.5, 4670.0], [107395.0, 3600.0], [107392.5, 600.0], [107390.0, 12130.0], [107387.5, 34680.0], [107385.0, 6610.0], [107382.5, 630.0], [107380.0, 1620.0], [107377.5, 10350.0], [107375.0, 35580.0], [107372.5, 3000.0], [107370.0, 10990.0], [107367.5, 36290.0], [107365.0, 10000.0], [107360.0, 480.0], [107355.0, 1620.0], [107345.0, 3630.0], [107342.5, 3000.0], [107340.0, 13040.0], [107337.5, 1600.0]], "asks": [[107402.5, 45000.0], [107405.0, 2990.0], [107407.5, 10000.0], [107410.0, 11900.0], [107412.5, 40620.0], [107415.0, 530.0], [107417.5, 1780.0], [107420.0, 12130.0], [107422.5, 34680.0], [107427.5, 10350.0], [107430.0, 34680.0], [107445.0, 480.0], [107447.5, 1620.0], [107465.0, 480.0], [107467.5, 1620.0], [107532.5, 7980.0], [107535.0, 26740.0], [107557.5, 7490.0], [107560.0, 25090.0], [107565.0, 13700.0]]}}}
{"jsonrpc": "2.0", "method": "subscription", "params": {"channel": "book.BTC-14NOV25.none.20.100ms", "data": {"timestamp": 1762153357555, "change_id": 124894217555, "instrument_name": "BTC-14NOV25", "bids": [[107487.5, 3000.0], [107475.0, 13430.0], [107472.5, 45000.0], [107467.5, 660.0], [107465.0, 1380.0], [107462.5, 1770.0], [107460.0, 17400.0], [107457.5, 38410.0], [107455.0, 360.0], [107452.5, 1220.0], [107442.5, 360.0], [107440.0, 1220.0], [107430.0, 5670.0], [107427.5, 20190.0], [107392.5, 360.0], [107390.0, 1220.0], [107380.0, 360.0], [107377.5, 1220.0], [107370.0, 710.0], [107367.5, 2370.0]], "asks": [[107490.0, 4820.0], [107492.5, 26530.0], [107495.0, 5930.0], [107497.5, 3600.0], [107500.0, 59530.0], [107502.5, 36630.0], [107512.5, 160.0], [107515.0, 36630.0], [107525.0, 35770.0], [107527.5, 1220.0], [107537.5, 360.0], [107540.0, 1220.0], [107550.0, 360.0], [107552.5, 1220.0], [107562.5, 360.0], [107565.0, 1220.0], [107575.0, 380.0], [107577.5, 1270.0], [107637.5, 14970.0], [107640.0, 45910.0]]}}}
{"jsonrpc": "2.0", "method": "subscription", "params": {"channel": "book.BTC-7NOV25.none.20.100ms", "data": {"timestamp": 1762153357507, "change_id": 124894217562, "instrument_name": "BTC-7NOV25", "bids": [[107392.5, 600.0], [107380.0, 1620.0], [107375.0, 3600.0], [107372.5, 3000.0], [107370.0, 34840.0], [107367.5, 1610.0], [107365.0, 24410.0], [107362.5, 45000.0], [107360.0, 34680.0], [107355.0, 1620.0], [107342.5, 3000.0], [107337.5, 1600.0], [107330.0, 210.0], [107327.5, 24770.0], [107325.0, 1620.0], [107312.5, 3000.0], [107290.0, 480.0], [107287.5, 1620.0], [107262.5, 26940.0], [107230.0, 2370.0]], "asks": [[107395.0, 10000.0], [107397.5, 1620.0], [107400.0, 22070.0], [107402.5, 45000.0], [107405.0, 34680.0], [107410.0, 10130.0], [107412.5, 40620.0], [107415.0, 530.0], [107417.5, 1780.0], [107420.0, 10350.0], [107422.5, 34680.0], [107445.0, 480.0], [107447.5, 1620.0], [107465.0, 480.0], [107467.5, 1620.0], [107502.5, 24230.0], [107505.0, 1620.0], [107535.0, 26740.0], [107557.5, 490.0], [107560.0, 1650.0]]}}}
{"jsonrpc": "2.0", "method": "subscription", "params": {"channel": "book.BTC-14NOV25.none.20.100ms", "data": {"timestamp": 1762153357796, "change_id": 124894220047, "instrument_name": "BTC-14NOV25", "bids": [[107472.5, 3000.0], [107467.5, 250.0], [107465.0, 1220.0], [107460.0, 45000.0], [107455.0, 35970.0], [107452.5, 1220.0], [107450.0, 160.0], [107445.0, 41340.0], [107442.5, 3000.0], [107440.0, 1220.0], [107435.0, 10000.0], [107427.5, 1220.0], [107415.0, 1220.0], [107412.5, 3000.0], [107402.5, 1220.0], [107397.5, 15980.0], [107390.0, 1220.0], [107385.0, 6340.0], [107377.5, 1220.0], [107367.5, 2370.0]], "asks": [[107475.0, 10000.0], [107477.5, 5930.0], [107485.0, 81630.0], [107487.5, 3760.0], [107490.0, 3600.0], [107492.5, 3600.0], [107495.0, 35410.0], [107502.5, 36630.0], [107515.0, 36630.0], [107527.5, 1220.0], [107540.0, 1220.0], [107552.5, 1220.0], [107565.0, 1220.0], [107577.5, 1270.0], [107602.5, 1220.0], [107605.0, 15630.0], [107615.0, 1220.0], [107637.5, 1270.0], [107640.0, 45910.0], [107650.0, 1270.0]]}}}
{"jsonrpc": "2.0", "method": "subscription", "params": {"channel": "book.BTC-7NOV25.none.20.100ms", "data": {"timestamp": 1762153357894, "change_id": 124894219991, "instrument_name": "BTC-7NOV25", "bids": [[107392.5, 600.0], [107375.0, 3600.0], [107367.5, 7550.0], [107362.5, 45630.0], [107360.0, 37680.0], [107355.0, 1780.0], [107342.5, 10000.0], [107337.5, 1600.0], [107330.0, 3210.0], [107325.0, 1620.0], [107312.5, 3620.0], [107300.0, 4620.0], [107295.0, 23480.0], [107290.0, 480.0], [107287.5, 1620.0], [107285.0, 12560.0], [107262.5, 1620.0], [107237.5, 1620.0], [107230.0, 2370.0], [107225.0, 1620.0]], "asks": [[107395.0, 10000.0], [107397.5, 7560.0], [107402.5, 45000.0], [107405.0, 34840.0], [107412.5, 34680.0], [107417.5, 1620.0], [107422.5, 34680.0], [107447.5, 1620.0], [107467.5, 1620.0], [107502.5, 24230.0], [107505.0, 1620.0], [107535.0, 26740.0], [107560.0, 1650.0], [107567.5, 45910.0], [107572.5, 1650.0], [107585.0, 1640.0], [107610.0, 27100.0], [107660.0, 1650.0], [107662.5, 50460.0], [107697.5, 1650.0]]}}}
{"jsonrpc": "2.0", "method": "subscription", "params": {"channel": "book.BTC-14NOV25.none.20.100ms", "data": {"timestamp": 1762153358219, "change_id": 124894220792, "instrument_name": "BTC-14NOV25", "bids": [[107472.5, 3000.0], [107467.5, 610.0], [107465.0, 1220.0], [107462.5, 13430.0], [107460.0, 45000.0], [107457.5, 10740.0], [107455.0, 36380.0], [107452.5, 1220.0], [107450.0, 160.0], [107447.5, 12340.0], [107445.0, 42600.0], [107442.5, 3000.0], [107440.0, 1220.0], [107437.5, 1730.0], [107435.0, 10000.0], [107415.0, 1220.0], [107412.5, 3000.0], [107402.5, 1220.0], [107397.5, 15980.0], [107390.0, 1220.0]], "asks": [[107475.0, 10000.0], [107477.5, 5930.0], [107482.5, 24370.0], [107485.0, 81630.0], [107487.5, 160.0], [107492.5, 10570.0], [107495.0, 35410.0], [107500.0, 10930.0], [107502.5, 36630.0], [107525.0, 360.0], [107527.5, 1220.0], [107537.5, 960.0], [107540.0, 3220.0], [107550.0, 360.0], [107552.5, 1220.0], [107562.5, 360.0], [107565.0, 1220.0], [107575.0, 380.0], [107577.5, 1270.0], [107602.5, 5890.0]]}}}
{"jsonrpc": "2.0", "method": "subscription", "params": {"channel": "book.BTC-14NOV25.none.20.100ms", "data": {"timestamp": 1762153358550, "change_id": 124894221437, "instrument_name": "BTC-14NOV25", "bids": [[107472.5, 3000.0], [107467.5, 610.0], [107465.0, 25220.0], [107462.5, 35410.0], [107460.0, 45000.0], [107457.5, 10740.0], [107455.0, 36380.0], [107452.5, 1220.0], [107450.0, 160.0], [107447.5, 3500.0], [107445.0, 43070.0], [107442.5, 13000.0], [107440.0, 1220.0], [107415.0, 1220.0], [107412.5, 3000.0], [107402.5, 1220.0], [107397.5, 15980.0], [107390.0, 1220.0], [107385.0, 6340.0], [107377.5, 1220.0]], "asks": [[107475.0, 10000.0], [107477.5, 5930.0], [107482.5, 24370.0], [107485.0, 80820.0], [107487.5, 1380.0], [107492.5, 10570.0], [107495.0, 35410.0], [107500.0, 10930.0], [107502.5, 36630.0], [107525.0, 360.0], [107527.5, 1220.0], [107537.5, 960.0], [107540.0, 3220.0], [107550.0, 360.0], [107552.5, 1220.0], [107562.5, 360.0], [107565.0, 1220.0], [107575.0, 380.0], [107577.5, 1270.0], [107602.5, 5890.0]]}}}
{"jsonrpc": "2.0", "method": "subscription", "params": {"channel": "book.BTC-7NOV25.none.20.100ms", "data": {"timestamp": 1762153358418, "change_id": 124894221521, "instrument_name": "BTC-7NOV25", "bids": [[107392.5, 600.0], [107370.0, 2250.0], [107367.5, 7550.0], [107365.0, 24870.0], [107362.5, 45630.0], [107360.0, 37680.0], [107357.5, 10820.0], [107355.0, 36460.0], [107345.0, 2990.0], [107342.5, 10000.0], [107340.0, 480.0], [107337.5, 1600.0], [107332.5, 960.0], [107330.0, 3210.0], [107327.5, 480.0], [107325.0, 1620.0], [107315.0, 1080.0], [107312.5, 3620.0], [107302.5, 1380.0], [107300.0, 4620.0]], "asks": [[107395.0, 10000.0], [107397.5, 7560.0], [107400.0, 23830.0], [107402.5, 45000.0], [107405.0, 34840.0], [107410.0, 10350.0], [107412.5, 34680.0], [107415.0, 480.0], [107417.5, 1620.0], [107420.0, 10350.0], [107422.5, 34680.0], [107445.0, 480.0], [107447.5, 1620.0], [107465.0, 480.0], [107467.5, 1620.0], [107500.0, 7720.0], [107502.5, 24230.0], [107505.0, 1620.0], [107532.5, 7980.0], [107535.0, 26740.0]]}}}
{"jsonrpc": "2.0", "method": "subscription", "params": {"channel": "book.BTC-14NOV25.none.20.100ms", "data": {"timestamp": 1762153358871, "change_id": 124894223492, "instrument_name": "BTC-14NOV25", "bids": [[107472.5, 3000.0], [107467.5, 250.0], [107447.5, 77360.0], [107445.0, 22380.0], [107442.5, 125350.0], [107440.0, 1220.0], [107417.5, 360.0], [107415.0, 2120.0], [107412.5, 3000.0], [107405.0, 360.0], [107402.5, 1220.0], [107400.0, 4770.0], [107397.5, 15980.0], [107392.5, 360.0], [107390.0, 1220.0], [107387.5, 1890.0], [107385.0, 6340.0], [107380.0, 360.0], [107377.5, 1220.0], [107370.0, 710.0]], "asks": [[107475.0, 11220.0], [107477.5, 5930.0], [107482.5, 10570.0], [107485.0, 35820.0], [107487.5, 1380.0], [107492.5, 10570.0], [107495.0, 35410.0], [107500.0, 10930.0], [107502.5, 36630.0], [107527.5, 1220.0], [107537.5, 360.0], [107540.0, 1220.0], [107550.0, 360.0], [107552.5, 1220.0], [107562.5, 360.0], [107565.0, 1220.0], [107575.0, 380.0], [107577.5, 1270.0], [107602.5, 1220.0], [107605.0, 15630.0]]}}}
{"jsonrpc": "2.0", "method": "subscription", "params": {"channel": "book.BTC-7NOV25.none.20.100ms", "data": {"timestamp": 1762153358874, "change_id": 124894223584, "instrument_name": "BTC-7NOV25", "bids": [[107362.5, 5220.0], [107360.0, 3000.0], [107355.0, 160.0], [107350.0, 1620.0], [107347.5, 34680.0], [107340.0, 10920.0], [107337.5, 36280.0], [107330.0, 3210.0], [107325.0, 1620.0], [107312.5, 3620.0], [107302.5, 1380.0], [107300.0, 4620.0], [107295.0, 23480.0], [107287.5, 1620.0], [107262.5, 1620.0], [107237.5, 1620.0], [107230.0, 2370.0], [107227.5, 480.0], [107225.0, 1620.0], [107217.5, 7560.0]], "asks": [[107367.5, 2990.0], [107370.0, 10000.0], [107377.5, 10350.0], [107380.0, 34680.0], [107385.0, 1620.0], [107387.5, 4800.0], [107390.0, 16080.0], [107392.5, 160.0], [107395.0, 480.0], [107397.5, 1620.0], [107400.0, 10400.0], [107405.0, 34680.0], [107412.5, 34680.0], [107417.5, 1620.0], [107447.5, 1620.0], [107467.5, 1620.0], [107502.5, 24230.0], [107505.0, 1620.0], [107532.5, 7980.0], [107535.0, 26740.0]]}}}
{"jsonrpc": "2.0", "method": "subscription", "params": {"channel": "book.BTC-14NOV25.none.20.100ms", "data": {"timestamp": 1762153359190, "change_id": 124894225404, "instrument_name": "BTC-14NOV25", "bids": [[107467.5, 250.0], [107457.5, 900.0], [107455.0, 3000.0], [107450.0, 10740.0], [107447.5, 35410.0], [107445.0, 24930.0], [107442.5, 45000.0], [107440.0, 36630.0], [107435.0, 160.0], [107430.0, 2790.0], [107427.5, 7150.0], [107425.0, 3210.0], [107422.5, 10000.0], [107415.0, 1220.0], [107402.5, 1220.0], [107395.0, 18980.0], [107390.0, 1220.0], [107385.0, 6340.0], [107377.5, 1220.0], [107367.5, 2370.0]], "asks": [[107472.5, 24080.0], [107475.0, 13600.0], [107477.5, 50930.0], [107482.5, 10570.0], [107485.0, 35820.0], [107487.5, 1380.0], [107492.5, 10570.0], [107495.0, 35410.0], [107500.0, 10930.0], [107502.5, 36630.0], [107525.0, 360.0], [107527.5, 1220.0], [107537.5, 360.0], [107540.0, 1220.0], [107550.0, 360.0], [107552.5, 1220.0], [107562.5, 360.0], [107565.0, 1220.0], [107575.0, 380.0], [107577.5, 1270.0]]}}}
{"jsonrpc": "2.0", "method": "subscription", "params": {"channel": "book.BTC-7NOV25.none.20.100ms", "data": {"timestamp": 1762153359161, "change_id": 124894225254, "instrument_name": "BTC-7NOV25", "bids": [[107362.5, 5220.0], [107350.0, 55560.0], [107347.5, 34680.0], [107340.0, 790.0], [107337.5, 36280.0], [107332.5, 34680.0], [107330.0, 210.0], [107325.0, 11620.0], [107320.0, 3000.0], [107312.5, 3620.0], [107300.0, 1620.0], [107295.0, 24670.0], [107290.0, 3000.0], [107287.5, 1620.0], [107237.5, 1620.0], [107230.0, 2370.0], [107225.0, 1620.0], [107215.0, 25320.0], [107200.0, 1610.0], [107190.0, 9490.0]], "asks": [[107370.0, 55000.0], [107377.5, 5940.0], [107380.0, 34680.0], [107385.0, 1620.0], [107390.0, 16080.0], [107392.5, 160.0], [107397.5, 36300.0], [107447.5, 1620.0], [107467.5, 1620.0], [107502.5, 24230.0], [107505.0, 1620.0], [107535.0, 26740.0], [107560.0, 1650.0], [107567.5, 45910.0], [107572.5, 1650.0], [107585.0, 1640.0], [107610.0, 27100.0], [107660.0, 1650.0], [107662.5, 50460.0], [107672.5, 1620.0]]}}}
{"jsonrpc": "2.0", "method": "subscription", "params": {"channel": "book.BTC-14NOV25.none.20.100ms", "data": {"timestamp": 1762153359426, "change_id": 124894226232, "instrument_name": "BTC-14NOV25", "bids": [[107467.5, 250.0], [107450.0, 1240.0], [107447.5, 3600.0], [107445.0, 24370.0], [107442.5, 45000.0], [107440.0, 39630.0], [107435.0, 160.0], [107430.0, 2790.0], [107427.5, 7150.0], [107425.0, 2960.0], [107422.5, 10000.0], [107417.5, 360.0], [107415.0, 1220.0], [107412.5, 900.0], [107410.0, 3000.0], [107405.0, 360.0], [107402.5, 1220.0], [107397.5, 5670.0], [107395.0, 15980.0], [107392.5, 360.0]], "asks": [[107470.0, 4820.0], [107472.5, 22860.0], [107475.0, 13760.0], [107477.5, 50930.0], [107482.5, 10570.0], [107485.0, 35820.0], [107487.5, 1220.0], [107492.5, 10570.0], [107495.0, 35410.0], [107500.0, 10930.0], [107502.5, 36630.0], [107525.0, 360.0], [107527.5, 1220.0], [107537.5, 360.0], [107540.0, 1220.0], [107550.0, 360.0], [107552.5, 1220.0], [107562.5, 360.0], [107565.0, 1220.0], [107575.0, 380.0]]}}}
{"jsonrpc": "2.0", "method": "subscription", "params": {"channel": "book.BTC-7NOV25.none.20.100ms", "data": {"timestamp": 1762153359486, "change_id": 124894226238, "instrument_name": "BTC-7NOV25", "bids": [[107355.0, 9060.0], [107352.5, 19700.0], [107350.0, 50940.0], [107342.5, 1120.0], [107340.0, 15490.0], [107337.5, 39280.0], [107330.0, 210.0], [107327.5, 3470.0], [107325.0, 11620.0], [107315.0, 1080.0], [107312.5, 3620.0], [107310.0, 900.0], [107307.5, 3000.0], [107302.5, 480.0], [107300.0, 1620.0], [107297.5, 7360.0], [107295.0, 24670.0], [107290.0, 480.0], [107287.5, 1620.0], [107280.0, 900.0]], "asks": [[107357.5, 10000.0], [107367.5, 15050.0], [107370.0, 45000.0], [107377.5, 16340.0], [107380.0, 34840.0], [107382.5, 480.0], [107385.0, 1620.0], [107387.5, 4800.0], [107390.0, 16080.0], [107395.0, 10840.0], [107397.5, 36300.0], [107445.0, 480.0], [107447.5, 1620.0], [107465.0, 480.0], [107467.5, 1620.0], [107500.0, 7720.0], [107502.5, 24230.0], [107505.0, 1620.0], [107532.5, 7980.0], [107535.0, 26740.0]]}}}
{"jsonrpc": "2.0", "method": "subscription", "params": {"channel": "book.BTC-14NOV25.none.20.100ms", "data": {"timestamp": 1762153359906, "change_id": 124894227274, "instrument_name": "BTC-14NOV25", "bids": [[107467.5, 250.0], [107450.0, 1240.0], [107447.5, 3600.0], [107445.0, 24370.0], [107442.5, 45000.0], [107440.0, 40190.0], [107435.0, 10730.0], [107432.5, 35410.0], [107430.0, 2790.0], [107427.5, 7150.0], [107425.0, 2960.0], [107422.5, 10000.0], [107417.5, 360.0], [107415.0, 1220.0], [107412.5, 900.0], [107410.0, 3000.0], [107405.0, 360.0], [107402.5, 1220.0], [107395.0, 15980.0], [107392.5, 360.0]], "asks": [[107470.0, 4820.0], [107472.5, 22860.0], [107475.0, 13760.0], [107477.5, 50930.0], [107482.5, 10570.0], [107485.0, 35820.0], [107487.5, 1220.0], [107492.5, 10570.0], [107495.0, 35410.0], [107500.0, 10930.0], [107502.5, 36630.0], [107525.0, 360.0], [107527.5, 1220.0], [107537.5, 360.0], [107540.0, 1220.0], [107550.0, 360.0], [107552.5, 1220.0], [107562.5, 360.0], [107565.0, 1220.0], [107575.0, 380.0]]}}}
{"jsonrpc": "2.0", "method": "subscription", "params": {"channel": "book.BTC-7NOV25.none.20.100ms", "data": {"timestamp": 1762153359905, "change_id": 124894227270, "instrument_name": "BTC-7NOV25", "bids": [[107355.0, 9060.0], [107352.5, 19700.0], [107350.0, 50940.0], [107347.5, 10350.0], [107345.0, 34680.0], [107342.5, 1120.0], [107340.0, 15490.0], [107337.5, 39280.0], [107332.5, 630.0], [107330.0, 210.0], [107327.5, 13380.0], [107325.0, 46300.0], [107315.0, 1080.0], [107312.5, 3620.0], [107310.0, 900.0], [107307.5, 3000.0], [107302.5, 480.0], [107300.0, 1620.0], [107297.5, 7360.0], [107295.0, 24670.0]], "asks": [[107357.5, 10000.0], [107367.5, 49730.0], [107370.0, 45000.0], [107377.5, 16340.0], [107380.0, 34840.0], [107382.5, 480.0], [107385.0, 1620.0], [107387.5, 4800.0], [107390.0, 16080.0], [107395.0, 480.0], [107397.5, 1620.0], [107445.0, 480.0], [107447.5, 1620.0], [107465.0, 480.0], [107467.5, 1620.0], [107500.0, 7720.0], [107502.5, 24230.0], [107505.0, 1620.0], [107532.5, 7980.0], [107535.0, 26740.0]]}}}
{"jsonrpc": "2.0", "method": "subscription", "params": {"channel": "book.BTC-14NOV25.none.20.100ms", "data": {"timestamp": 1762153360045, "change_id": 124894227592, "instrument_name": "BTC-14NOV25", "bids": [[107467.5, 250.0], [107450.0, 1240.0], [107447.5, 3600.0], [107445.0, 24370.0], [107442.5, 45000.0], [107440.0, 40190.0], [107435.0, 10730.0], [107432.5, 35410.0], [107430.0, 2790.0], [107427.5, 7150.0], [107425.0, 2960.0], [107422.5, 10000.0], [107417.5, 360.0], [107415.0, 1220.0], [107412.5, 900.0], [107410.0, 3000.0], [107405.0, 360.0], [107402.5, 1220.0], [107395.0, 15980.0], [107392.5, 360.0]], "asks": [[107470.0, 4820.0], [107472.5, 22860.0], [107475.0, 13760.0], [107477.5, 50930.0], [107482.5, 10570.0], [107485.0, 35820.0], [107487.5, 1220.0], [107492.5, 10570.0], [107495.0, 35410.0], [107500.0, 10930.0], [107502.5, 38630.0], [107525.0, 360.0], [107527.5, 1220.0], [107537.5, 360.0], [107540.0, 1220.0], [107550.0, 360.0], [107552.5, 1220.0], [107562.5, 360.0], [107565.0, 1220.0], [107575.0, 380.0]]}}}
{"jsonrpc": "2.0", "method": "subscription", "params": {"channel": "book.BTC-14NOV25.none.20.100ms", "data": {"timestamp": 1762153360433, "change_id": 124894229241, "instrument_name": "BTC-14NOV25", "bids": [[107467.5, 250.0], [107442.5, 45000.0], [107440.0, 4220.0], [107435.0, 160.0], [107427.5, 1220.0], [107425.0, 2990.0], [107417.5, 360.0], [107415.0, 1220.0], [107412.5, 900.0], [107410.0, 3000.0], [107405.0, 360.0], [107402.5, 1220.0], [107395.0, 15980.0], [107390.0, 1220.0], [107380.0, 3000.0], [107377.5, 1220.0], [107370.0, 710.0], [107367.5, 2370.0], [107362.5, 2270.0], [107360.0, 1270.0]], "asks": [[107470.0, 13600.0], [107472.5, 3600.0], [107475.0, 13760.0], [107477.5, 45000.0], [107485.0, 35410.0], [107487.5, 1220.0], [107495.0, 35410.0], [107502.5, 38630.0], [107527.5, 1220.0], [107540.0, 1220.0], [107552.5, 1220.0], [107562.5, 360.0], [107565.0, 1220.0], [107577.5, 1270.0], [107602.5, 5890.0], [107605.0, 15630.0], [107615.0, 1220.0], [107637.5, 1270.0], [107640.0, 45910.0], [107662.5, 3100.0]]}}}
{"jsonrpc": "2.0", "method": "subscription", "params": {"channel": "book.BTC-7NOV25.none.20.100ms", "data": {"timestamp": 1762153360536, "change_id": 124894229251, "instrument_name": "BTC-7NOV25", "bids": [[107355.0, 2000.0], [107347.5, 3600.0], [107340.0, 3760.0], [107337.5, 39280.0], [107332.5, 630.0], [107330.0, 210.0], [107327.5, 13820.0], [107325.0, 46300.0], [107315.0, 1080.0], [107312.5, 3620.0], [107307.5, 3000.0], [107302.5, 480.0], [107300.0, 1620.0], [107295.0, 24670.0], [107290.0, 480.0], [107287.5, 1620.0], [107280.0, 900.0], [107277.5, 3000.0], [107255.0, 12560.0], [107240.0, 480.0]], "asks": [[107357.5, 10000.0], [107365.0, 24270.0], [107367.5, 36300.0], [107370.0, 45000.0], [107377.5, 10400.0], [107380.0, 34840.0], [107382.5, 3040.0], [107385.0, 10400.0], [107387.5, 4800.0], [107390.0, 16080.0], [107395.0, 480.0], [107397.5, 1620.0], [107445.0, 480.0], [107447.5, 1620.0], [107465.0, 480.0], [107467.5, 1620.0], [107500.0, 7720.0], [107502.5, 24230.0], [107505.0, 1620.0], [107532.5, 7980.0]]}}}
{"jsonrpc": "2.0", "method": "subscription", "params": {"channel": "book.BTC-14NOV25.none.20.100ms", "data": {"timestamp": 1762153360926, "change_id": 124894231173, "instrument_name": "BTC-14NOV25", "bids": [[107467.5, 250.0], [107440.0, 1220.0], [107437.5, 35410.0], [107435.0, 720.0], [107430.0, 3000.0], [107427.5, 36630.0], [107415.0, 11220.0], [107412.5, 8780.0], [107402.5, 1220.0], [107400.0, 3000.0], [107395.0, 15980.0], [107390.0, 1220.0], [107377.5, 1220.0], [107370.0, 3000.0], [107367.5, 2370.0], [107360.0, 1270.0], [107355.0, 6340.0], [107322.5, 1220.0], [107297.5, 1220.0], [107285.0, 6300.0]], "asks": [[107470.0, 13600.0], [107472.5, 3600.0], [107475.0, 13760.0], [107477.5, 45000.0], [107485.0, 35410.0], [107487.5, 1220.0], [107495.0, 35410.0], [107502.5, 38630.0], [107527.5, 1220.0], [107540.0, 1220.0], [107552.5, 1220.0], [107565.0, 1220.0], [107577.5, 1270.0], [107602.5, 1220.0], [107605.0, 15630.0], [107615.0, 1220.0], [107637.5, 1270.0], [107640.0, 45910.0], [107662.5, 1270.0], [107665.0, 6120.0]]}}}
{"jsonrpc": "2.0", "method": "subscription", "params": {"channel": "book.BTC-7NOV25.none.20.100ms", "data": {"timestamp": 1762153360872, "change_id": 124894231159, "instrument_name": "BTC-7NOV25", "bids": [[107355.0, 3580.0], [107347.5, 3600.0], [107345.0, 34680.0], [107340.0, 3760.0], [107337.5, 1600.0], [107335.0, 43460.0], [107332.5, 630.0], [107330.0, 210.0], [107325.0, 36300.0], [107320.0, 13000.0], [107312.5, 3620.0], [107300.0, 1620.0], [107295.0, 24670.0], [107290.0, 3000.0], [107287.5, 1620.0], [107275.0, 1580.0], [107260.0, 3000.0], [107255.0, 12560.0], [107237.5, 1620.0], [107230.0, 2370.0]], "asks": [[107357.5, 10000.0], [107367.5, 36300.0], [107380.0, 34840.0], [107385.0, 1620.0], [107390.0, 16080.0], [107397.5, 1620.0], [107447.5, 1620.0], [107467.5, 1620.0], [107502.5, 24230.0], [107505.0, 1620.0], [107535.0, 26740.0], [107560.0, 1650.0], [107567.5, 45910.0], [107572.5, 1650.0], [107585.0, 1640.0], [107610.0, 27100.0], [107660.0, 1650.0], [107662.5, 50460.0], [107672.5, 1620.0], [107682.5, 50000.0]]}}}
{"jsonrpc": "2.0", "method": "subscription", "params": {"channel": "book.BTC-14NOV25.none.20.100ms", "data": {"timestamp": 1762153361189, "change_id": 124894231875, "instrument_name": "BTC-14NOV25", "bids": [[107467.5, 250.0], [107455.0, 13430.0], [107452.5, 45000.0], [107442.5, 360.0], [107440.0, 12560.0], [107437.5, 35410.0], [107435.0, 160.0], [107432.5, 900.0], [107430.0, 13930.0], [107427.5, 36630.0], [107425.0, 8780.0], [107417.5, 3350.0], [107415.0, 11220.0], [107402.5, 1220.0], [107400.0, 3000.0], [107395.0, 15980.0], [107390.0, 1220.0], [107377.5, 1220.0], [107370.0, 3000.0], [107367.5, 2370.0]], "asks": [[107470.0, 13600.0], [107472.5, 21140.0], [107475.0, 13760.0], [107477.5, 45000.0], [107482.5, 10570.0], [107485.0, 35770.0], [107487.5, 1220.0], [107492.5, 10570.0], [107495.0, 35410.0], [107500.0, 11530.0], [107502.5, 38630.0], [107525.0, 360.0], [107527.5, 1220.0], [107537.5, 360.0], [107540.0, 1220.0], [107550.0, 360.0], [107552.5, 1220.0], [107562.5, 360.0], [107565.0, 1220.0], [107575.0, 380.0]]}}}
{"jsonrpc": "2.0", "method": "subscription", "params": {"channel": "book.BTC-7NOV25.none.20.100ms", "data": {"timestamp": 1762153361193, "change_id": 124894231882, "instrument_name": "BTC-7NOV25", "bids": [[107355.0, 3420.0], [107347.5, 13950.0], [107345.0, 49230.0], [107342.5, 45000.0], [107340.0, 3760.0], [107337.5, 1600.0], [107335.0, 34680.0], [107332.5, 630.0], [107330.0, 210.0], [107327.5, 10840.0], [107325.0, 36300.0], [107322.5, 3880.0], [107320.0, 13000.0], [107315.0, 1080.0], [107312.5, 3620.0], [107300.0, 1620.0], [107297.5, 7360.0], [107295.0, 24670.0], [107292.5, 900.0], [107290.0, 3000.0]], "asks": [[107357.5, 10000.0], [107365.0, 10820.0], [107367.5, 34680.0], [107370.0, 1580.0], [107372.5, 13430.0], [107375.0, 45000.0], [107377.5, 13020.0], [107380.0, 43620.0], [107382.5, 480.0], [107385.0, 1620.0], [107387.5, 4800.0], [107390.0, 16080.0], [107395.0, 480.0], [107397.5, 1620.0], [107445.0, 480.0], [107447.5, 1620.0], [107465.0, 480.0], [107467.5, 1620.0], [107500.0, 7720.0], [107502.5, 24230.0]]}}}
{"jsonrpc": "2.0", "method": "subscription", "params": {"channel": "book.BTC-14NOV25.none.20.100ms", "data": {"timestamp": 1762153361586, "change_id": 124894233075, "instrument_name": "BTC-14NOV25", "bids": [[107442.5, 6660.0], [107440.0, 48600.0], [107435.0, 1840.0], [107432.5, 900.0], [107430.0, 3000.0], [107427.5, 13300.0], [107425.0, 44190.0], [107415.0, 1220.0], [107402.5, 1220.0], [107400.0, 3000.0], [107390.0, 1220.0], [107377.5, 1220.0], [107370.0, 3000.0], [107367.5, 2370.0], [107360.0, 1270.0], [107322.5, 1220.0], [107297.5, 1220.0], [107280.0, 1230.0], [107270.0, 47450.0], [107267.5, 1270.0]], "asks": [[107462.5, 3600.0], [107467.5, 3600.0], [107470.0, 12380.0], [107472.5, 3600.0], [107475.0, 13760.0], [107485.0, 35410.0], [107487.5, 1220.0], [107495.0, 35410.0], [107502.5, 3220.0], [107527.5, 1220.0], [107540.0, 1220.0], [107552.5, 1220.0], [107565.0, 1220.0], [107577.5, 1270.0], [107602.5, 1220.0], [107605.0, 15630.0], [107615.0, 1220.0], [107637.5, 1270.0], [107640.0, 45910.0], [107662.5, 1270.0]]}}}
{"jsonrpc": "2.0", "method": "subscription", "params": {"channel": "book.BTC-7NOV25.none.20.100ms", "data": {"timestamp": 1762153361579, "change_id": 124894233071, "instrument_name": "BTC-7NOV25", "bids": [[107352.5, 1580.0], [107345.0, 14550.0], [107342.5, 45000.0], [107340.0, 3600.0], [107337.5, 1600.0], [107332.5, 630.0], [107330.0, 210.0], [107325.0, 36300.0], [107320.0, 3000.0], [107312.5, 3620.0], [107300.0, 1620.0], [107290.0, 3000.0], [107275.0, 1580.0], [107260.0, 3000.0], [107237.5, 1620.0], [107230.0, 2370.0], [107225.0, 1620.0], [107200.0, 1610.0], [107192.5, 2830.0], [107190.0, 9490.0]], "asks": [[107357.5, 10000.0], [107365.0, 45000.0], [107367.5, 34680.0], [107370.0, 1580.0], [107380.0, 43620.0], [107385.0, 1620.0], [107387.5, 4800.0], [107390.0, 16080.0], [107397.5, 1620.0], [107445.0, 480.0], [107447.5, 1620.0], [107467.5, 1620.0], [107502.5, 24230.0], [107505.0, 1620.0], [107535.0, 26740.0], [107560.0, 1650.0], [107567.5, 45910.0], [107585.0, 1640.0], [107610.0, 27100.0], [107660.0, 1650.0]]}}}
{"jsonrpc": "2.0", "method": "subscription", "params": {"channel": "book.BTC-14NOV25.none.20.100ms", "data": {"timestamp": 1762153361630, "change_id": 124894234159, "instrument_name": "BTC-14NOV25", "bids": [[107447.5, 1840.0], [107445.0, 1220.0], [107442.5, 3600.0], [107440.0, 45000.0], [107432.5, 35410.0], [107427.5, 1220.0], [107425.0, 35970.0], [107417.5, 160.0], [107415.0, 4220.0], [107412.5, 44190.0], [107405.0, 10000.0], [107402.5, 1220.0], [107390.0, 1220.0], [107385.0, 3000.0], [107377.5, 1220.0], [107370.0, 16200.0], [107367.5, 2370.0], [107360.0, 1270.0], [107355.0, 3000.0], [107322.5, 1220.0]], "asks": [[107450.0, 10000.0], [107457.5, 8780.0], [107460.0, 35410.0], [107470.0, 39010.0], [107475.0, 1380.0], [107477.5, 45000.0], [107485.0, 35410.0], [107487.5, 1220.0], [107502.5, 3220.0], [107527.5, 1220.0], [107540.0, 1220.0], [107552.5, 1220.0], [107565.0, 1220.0], [107577.5, 1270.0], [107602.5, 1220.0], [107605.0, 15630.0], [107615.0, 1220.0], [107637.5, 1270.0], [107640.0, 45910.0], [107662.5, 1270.0]]}}}
{"jsonrpc": "2.0", "method": "subscription", "params": {"channel": "book.BTC-7NOV25.none.20.100ms", "data": {"timestamp": 1762153361639, "change_id": 124894234134, "instrument_name": "BTC-7NOV25", "bids": [[107355.0, 1840.0], [107352.5, 1580.0], [107345.0, 3600.0], [107342.5, 79680.0], [107340.0, 3600.0], [107337.5, 1600.0], [107332.5, 44090.0], [107330.0, 210.0], [107325.0, 36300.0], [107322.5, 160.0], [107320.0, 3000.0], [107312.5, 3620.0], [107310.0, 10000.0], [107300.0, 1620.0], [107290.0, 3000.0], [107275.0, 1580.0], [107270.0, 24300.0], [107262.5, 1580.0], [107260.0, 3000.0], [107237.5, 1620.0]], "asks": [[107357.5, 10000.0], [107365.0, 45000.0], [107367.5, 34680.0], [107370.0, 1580.0], [107380.0, 43620.0], [107385.0, 1620.0], [107390.0, 16080.0], [107397.5, 1620.0], [107447.5, 1620.0], [107467.5, 1620.0], [107502.5, 24230.0], [107505.0, 1620.0], [107535.0, 26740.0], [107560.0, 1650.0], [107567.5, 45910.0], [107585.0, 1640.0], [107610.0, 27100.0], [107660.0, 1650.0], [107662.5, 50460.0], [107672.5, 1620.0]]}}}
{"jsonrpc": "2.0", "method": "subscription", "params": {"channel": "book.BTC-14NOV25.none.20.100ms", "data": {"timestamp": 1762153362134, "change_id": 124894235159, "instrument_name": "BTC-14NOV25", "bids": [[107447.5, 6060.0], [107442.5, 17030.0], [107440.0, 45000.0], [107435.0, 10570.0], [107432.5, 35410.0], [107430.0, 160.0], [107427.5, 11960.0], [107425.0, 38590.0], [107422.5, 8780.0], [107420.0, 1260.0], [107417.5, 3000.0], [107415.0, 5490.0], [107412.5, 45410.0], [107402.5, 1220.0], [107390.0, 1220.0], [107387.5, 3000.0], [107377.5, 1220.0], [107370.0, 16200.0], [107367.5, 2370.0], [107360.0, 1270.0]], "asks": [[107450.0, 10000.0], [107467.5, 20420.0], [107470.0, 35410.0], [107472.5, 410.0], [107475.0, 14810.0], [107477.5, 45000.0], [107482.5, 10570.0], [107485.0, 35410.0], [107487.5, 1220.0], [107500.0, 960.0], [107502.5, 3220.0], [107527.5, 1220.0], [107540.0, 1220.0], [107552.5, 1220.0], [107565.0, 1220.0], [107577.5, 1270.0], [107602.5, 1220.0], [107605.0, 15630.0], [107615.0, 1220.0], [107637.5, 1270.0]]}}}
{"jsonrpc": "2.0", "method": "subscription", "params": {"channel": "book.BTC-7NOV25.none.20.100ms", "data": {"timestamp": 1762153361924, "change_id": 124894235404, "instrument_name": "BTC-7NOV25", "bids": [[107355.0, 3420.0], [107352.5, 13430.0], [107350.0, 45000.0], [107347.5, 1070.0], [107345.0, 15030.0], [107342.5, 43460.0], [107340.0, 4080.0], [107337.5, 1600.0], [107335.0, 13380.0], [107332.5, 35310.0], [107330.0, 210.0], [107327.5, 10840.0], [107325.0, 46300.0], [107322.5, 900.0], [107320.0, 3000.0], [107315.0, 1080.0], [107312.5, 3620.0], [107302.5, 480.0], [107300.0, 1620.0], [107292.5, 900.0]], "asks": [[107357.5, 10000.0], [107365.0, 10820.0], [107367.5, 34680.0], [107370.0, 1580.0], [107377.5, 13020.0], [107380.0, 34840.0], [107382.5, 480.0], [107385.0, 1620.0], [107387.5, 7420.0], [107390.0, 24860.0], [107395.0, 480.0], [107397.5, 1620.0], [107445.0, 480.0], [107447.5, 1620.0], [107465.0, 480.0], [107467.5, 1620.0], [107500.0, 7720.0], [107502.5, 24230.0], [107505.0, 1620.0], [107532.5, 7980.0]]}}}
{"jsonrpc": "2.0", "method": "subscription", "params": {"channel": "book.BTC-14NOV25.none.20.100ms", "data": {"timestamp": 1762153362446, "change_id": 124894235854, "instrument_name": "BTC-14NOV25", "bids": [[107447.5, 6060.0], [107442.5, 17030.0], [107440.0, 45000.0], [107435.0, 10570.0], [107432.5, 35410.0], [107430.0, 160.0], [107427.5, 11960.0], [107425.0, 40240.0], [107422.5, 8780.0], [107420.0, 11260.0], [107417.5, 3000.0], [107415.0, 5490.0], [107412.5, 35410.0], [107402.5, 1220.0], [107390.0, 1220.0], [107387.5, 3000.0], [107377.5, 1220.0], [107370.0, 16200.0], [107367.5, 2370.0], [107360.0, 1270.0]], "asks": [[107450.0, 10000.0], [107462.5, 1070.0], [107465.0, 3600.0], [107467.5, 20420.0], [107470.0, 35410.0], [107472.5, 410.0], [107475.0, 14810.0], [107477.5, 45000.0], [107482.5, 10570.0], [107485.0, 35770.0], [107487.5, 1220.0], [107500.0, 960.0], [107502.5, 3220.0], [107525.0, 360.0], [107527.5, 1220.0], [107537.5, 360.0], [107540.0, 1220.0], [107550.0, 360.0], [107552.5, 1220.0], [107562.5, 360.0]]}}}
{"jsonrpc": "2.0", "method": "subscription", "params": {"channel": "book.BTC-7NOV25.none.20.100ms", "data": {"timestamp": 1762153362446, "change_id": 124894235884, "instrument_name": "BTC-7NOV25", "bids": [[107355.0, 3420.0], [107352.5, 13430.0], [107350.0, 45000.0], [107347.5, 1070.0], [107345.0, 15030.0], [107342.5, 43460.0], [107340.0, 4080.0], [107337.5, 1600.0], [107335.0, 13380.0], [107332.5, 35310.0], [107330.0, 210.0], [107327.5, 10840.0], [107325.0, 46300.0], [107320.0, 3000.0], [107315.0, 1080.0], [107312.5, 3620.0], [107302.5, 480.0], [107300.0, 1620.0], [107292.5, 900.0], [107290.0, 3000.0]], "asks": [[107357.5, 10000.0], [107365.0, 10820.0], [107367.5, 34680.0], [107370.0, 1580.0], [107377.5, 13020.0], [107380.0, 34840.0], [107382.5, 480.0], [107385.0, 1620.0], [107387.5, 7420.0], [107390.0, 24860.0], [107395.0, 480.0], [107397.5, 1620.0], [107445.0, 480.0], [107447.5, 1620.0], [107465.0, 480.0], [107467.5, 1620.0], [107500.0, 7720.0], [107502.5, 24230.0], [107505.0, 1620.0], [107532.5, 7980.0]]}}}
{"jsonrpc": "2.0", "method": "subscription", "params": {"channel": "book.BTC-14NOV25.none.20.100ms", "data": {"timestamp": 1762153362775, "change_id": 124894236732, "instrument_name": "BTC-14NOV25", "bids": [[107447.5, 6060.0], [107442.5, 17030.0], [107440.0, 45000.0], [107435.0, 10570.0], [107432.5, 35410.0], [107430.0, 160.0], [107427.5, 11960.0], [107425.0, 40240.0], [107422.5, 8780.0], [107420.0, 11260.0], [107417.5, 22480.0], [107415.0, 5490.0], [107412.5, 35410.0], [107390.0, 1220.0], [107387.5, 3000.0], [107377.5, 1220.0], [107370.0, 16200.0], [107367.5, 2370.0], [107360.0, 1270.0], [107322.5, 1220.0]], "asks": [[107450.0, 10000.0], [107457.5, 10570.0], [107460.0, 35410.0], [107462.5, 1070.0], [107465.0, 3600.0], [107467.5, 20420.0], [107470.0, 35410.0], [107472.5, 410.0], [107475.0, 14810.0], [107477.5, 45000.0], [107482.5, 10570.0], [107485.0, 35770.0], [107487.5, 1220.0], [107500.0, 960.0], [107502.5, 3220.0], [107525.0, 360.0], [107527.5, 1220.0], [107537.5, 360.0], [107540.0, 1220.0], [107550.0, 360.0]]}}}
{"jsonrpc": "2.0", "method": "subscription", "params": {"channel": "book.BTC-14NOV25.none.20.100ms", "data": {"timestamp": 1762153363403, "change_id": 124894237527, "instrument_name": "BTC-14NOV25", "bids": [[107447.5, 9660.0], [107445.0, 2000.0], [107442.5, 17030.0], [107440.0, 45000.0], [107435.0, 10570.0], [107432.5, 35410.0], [107430.0, 160.0], [107427.5, 11960.0], [107425.0, 40240.0], [107422.5, 8780.0], [107420.0, 11260.0], [107417.5, 22480.0], [107415.0, 5490.0], [107412.5, 35410.0], [107390.0, 1220.0], [107387.5, 3000.0], [107377.5, 1220.0], [107370.0, 16200.0], [107367.5, 2370.0], [107360.0, 1270.0]], "asks": [[107450.0, 10000.0], [107455.0, 3600.0], [107457.5, 10570.0], [107460.0, 35410.0], [107467.5, 20420.0], [107470.0, 35410.0], [107472.5, 410.0], [107475.0, 14810.0], [107477.5, 45000.0], [107482.5, 10570.0], [107485.0, 35770.0], [107487.5, 1220.0], [107500.0, 960.0], [107502.5, 3220.0], [107525.0, 360.0], [107527.5, 1220.0], [107537.5, 360.0], [107540.0, 1220.0], [107550.0, 360.0], [107552.5, 1220.0]]}}}
{"jsonrpc": "2.0", "method": "subscription", "params": {"channel": "book.BTC-7NOV25.none.20.100ms", "data": {"timestamp": 1762153363541, "change_id": 124894237625, "instrument_name": "BTC-7NOV25", "bids": [[107355.0, 3420.0], [107352.5, 13430.0], [107350.0, 45000.0], [107347.5, 1070.0], [107345.0, 15030.0], [107342.5, 43460.0], [107340.0, 4080.0], [107337.5, 1600.0], [107335.0, 13380.0], [107332.5, 35310.0], [107330.0, 210.0], [107327.5, 10840.0], [107325.0, 46300.0], [107322.5, 900.0], [107320.0, 3000.0], [107315.0, 1080.0], [107312.5, 3620.0], [107302.5, 480.0], [107300.0, 1620.0], [107292.5, 900.0]], "asks": [[107357.5, 10000.0], [107365.0, 10820.0], [107367.5, 34680.0], [107370.0, 1580.0], [107377.5, 13020.0], [107380.0, 34840.0], [107382.5, 480.0], [107385.0, 1620.0], [107387.5, 7420.0], [107390.0, 24860.0], [107395.0, 480.0], [107397.5, 1620.0], [107445.0, 480.0], [107447.5, 1620.0], [107465.0, 480.0], [107467.5, 1620.0], [107500.0, 7720.0], [107502.5, 24230.0], [107505.0, 1620.0], [107532.5, 7980.0]]}}}
{"jsonrpc": "2.0", "method": "subscription", "params": {"channel": "book.BTC-14NOV25.none.20.100ms", "data": {"timestamp": 1762153363907, "change_id": 124894238393, "instrument_name": "BTC-14NOV25", "bids": [[107447.5, 6060.0], [107442.5, 17030.0], [107440.0, 45000.0], [107430.0, 160.0], [107427.5, 11960.0], [107425.0, 40240.0], [107422.5, 8780.0], [107420.0, 16910.0], [107417.5, 3000.0], [107415.0, 5490.0], [107412.5, 35410.0], [107390.0, 1220.0], [107387.5, 3000.0], [107377.5, 1220.0], [107370.0, 16200.0], [107367.5, 2370.0], [107360.0, 1270.0], [107322.5, 1220.0], [107297.5, 1220.0], [107292.5, 6340.0]], "asks": [[107450.0, 10000.0], [107455.0, 3600.0], [107457.5, 10570.0], [107460.0, 35410.0], [107467.5, 20420.0], [107470.0, 35410.0], [107472.5, 410.0], [107475.0, 14810.0], [107482.5, 10570.0], [107485.0, 35770.0], [107487.5, 1220.0], [107500.0, 960.0], [107502.5, 3220.0], [107525.0, 360.0], [107527.5, 1220.0], [107537.5, 360.0], [107540.0, 1220.0], [107550.0, 360.0], [107552.5, 1220.0], [107562.5, 360.0]]}}}
{"jsonrpc": "2.0", "method": "subscription", "params": {"channel": "book.BTC-7NOV25.none.20.100ms", "data": {"timestamp": 1762153363907, "change_id": 124894238396, "instrument_name": "BTC-7NOV25", "bids": [[107355.0, 1580.0], [107352.5, 13430.0], [107347.5, 1070.0], [107345.0, 3600.0], [107342.5, 8780.0], [107340.0, 4080.0], [107337.5, 1600.0], [107335.0, 13380.0], [107332.5, 35310.0], [107330.0, 210.0], [107327.5, 10840.0], [107325.0, 36300.0], [107322.5, 900.0], [107320.0, 3000.0], [107315.0, 1080.0], [107312.5, 3620.0], [107302.5, 480.0], [107300.0, 1620.0], [107292.5, 900.0], [107290.0, 3000.0]], "asks": [[107357.5, 10000.0], [107365.0, 10820.0], [107367.5, 34680.0], [107370.0, 15010.0], [107372.5, 45000.0], [107377.5, 13020.0], [107380.0, 34840.0], [107382.5, 480.0], [107385.0, 1620.0], [107387.5, 7420.0], [107390.0, 24860.0], [107395.0, 480.0], [107397.5, 1620.0], [107445.0, 480.0], [107447.5, 1620.0], [107465.0, 480.0], [107467.5, 1620.0], [107500.0, 7720.0], [107502.5, 24230.0], [107505.0, 1620.0]]}}}
{"jsonrpc": "2.0", "method": "subscription", "params": {"channel": "book.BTC-14NOV25.none.20.100ms", "data": {"timestamp": 1762153364201, "change_id": 124894239337, "instrument_name": "BTC-14NOV25", "bids": [[107447.5, 1840.0], [107442.5, 4820.0], [107440.0, 45000.0], [107437.5, 35410.0], [107427.5, 36630.0], [107425.0, 560.0], [107422.5, 11940.0], [107415.0, 1220.0], [107412.5, 45410.0], [107402.5, 1220.0], [107392.5, 3000.0], [107390.0, 1220.0], [107377.5, 1220.0], [107370.0, 16200.0], [107367.5, 2370.0], [107362.5, 3000.0], [107360.0, 1270.0], [107322.5, 1220.0], [107297.5, 1220.0], [107292.5, 6340.0]], "asks": [[107450.0, 10000.0], [107457.5, 3600.0], [107460.0, 35410.0], [107465.0, 45000.0], [107467.5, 8780.0], [107470.0, 35410.0], [107475.0, 1380.0], [107485.0, 35410.0], [107487.5, 1220.0], [107502.5, 3220.0], [107527.5, 1220.0], [107540.0, 1220.0], [107552.5, 1220.0], [107565.0, 1220.0], [107577.5, 1270.0], [107602.5, 1220.0], [107605.0, 15630.0], [107615.0, 1220.0], [107637.5, 1270.0], [107640.0, 45910.0]]}}}
{"jsonrpc": "2.0", "method": "subscription", "params": {"channel": "book.BTC-7NOV25.none.20.100ms", "data": {"timestamp": 1762153364181, "change_id": 124894239185, "instrument_name": "BTC-7NOV25", "bids": [[107355.0, 3420.0], [107347.5, 1070.0], [107345.0, 14890.0], [107342.5, 34680.0], [107340.0, 6640.0], [107337.5, 1600.0], [107335.0, 22460.0], [107332.5, 35310.0], [107330.0, 210.0], [107327.5, 11000.0], [107325.0, 36300.0], [107322.5, 900.0], [107320.0, 3000.0], [107315.0, 11080.0], [107312.5, 3620.0], [107302.5, 480.0], [107300.0, 1620.0], [107292.5, 900.0], [107290.0, 3000.0], [107277.5, 470.0]], "asks": [[107357.5, 10000.0], [107362.5, 13430.0], [107365.0, 55820.0], [107367.5, 34680.0], [107370.0, 1580.0], [107377.5, 21800.0], [107380.0, 34840.0], [107382.5, 480.0], [107385.0, 1620.0], [107387.5, 4800.0], [107390.0, 16080.0], [107395.0, 480.0], [107397.5, 1620.0], [107445.0, 480.0], [107447.5, 1620.0], [107465.0, 480.0], [107467.5, 1620.0], [107500.0, 7720.0], [107502.5, 24230.0], [107505.0, 1620.0]]}}}
{"jsonrpc": "2.0", "method": "subscription", "params": {"channel": "book.BTC-14NOV25.none.20.100ms", "data": {"timestamp": 1762153364503, "change_id": 124894239953, "instrument_name": "BTC-14NOV25", "bids": [[107447.5, 5260.0], [107442.5, 17030.0], [107440.0, 55570.0], [107437.5, 35410.0], [107430.0, 11100.0], [107427.5, 36630.0], [107425.0, 4120.0], [107422.5, 11940.0], [107417.5, 350.0], [107415.0, 1220.0], [107412.5, 45410.0], [107402.5, 1220.0], [107392.5, 3000.0], [107390.0, 1220.0], [107377.5, 1220.0], [107370.0, 16200.0], [107367.5, 2370.0], [107362.5, 3000.0], [107360.0, 1270.0], [107322.5, 1220.0]], "asks": [[107450.0, 10000.0], [107455.0, 1070.0], [107457.5, 3600.0], [107465.0, 13190.0], [107467.5, 8780.0], [107470.0, 35410.0], [107472.5, 410.0], [107475.0, 14810.0], [107477.5, 45000.0], [107482.5, 10570.0], [107485.0, 35770.0], [107487.5, 1220.0], [107500.0, 960.0], [107502.5, 3220.0], [107525.0, 360.0], [107527.5, 1220.0], [107537.5, 360.0], [107540.0, 1220.0], [107550.0, 360.0], [107552.5, 1220.0]]}}}
{"jsonrpc": "2.0", "method": "subscription", "params": {"channel": "book.BTC-7NOV25.none.20.100ms", "data": {"timestamp": 1762153364460, "change_id": 124894239972, "instrument_name": "BTC-7NOV25", "bids": [[107355.0, 3420.0], [107347.5, 3560.0], [107345.0, 35800.0], [107342.5, 34680.0], [107340.0, 49080.0], [107337.5, 1600.0], [107335.0, 13680.0], [107332.5, 35310.0], [107330.0, 210.0], [107327.5, 11000.0], [107325.0, 36300.0], [107322.5, 10900.0], [107320.0, 3000.0], [107315.0, 1080.0], [107312.5, 3620.0], [107302.5, 480.0], [107300.0, 1620.0], [107292.5, 900.0], [107290.0, 3000.0], [107277.5, 470.0]], "asks": [[107357.5, 10000.0], [107365.0, 10820.0], [107367.5, 34680.0], [107370.0, 1580.0], [107375.0, 26450.0], [107377.5, 53780.0], [107380.0, 34840.0], [107382.5, 480.0], [107385.0, 1620.0], [107387.5, 4800.0], [107390.0, 16080.0], [107395.0, 480.0], [107397.5, 1620.0], [107445.0, 480.0], [107447.5, 1620.0], [107465.0, 480.0], [107467.5, 1620.0], [107500.0, 7720.0], [107502.5, 24230.0], [107505.0, 1620.0]]}}}
{"jsonrpc": "2.0", "method": "subscription", "params": {"channel": "book.BTC-14NOV25.none.20.100ms", "data": {"timestamp": 1762153364770, "change_id": 124894240875, "instrument_name": "BTC-14NOV25", "bids": [[107447.5, 5260.0], [107442.5, 17030.0], [107440.0, 55570.0], [107437.5, 35410.0], [107435.0, 160.0], [107430.0, 11100.0], [107427.5, 36630.0], [107425.0, 4470.0], [107422.5, 11780.0], [107420.0, 10000.0], [107417.5, 350.0], [107415.0, 1220.0], [107412.5, 35410.0], [107402.5, 1220.0], [107392.5, 3000.0], [107390.0, 1220.0], [107377.5, 1220.0], [107370.0, 16200.0], [107367.5, 2370.0], [107362.5, 3000.0]], "asks": [[107450.0, 10000.0], [107455.0, 1070.0], [107457.5, 3600.0], [107465.0, 13190.0], [107467.5, 8780.0], [107470.0, 35410.0], [107472.5, 410.0], [107475.0, 14810.0], [107477.5, 45000.0], [107482.5, 10570.0], [107485.0, 35770.0], [107487.5, 1220.0], [107500.0, 960.0], [107502.5, 3220.0], [107525.0, 360.0], [107527.5, 1220.0], [107537.5, 360.0], [107540.0, 1220.0], [107550.0, 360.0], [107552.5, 1220.0]]}}}
