{"jsonrpc": "2.0", "method": "subscription", "params": {"channel": "book.BTC-9MAY25.none.20.100ms", "data": {"timestamp": 1746736596390, "change_id": 100115604721, "instrument_name": "BTC-9MAY25", "bids": [[101680.0, 10.0], [101675.0, 940.0], [101672.5, 3130.0], [101660.0, 1620.0], [101657.5, 5100.0], [101655.0, 300.0], [101647.5, 1500.0], [101645.0, 5950.0], [101640.0, 3130.0], [101635.0, 1500.0], [101632.5, 5010.0], [101630.0, 3000.0], [101627.5, 10000.0], [101617.5, 12880.0], [101615.0, 26500.0], [101612.5, 40.0], [101605.0, 5180.0], [101600.0, 10990.0], [101597.5, 36640.0], [101595.0, 1510.0]], "asks": [[101682.5, 10160.0], [101685.0, 7530.0], [101687.5, 4300.0], [101690.0, 20000.0], [101695.0, 3120.0], [101697.5, 13130.0], [101700.0, 16550.0], [101702.5, 50000.0], [101705.0, 5180.0], [101710.0, 300.0], [101720.0, 1600.0], [101722.5, 5030.0], [101725.0, 1640.0], [101727.5, 880.0], [101730.0, 5230.0], [101732.5, 2000.0], [101735.0, 5010.0], [101745.0, 4580.0], [101747.5, 5110.0], [101750.0, 25650.0]]}}}
{"jsonrpc": "2.0", "method": "subscription", "params": {"channel": "book.BTC-16MAY25.none.20.100ms", "data": {"timestamp": 1746736596747, "change_id": 100115605345, "instrument_name": "BTC-16MAY25", "bids": [[101817.5, 3400.0], [101815.0, 1320.0], [101812.5, 4400.0], [101810.0, 1320.0], [101807.5, 4400.0], [101805.0, 970.0], [101802.5, 3240.0], [101785.0, 2120.0], [101782.5, 6070.0], [101775.0, 20.0], [101772.5, 1810.0], [101770.0, 6040.0], [101760.0, 10000.0], [101757.5, 3240.0], [101750.0, 1810.0], [101747.5, 6040.0], [101737.5, 9760.0], [101735.0, 32540.0], [101727.5, 2000.0], [101722.5, 6000.0]], "asks": [[101822.5, 4400.0], [101825.0, 970.0], [101827.5, 3240.0], [101830.0, 1470.0], [101835.0, 3090.0], [101837.5, 10300.0], [101840.0, 1840.0], [101842.5, 6140.0], [101855.0, 9310.0], [101867.5, 6070.0], [101870.0, 100000.0], [101895.0, 6000.0], [101905.0, 1800.0], [101907.5, 6000.0], [101917.5, 1800.0], [101920.0, 6000.0], [101930.0, 1800.0], [101932.5, 6000.0], [101940.0, 20.0], [101942.5, 1800.0]]}}}
{"jsonrpc": "2.0", "method": "subscription", "params": {"channel": "book.BTC-16MAY25.none.20.100ms", "data": {"timestamp": 1746736597908, "change_id": 100115606632, "instrument_name": "BTC-16MAY25", "bids": [[101817.5, 4400.0], [101815.0, 1320.0], [101812.5, 4400.0], [101810.0, 1320.0], [101807.5, 4400.0], [101805.0, 970.0], [101802.5, 3240.0], [101785.0, 2120.0], [101782.5, 6070.0], [101775.0, 20.0], [101772.5, 1810.0], [101770.0, 6040.0], [101762.5, 3000.0], [101760.0, 10000.0], [101757.5, 3240.0], [101750.0, 1810.0], [101747.5, 6040.0], [101737.5, 9760.0], [101735.0, 32540.0], [101727.5, 2000.0]], "asks": [[101822.5, 10470.0], [101825.0, 970.0], [101827.5, 3240.0], [101830.0, 1470.0], [101835.0, 3090.0], [101837.5, 10300.0], [101840.0, 1840.0], [101842.5, 6140.0], [101855.0, 9310.0], [101865.0, 50000.0], [101867.5, 6070.0], [101870.0, 50000.0], [101895.0, 6000.0], [101905.0, 1800.0], [101907.5, 6000.0], [101917.5, 1800.0], [101920.0, 6000.0], [101930.0, 1800.0], [101932.5, 6000.0], [101940.0, 20.0]]}}}
{"jsonrpc": "2.0", "method": "subscription", "params": {"channel": "book.BTC-9MAY25.none.20.100ms", "data": {"timestamp": 1746736597896, "change_id": 100115606620, "instrument_name": "BTC-9MAY25", "bids": [[101680.0, 10.0], [101675.0, 940.0], [101672.5, 3130.0], [101660.0, 1620.0], [101657.5, 5100.0], [101655.0, 300.0], [101647.5, 1500.0], [101645.0, 5950.0], [101640.0, 3130.0], [101635.0, 1500.0], [101632.5, 5010.0], [101630.0, 3000.0], [101627.5, 10000.0], [101617.5, 12880.0], [101615.0, 26500.0], [101612.5, 40.0], [101607.5, 1550.0], [101605.0, 5180.0], [101600.0, 10990.0], [101597.5, 36640.0]], "asks": [[101682.5, 10160.0], [101685.0, 7530.0], [101687.5, 4300.0], [101690.0, 20000.0], [101695.0, 3120.0], [101697.5, 13130.0], [101700.0, 16550.0], [101702.5, 50000.0], [101705.0, 5180.0], [101710.0, 300.0], [101720.0, 1600.0], [101722.5, 5030.0], [101725.0, 1640.0], [101727.5, 880.0], [101730.0, 5230.0], [101732.5, 2000.0], [101735.0, 5010.0], [101745.0, 4580.0], [101747.5, 5110.0], [101750.0, 25650.0]]}}}
{"jsonrpc": "2.0", "method": "subscription", "params": {"channel": "book.BTC-16MAY25.none.20.100ms", "data": {"timestamp": 1746736598226, "change_id": 100115607254, "instrument_name": "BTC-16MAY25", "bids": [[101807.5, 4400.0], [101790.0, 970.0], [101787.5, 3240.0], [101785.0, 1820.0], [101782.5, 6070.0], [101775.0, 20.0], [101772.5, 1810.0], [101770.0, 6340.0], [101762.5, 3000.0], [101760.0, 10000.0], [101757.5, 3240.0], [101750.0, 1810.0], [101747.5, 6040.0], [101737.5, 9760.0], [101735.0, 32540.0], [101727.5, 2000.0], [101725.0, 1800.0], [101722.5, 6000.0], [101712.5, 1790.0], [101710.0, 5980.0]], "asks": [[101812.5, 6040.0], [101815.0, 4400.0], [101817.5, 4400.0], [101820.0, 1820.0], [101822.5, 6070.0], [101825.0, 440.0], [101830.0, 1470.0], [101835.0, 17700.0], [101837.5, 60300.0], [101840.0, 1840.0], [101842.5, 6140.0], [101855.0, 9310.0], [101867.5, 6070.0], [101870.0, 50000.0], [101895.0, 6000.0], [101905.0, 1800.0], [101907.5, 6000.0], [101917.5, 1800.0], [101920.0, 6000.0], [101930.0, 1800.0]]}}}
{"jsonrpc": "2.0", "method": "subscription", "params": {"channel": "book.BTC-9MAY25.none.20.100ms", "data": {"timestamp": 1746736598236, "change_id": 100115607276, "instrument_name": "BTC-9MAY25", "bids": [[101680.0, 10.0], [101660.0, 1620.0], [101657.5, 5100.0], [101655.0, 300.0], [101647.5, 1500.0], [101645.0, 5950.0], [101640.0, 3130.0], [101635.0, 1500.0], [101632.5, 5010.0], [101630.0, 3000.0], [101627.5, 10000.0], [101617.5, 12880.0], [101615.0, 26500.0], [101612.5, 40.0], [101607.5, 1550.0], [101605.0, 5180.0], [101600.0, 10990.0], [101597.5, 35000.0], [101595.0, 1510.0], [101592.5, 5030.0]], "asks": [[101682.5, 18260.0], [101685.0, 7530.0], [101687.5, 4300.0], [101690.0, 20000.0], [101695.0, 3120.0], [101697.5, 10000.0], [101700.0, 19680.0], [101702.5, 50000.0], [101705.0, 7180.0], [101710.0, 300.0], [101720.0, 1600.0], [101722.5, 5030.0], [101725.0, 1640.0], [101735.0, 5010.0], [101745.0, 4580.0], [101747.5, 5110.0], [101750.0, 25650.0], [101752.5, 50000.0], [101760.0, 1510.0], [101762.5, 5030.0]]}}}
{"jsonrpc": "2.0", "method": "subscription", "params": {"channel": "book.BTC-16MAY25.none.20.100ms", "data": {"timestamp": 1746736598496, "change_id": 100115608070, "instrument_name": "BTC-16MAY25", "bids": [[101800.0, 4400.0], [101797.5, 1320.0], [101795.0, 6200.0], [101792.5, 6000.0], [101787.5, 920.0], [101785.0, 5060.0], [101782.5, 6070.0], [101775.0, 20.0], [101772.5, 1900.0], [101770.0, 6340.0], [101762.5, 2710.0], [101760.0, 10970.0], [101757.5, 3240.0], [101750.0, 1810.0], [101747.5, 6040.0], [101737.5, 9760.0], [101735.0, 32540.0], [101730.0, 600.0], [101727.5, 2000.0], [101725.0, 1800.0]], "asks": [[101807.5, 2290.0], [101810.0, 8660.0], [101812.5, 3400.0], [101820.0, 4590.0], [101822.5, 6070.0], [101825.0, 10440.0], [101830.0, 1470.0], [101835.0, 17700.0], [101837.5, 50300.0], [101840.0, 1840.0], [101842.5, 6140.0], [101852.5, 2790.0], [101855.0, 9310.0], [101867.5, 21070.0], [101870.0, 50000.0], [101892.5, 1800.0], [101895.0, 6000.0], [101905.0, 1800.0], [101907.5, 6000.0], [101917.5, 1800.0]]}}}
{"jsonrpc": "2.0", "method": "subscription", "params": {"channel": "book.BTC-9MAY25.none.20.100ms", "data": {"timestamp": 1746736598545, "change_id": 100115608209, "instrument_name": "BTC-9MAY25", "bids": [[101680.0, 10.0], [101660.0, 2560.0], [101657.5, 5100.0], [101655.0, 3130.0], [101647.5, 1500.0], [101645.0, 5010.0], [101635.0, 1800.0], [101632.5, 5010.0], [101630.0, 3000.0], [101627.5, 10000.0], [101617.5, 12880.0], [101615.0, 26500.0], [101612.5, 40.0], [101610.0, 3130.0], [101607.5, 1550.0], [101605.0, 5180.0], [101600.0, 10990.0], [101597.5, 35000.0], [101595.0, 1510.0], [101592.5, 6670.0]], "asks": [[101682.5, 18260.0], [101685.0, 7530.0], [101687.5, 4300.0], [101690.0, 20000.0], [101695.0, 3120.0], [101697.5, 10000.0], [101700.0, 19680.0], [101702.5, 50000.0], [101705.0, 7180.0], [101710.0, 300.0], [101720.0, 1600.0], [101722.5, 5030.0], [101725.0, 1640.0], [101735.0, 5010.0], [101745.0, 4580.0], [101747.5, 5110.0], [101750.0, 25650.0], [101752.5, 50000.0], [101760.0, 1510.0], [101762.5, 5030.0]]}}}
{"jsonrpc": "2.0", "method": "subscription", "params": {"channel": "book.BTC-16MAY25.none.20.100ms", "data": {"timestamp": 1746736598805, "change_id": 100115608562, "instrument_name": "BTC-16MAY25", "bids": [[101800.0, 4400.0], [101797.5, 1320.0], [101795.0, 6200.0], [101792.5, 6000.0], [101787.5, 920.0], [101785.0, 5060.0], [101782.5, 6070.0], [101775.0, 20.0], [101772.5, 1900.0], [101770.0, 6340.0], [101762.5, 2710.0], [101760.0, 10970.0], [101757.5, 3240.0], [101750.0, 1810.0], [101747.5, 6040.0], [101737.5, 9760.0], [101735.0, 32540.0], [101730.0, 600.0], [101727.5, 2000.0], [101725.0, 1800.0]], "asks": [[101807.5, 2290.0], [101810.0, 7640.0], [101820.0, 4590.0], [101822.5, 6070.0], [101825.0, 10440.0], [101830.0, 1470.0], [101835.0, 17700.0], [101837.5, 50300.0], [101840.0, 1840.0], [101842.5, 6140.0], [101852.5, 2790.0], [101855.0, 9310.0], [101867.5, 21070.0], [101870.0, 50000.0], [101892.5, 1800.0], [101895.0, 6000.0], [101905.0, 1800.0], [101907.5, 6000.0], [101917.5, 1800.0], [101920.0, 6000.0]]}}}
{"jsonrpc": "2.0", "method": "subscription", "params": {"channel": "book.BTC-9MAY25.none.20.100ms", "data": {"timestamp": 1746736598864, "change_id": 100115608745, "instrument_name": "BTC-9MAY25", "bids": [[101680.0, 10.0], [101660.0, 2560.0], [101657.5, 5100.0], [101655.0, 3130.0], [101647.5, 1800.0], [101645.0, 5010.0], [101635.0, 1500.0], [101632.5, 5010.0], [101630.0, 3000.0], [101627.5, 10000.0], [101617.5, 12880.0], [101615.0, 26500.0], [101612.5, 40.0], [101610.0, 3130.0], [101607.5, 1550.0], [101605.0, 5180.0], [101600.0, 10990.0], [101597.5, 35000.0], [101595.0, 1510.0], [101592.5, 6670.0]], "asks": [[101682.5, 18260.0], [101685.0, 7530.0], [101687.5, 5100.0], [101690.0, 20000.0], [101695.0, 3120.0], [101697.5, 10000.0], [101700.0, 19680.0], [101702.5, 50000.0], [101705.0, 7180.0], [101710.0, 300.0], [101720.0, 1600.0], [101722.5, 5030.0], [101725.0, 1640.0], [101735.0, 5010.0], [101745.0, 4580.0], [101747.5, 5110.0], [101750.0, 25650.0], [101752.5, 50000.0], [101760.0, 1510.0], [101762.5, 5030.0]]}}}
{"jsonrpc": "2.0", "method": "subscription", "params": {"channel": "book.BTC-16MAY25.none.20.100ms", "data": {"timestamp": 1746736598979, "change_id": 100115608857, "instrument_name": "BTC-16MAY25", "bids": [[101800.0, 4400.0], [101797.5, 1320.0], [101795.0, 6200.0], [101792.5, 6000.0], [101787.5, 920.0], [101785.0, 5060.0], [101782.5, 6070.0], [101775.0, 20.0], [101772.5, 1900.0], [101770.0, 6340.0], [101762.5, 2710.0], [101760.0, 10970.0], [101757.5, 3240.0], [101750.0, 1810.0], [101747.5, 6040.0], [101737.5, 9760.0], [101735.0, 32540.0], [101730.0, 600.0], [101727.5, 2000.0], [101725.0, 1800.0]], "asks": [[101807.5, 2290.0], [101810.0, 7640.0], [101820.0, 4590.0], [101822.5, 6070.0], [101825.0, 10740.0], [101830.0, 1470.0], [101835.0, 17700.0], [101837.5, 50000.0], [101840.0, 1840.0], [101842.5, 6140.0], [101852.5, 2790.0], [101855.0, 9310.0], [101867.5, 21070.0], [101870.0, 50000.0], [101892.5, 1800.0], [101895.0, 6000.0], [101905.0, 1800.0], [101907.5, 6000.0], [101917.5, 1800.0], [101920.0, 6000.0]]}}}
{"jsonrpc": "2.0", "method": "subscription", "params": {"channel": "book.BTC-9MAY25.none.20.100ms", "data": {"timestamp": 1746736599247, "change_id": 100115609006, "instrument_name": "BTC-9MAY25", "bids": [[101680.0, 10.0], [101660.0, 2560.0], [101657.5, 5100.0], [101655.0, 3130.0], [101647.5, 1800.0], [101645.0, 5010.0], [101635.0, 1500.0], [101632.5, 5010.0], [101630.0, 3000.0], [101627.5, 10000.0], [101617.5, 12880.0], [101615.0, 26500.0], [101612.5, 980.0], [101610.0, 3130.0], [101607.5, 1550.0], [101605.0, 5180.0], [101600.0, 10990.0], [101597.5, 35000.0], [101595.0, 1510.0], [101592.5, 5030.0]], "asks": [[101682.5, 18260.0], [101685.0, 7530.0], [101687.5, 5100.0], [101690.0, 20000.0], [101695.0, 3120.0], [101697.5, 10300.0], [101700.0, 19680.0], [101702.5, 50000.0], [101705.0, 7180.0], [101720.0, 1600.0], [101722.5, 5030.0], [101725.0, 1640.0], [101735.0, 5010.0], [101745.0, 4580.0], [101747.5, 5110.0], [101750.0, 25650.0], [101752.5, 50000.0], [101760.0, 1510.0], [101762.5, 5030.0], [101775.0, 40.0]]}}}
{"jsonrpc": "2.0", "method": "subscription", "params": {"channel": "book.BTC-16MAY25.none.20.100ms", "data": {"timestamp": 1746736599417, "change_id": 100115609522, "instrument_name": "BTC-16MAY25", "bids": [[101802.5, 10400.0], [101800.0, 4400.0], [101797.5, 1320.0], [101795.0, 6200.0], [101792.5, 6000.0], [101785.0, 1820.0], [101782.5, 6070.0], [101780.0, 980.0], [101777.5, 3240.0], [101775.0, 20.0], [101772.5, 1900.0], [101770.0, 6340.0], [101760.0, 970.0], [101757.5, 3240.0], [101750.0, 1810.0], [101747.5, 6040.0], [101745.0, 3000.0], [101742.5, 10000.0], [101737.5, 9760.0], [101735.0, 32540.0]], "asks": [[101805.0, 4400.0], [101807.5, 2290.0], [101810.0, 7640.0], [101820.0, 4590.0], [101822.5, 6070.0], [101825.0, 10740.0], [101830.0, 1470.0], [101835.0, 17700.0], [101837.5, 50000.0], [101840.0, 1840.0], [101842.5, 6140.0], [101852.5, 2790.0], [101855.0, 9310.0], [101867.5, 21070.0], [101870.0, 50000.0], [101892.5, 1800.0], [101895.0, 6000.0], [101905.0, 1800.0], [101907.5, 6000.0], [101917.5, 1800.0]]}}}
{"jsonrpc": "2.0", "method": "subscription", "params": {"channel": "book.BTC-9MAY25.none.20.100ms", "data": {"timestamp": 1746736599414, "change_id": 100115609519, "instrument_name": "BTC-9MAY25", "bids": [[101680.0, 10.0], [101660.0, 1530.0], [101657.5, 5100.0], [101650.0, 1030.0], [101647.5, 3430.0], [101635.0, 1500.0], [101632.5, 5010.0], [101617.5, 12880.0], [101615.0, 26500.0], [101612.5, 980.0], [101610.0, 13130.0], [101607.5, 1550.0], [101605.0, 5180.0], [101600.0, 10990.0], [101597.5, 35000.0], [101595.0, 1510.0], [101592.5, 5030.0], [101590.0, 1640.0], [101582.5, 5810.0], [101580.0, 19380.0]], "asks": [[101682.5, 18260.0], [101685.0, 7530.0], [101687.5, 25100.0], [101695.0, 3120.0], [101697.5, 10300.0], [101700.0, 19680.0], [101702.5, 50000.0], [101705.0, 7180.0], [101720.0, 1600.0], [101722.5, 5030.0], [101725.0, 1640.0], [101735.0, 5010.0], [101745.0, 4580.0], [101747.5, 5110.0], [101750.0, 25650.0], [101752.5, 50000.0], [101760.0, 1510.0], [101762.5, 5030.0], [101775.0, 40.0], [101795.0, 1490.0]]}}}
{"jsonrpc": "2.0", "method": "subscription", "params": {"channel": "book.BTC-16MAY25.none.20.100ms", "data": {"timestamp": 1746736599868, "change_id": 100115610481, "instrument_name": "BTC-16MAY25", "bids": [[101802.5, 4400.0], [101800.0, 4400.0], [101797.5, 1320.0], [101795.0, 6200.0], [101792.5, 6000.0], [101790.0, 2290.0], [101787.5, 4400.0], [101785.0, 5060.0], [101782.5, 6070.0], [101775.0, 20.0], [101772.5, 1900.0], [101770.0, 6340.0], [101760.0, 970.0], [101757.5, 3240.0], [101750.0, 1810.0], [101747.5, 6040.0], [101745.0, 3000.0], [101742.5, 10000.0], [101737.5, 9760.0], [101735.0, 32540.0]], "asks": [[101805.0, 4400.0], [101807.5, 970.0], [101810.0, 3240.0], [101820.0, 4590.0], [101822.5, 6070.0], [101825.0, 10740.0], [101830.0, 1470.0], [101835.0, 17700.0], [101837.5, 50000.0], [101840.0, 1840.0], [101842.5, 6140.0], [101852.5, 2790.0], [101855.0, 9310.0], [101867.5, 21070.0], [101870.0, 50000.0], [101892.5, 1800.0], [101895.0, 6000.0], [101905.0, 1800.0], [101907.5, 6000.0], [101917.5, 1800.0]]}}}
{"jsonrpc": "2.0", "method": "subscription", "params": {"channel": "book.BTC-9MAY25.none.20.100ms", "data": {"timestamp": 1746736599859, "change_id": 100115610475, "instrument_name": "BTC-9MAY25", "bids": [[101680.0, 10.0], [101660.0, 2280.0], [101657.5, 5100.0], [101655.0, 3130.0], [101647.5, 300.0], [101635.0, 1500.0], [101632.5, 5010.0], [101617.5, 12880.0], [101615.0, 26500.0], [101612.5, 980.0], [101610.0, 13130.0], [101607.5, 1550.0], [101605.0, 5180.0], [101600.0, 10990.0], [101597.5, 35000.0], [101595.0, 1510.0], [101592.5, 5030.0], [101590.0, 1640.0], [101582.5, 5810.0], [101580.0, 19380.0]], "asks": [[101682.5, 18260.0], [101685.0, 12630.0], [101687.5, 20000.0], [101695.0, 3120.0], [101697.5, 10300.0], [101700.0, 19680.0], [101702.5, 50000.0], [101705.0, 7180.0], [101720.0, 1600.0], [101722.5, 5030.0], [101725.0, 1640.0], [101735.0, 5010.0], [101745.0, 4580.0], [101747.5, 5110.0], [101750.0, 25650.0], [101752.5, 50000.0], [101760.0, 1510.0], [101762.5, 5030.0], [101775.0, 40.0], [101795.0, 1490.0]]}}}
{"jsonrpc": "2.0", "method": "subscription", "params": {"channel": "book.BTC-16MAY25.none.20.100ms", "data": {"timestamp": 1746736600195, "change_id": 100115610703, "instrument_name": "BTC-16MAY25", "bids": [[101802.5, 4400.0], [101800.0, 4400.0], [101795.0, 6200.0], [101792.5, 6000.0], [101790.0, 2290.0], [101787.5, 4400.0], [101785.0, 5060.0], [101782.5, 6070.0], [101775.0, 20.0], [101772.5, 1900.0], [101770.0, 6340.0], [101760.0, 970.0], [101757.5, 3240.0], [101750.0, 1810.0], [101747.5, 6040.0], [101745.0, 3000.0], [101742.5, 10000.0], [101737.5, 9760.0], [101735.0, 32540.0], [101730.0, 600.0]], "asks": [[101805.0, 4400.0], [101807.5, 970.0], [101810.0, 3240.0], [101820.0, 4590.0], [101822.5, 6070.0], [101825.0, 10740.0], [101830.0, 1470.0], [101835.0, 17700.0], [101837.5, 50000.0], [101840.0, 1840.0], [101842.5, 6140.0], [101852.5, 2790.0], [101855.0, 9310.0], [101867.5, 21070.0], [101870.0, 50000.0], [101892.5, 1800.0], [101895.0, 6000.0], [101905.0, 1800.0], [101907.5, 6000.0], [101917.5, 1800.0]]}}}
{"jsonrpc": "2.0", "method": "subscription", "params": {"channel": "book.BTC-9MAY25.none.20.100ms", "data": {"timestamp": 1746736600224, "change_id": 100115610717, "instrument_name": "BTC-9MAY25", "bids": [[101680.0, 10.0], [101657.5, 5100.0], [101647.5, 300.0], [101642.5, 940.0], [101640.0, 3130.0], [101635.0, 1500.0], [101632.5, 5010.0], [101617.5, 12880.0], [101615.0, 26500.0], [101612.5, 3860.0], [101610.0, 13130.0], [101607.5, 1550.0], [101605.0, 5180.0], [101600.0, 10990.0], [101597.5, 35000.0], [101595.0, 1510.0], [101592.5, 5030.0], [101590.0, 1640.0], [101582.5, 5810.0], [101580.0, 19380.0]], "asks": [[101682.5, 18260.0], [101685.0, 12630.0], [101687.5, 20000.0], [101695.0, 3120.0], [101697.5, 10300.0], [101700.0, 19680.0], [101702.5, 50000.0], [101705.0, 7180.0], [101720.0, 1600.0], [101722.5, 5030.0], [101725.0, 1640.0], [101732.5, 1500.0], [101735.0, 5010.0], [101745.0, 4580.0], [101747.5, 5110.0], [101750.0, 25650.0], [101752.5, 50000.0], [101760.0, 1510.0], [101762.5, 5030.0], [101775.0, 40.0]]}}}
{"jsonrpc": "2.0", "method": "subscription", "params": {"channel": "book.BTC-9MAY25.none.20.100ms", "data": {"timestamp": 1746736600505, "change_id": 100115611286, "instrument_name": "BTC-9MAY25", "bids": [[101680.0, 10.0], [101657.5, 5100.0], [101647.5, 300.0], [101642.5, 940.0], [101640.0, 3130.0], [101635.0, 1500.0], [101632.5, 5010.0], [101617.5, 12880.0], [101615.0, 26500.0], [101612.5, 3860.0], [101610.0, 13130.0], [101607.5, 1550.0], [101605.0, 5180.0], [101600.0, 10990.0], [101597.5, 35000.0], [101595.0, 1510.0], [101592.5, 5030.0], [101590.0, 1640.0], [101582.5, 5810.0], [101580.0, 19380.0]], "asks": [[101682.5, 38260.0], [101685.0, 5100.0], [101695.0, 3120.0], [101697.5, 10300.0], [101700.0, 19680.0], [101702.5, 50000.0], [101705.0, 7180.0], [101720.0, 1600.0], [101722.5, 5030.0], [101725.0, 1640.0], [101732.5, 1500.0], [101735.0, 5010.0], [101745.0, 4580.0], [101747.5, 5110.0], [101750.0, 25650.0], [101752.5, 50000.0], [101760.0, 1510.0], [101762.5, 5030.0], [101775.0, 40.0], [101795.0, 1490.0]]}}}
{"jsonrpc": "2.0", "method": "subscription", "params": {"channel": "book.BTC-16MAY25.none.20.100ms", "data": {"timestamp": 1746736600764, "change_id": 100115611859, "instrument_name": "BTC-16MAY25", "bids": [[101797.5, 5720.0], [101795.0, 6200.0], [101792.5, 6000.0], [101790.0, 2290.0], [101787.5, 4400.0], [101785.0, 8460.0], [101782.5, 6070.0], [101775.0, 20.0], [101772.5, 1900.0], [101770.0, 6340.0], [101760.0, 970.0], [101757.5, 3240.0], [101750.0, 1810.0], [101747.5, 6040.0], [101745.0, 3000.0], [101742.5, 10000.0], [101737.5, 9760.0], [101735.0, 32540.0], [101730.0, 600.0], [101727.5, 2000.0]], "asks": [[101802.5, 6530.0], [101805.0, 4400.0], [101810.0, 3240.0], [101820.0, 4590.0], [101822.5, 6070.0], [101825.0, 10740.0], [101830.0, 16470.0], [101835.0, 50000.0], [101840.0, 1840.0], [101842.5, 6140.0], [101852.5, 2790.0], [101855.0, 9310.0], [101867.5, 21070.0], [101870.0, 50000.0], [101892.5, 1800.0], [101895.0, 6000.0], [101905.0, 1800.0], [101907.5, 6000.0], [101917.5, 1800.0], [101920.0, 6000.0]]}}}
{"jsonrpc": "2.0", "method": "subscription", "params": {"channel": "book.BTC-9MAY25.none.20.100ms", "data": {"timestamp": 1746736600844, "change_id": 100115612109, "instrument_name": "BTC-9MAY25", "bids": [[101680.0, 10.0], [101647.5, 300.0], [101642.5, 940.0], [101640.0, 3130.0], [101635.0, 1500.0], [101632.5, 5010.0], [101617.5, 12880.0], [101615.0, 26500.0], [101612.5, 3860.0], [101610.0, 13130.0], [101607.5, 1550.0], [101605.0, 5180.0], [101600.0, 10990.0], [101597.5, 35000.0], [101595.0, 1510.0], [101592.5, 5030.0], [101590.0, 1640.0], [101582.5, 5810.0], [101580.0, 19380.0], [101570.0, 1520.0]], "asks": [[101682.5, 38260.0], [101690.0, 1530.0], [101692.5, 5100.0], [101695.0, 3120.0], [101697.5, 10300.0], [101700.0, 19680.0], [101702.5, 50000.0], [101705.0, 7180.0], [101720.0, 1600.0], [101722.5, 5030.0], [101725.0, 1640.0], [101732.5, 1500.0], [101735.0, 5010.0], [101745.0, 4580.0], [101747.5, 5110.0], [101750.0, 25650.0], [101752.5, 50000.0], [101760.0, 1510.0], [101762.5, 5030.0], [101775.0, 40.0]]}}}
{"jsonrpc": "2.0", "method": "subscription", "params": {"channel": "book.BTC-16MAY25.none.20.100ms", "data": {"timestamp": 1746736601563, "change_id": 100115613266, "instrument_name": "BTC-16MAY25", "bids": [[101805.0, 6000.0], [101802.5, 3120.0], [101800.0, 13040.0], [101797.5, 4400.0], [101795.0, 5150.0], [101792.5, 3240.0], [101790.0, 2290.0], [101787.5, 4400.0], [101785.0, 5220.0], [101782.5, 6070.0], [101775.0, 20.0], [101772.5, 1900.0], [101770.0, 6340.0], [101760.0, 970.0], [101757.5, 3240.0], [101755.0, 10000.0], [101750.0, 1810.0], [101747.5, 6040.0], [101737.5, 9760.0], [101735.0, 32540.0]], "asks": [[101810.0, 4300.0], [101812.5, 1320.0], [101815.0, 4840.0], [101817.5, 1460.0], [101820.0, 4680.0], [101822.5, 9310.0], [101825.0, 10300.0], [101840.0, 1840.0], [101842.5, 6140.0], [101852.5, 50000.0], [101855.0, 9310.0], [101867.5, 21070.0], [101870.0, 50000.0], [101892.5, 1800.0], [101895.0, 6000.0], [101905.0, 1800.0], [101907.5, 6000.0], [101917.5, 1800.0], [101920.0, 6000.0], [101930.0, 1800.0]]}}}
{"jsonrpc": "2.0", "method": "subscription", "params": {"channel": "book.BTC-9MAY25.none.20.100ms", "data": {"timestamp": 1746736601548, "change_id": 100115613262, "instrument_name": "BTC-9MAY25", "bids": [[101680.0, 10.0], [101667.5, 3130.0], [101657.5, 1490.0], [101655.0, 4970.0], [101647.5, 300.0], [101640.0, 3130.0], [101632.5, 5010.0], [101625.0, 3000.0], [101622.5, 10000.0], [101617.5, 12880.0], [101615.0, 26500.0], [101612.5, 40.0], [101605.0, 5180.0], [101600.0, 10990.0], [101597.5, 35000.0], [101592.5, 5030.0], [101590.0, 1640.0], [101582.5, 5810.0], [101580.0, 19380.0], [101570.0, 1520.0]], "asks": [[101682.5, 30160.0], [101685.0, 940.0], [101687.5, 3130.0], [101690.0, 1530.0], [101692.5, 5100.0], [101695.0, 3120.0], [101697.5, 10300.0], [101700.0, 16550.0], [101702.5, 50000.0], [101705.0, 7180.0], [101712.5, 1640.0], [101720.0, 1600.0], [101722.5, 5030.0], [101727.5, 940.0], [101730.0, 3130.0], [101732.5, 1500.0], [101735.0, 5010.0], [101745.0, 4580.0], [101747.5, 5110.0], [101750.0, 25650.0]]}}}
{"jsonrpc": "2.0", "method": "subscription", "params": {"channel": "book.BTC-16MAY25.none.20.100ms", "data": {"timestamp": 1746736601832, "change_id": 100115613822, "instrument_name": "BTC-16MAY25", "bids": [[101805.0, 6000.0], [101802.5, 3120.0], [101800.0, 13040.0], [101797.5, 4400.0], [101795.0, 5150.0], [101792.5, 3240.0], [101790.0, 2290.0], [101787.5, 4400.0], [101785.0, 5220.0], [101782.5, 6070.0], [101775.0, 20.0], [101772.5, 1900.0], [101770.0, 6340.0], [101760.0, 970.0], [101757.5, 3240.0], [101755.0, 10000.0], [101750.0, 1810.0], [101747.5, 6040.0], [101737.5, 9760.0], [101735.0, 32540.0]], "asks": [[101810.0, 4300.0], [101812.5, 1320.0], [101815.0, 4840.0], [101817.5, 1460.0], [101820.0, 4680.0], [101822.5, 9310.0], [101825.0, 10300.0], [101840.0, 1840.0], [101842.5, 6140.0], [101852.5, 50000.0], [101855.0, 9310.0], [101867.5, 21070.0], [101870.0, 50000.0], [101892.5, 1800.0], [101895.0, 6000.0], [101905.0, 1800.0], [101907.5, 6000.0], [101917.5, 1800.0], [101920.0, 6000.0], [101930.0, 1800.0]]}}}
{"jsonrpc": "2.0", "method": "subscription", "params": {"channel": "book.BTC-9MAY25.none.20.100ms", "data": {"timestamp": 1746736601833, "change_id": 100115613825, "instrument_name": "BTC-9MAY25", "bids": [[101680.0, 10.0], [101670.0, 940.0], [101667.5, 3130.0], [101662.5, 1530.0], [101660.0, 5100.0], [101657.5, 1490.0], [101655.0, 4970.0], [101647.5, 300.0], [101640.0, 3130.0], [101632.5, 5010.0], [101625.0, 3000.0], [101622.5, 10000.0], [101617.5, 12880.0], [101615.0, 26500.0], [101612.5, 40.0], [101605.0, 5180.0], [101600.0, 10990.0], [101597.5, 35000.0], [101595.0, 1510.0], [101592.5, 6670.0]], "asks": [[101682.5, 30160.0], [101685.0, 940.0], [101687.5, 3130.0], [101690.0, 2870.0], [101692.5, 5100.0], [101695.0, 8220.0], [101697.5, 10300.0], [101700.0, 16550.0], [101702.5, 50000.0], [101705.0, 7180.0], [101712.5, 1640.0], [101720.0, 1600.0], [101722.5, 5030.0], [101727.5, 940.0], [101730.0, 3130.0], [101732.5, 1500.0], [101735.0, 5010.0], [101745.0, 4580.0], [101747.5, 5110.0], [101750.0, 25650.0]]}}}
{"jsonrpc": "2.0", "method": "subscription", "params": {"channel": "book.BTC-16MAY25.none.20.100ms", "data": {"timestamp": 1746736602213, "change_id": 100115614071, "instrument_name": "BTC-16MAY25", "bids": [[101802.5, 3120.0], [101800.0, 13040.0], [101797.5, 4400.0], [101795.0, 5150.0], [101792.5, 3240.0], [101790.0, 2290.0], [101787.5, 4400.0], [101785.0, 5220.0], [101782.5, 6070.0], [101775.0, 20.0], [101772.5, 1900.0], [101770.0, 6340.0], [101760.0, 970.0], [101757.5, 3240.0], [101755.0, 10000.0], [101750.0, 1810.0], [101747.5, 6040.0], [101737.5, 9760.0], [101735.0, 32540.0], [101730.0, 600.0]], "asks": [[101807.5, 5220.0], [101815.0, 4840.0], [101817.5, 1460.0], [101820.0, 4680.0], [101822.5, 9310.0], [101825.0, 10300.0], [101840.0, 1840.0], [101842.5, 6140.0], [101852.5, 50000.0], [101855.0, 9310.0], [101867.5, 21070.0], [101870.0, 50000.0], [101892.5, 1800.0], [101895.0, 6000.0], [101905.0, 1800.0], [101907.5, 6000.0], [101917.5, 1800.0], [101920.0, 6000.0], [101930.0, 1800.0], [101932.5, 6000.0]]}}}
{"jsonrpc": "2.0", "method": "subscription", "params": {"channel": "book.BTC-9MAY25.none.20.100ms", "data": {"timestamp": 1746736602165, "change_id": 100115614057, "instrument_name": "BTC-9MAY25", "bids": [[101680.0, 10.0], [101670.0, 940.0], [101667.5, 3130.0], [101662.5, 1530.0], [101660.0, 5100.0], [101657.5, 1490.0], [101655.0, 4970.0], [101647.5, 300.0], [101640.0, 3130.0], [101632.5, 5010.0], [101625.0, 3000.0], [101622.5, 10000.0], [101617.5, 12880.0], [101615.0, 26500.0], [101612.5, 40.0], [101605.0, 5180.0], [101600.0, 10990.0], [101597.5, 35000.0], [101595.0, 1510.0], [101592.5, 6670.0]], "asks": [[101682.5, 30160.0], [101685.0, 940.0], [101687.5, 3130.0], [101690.0, 2870.0], [101692.5, 5100.0], [101695.0, 8220.0], [101697.5, 10300.0], [101700.0, 16550.0], [101702.5, 50000.0], [101705.0, 7180.0], [101712.5, 1640.0], [101720.0, 1600.0], [101722.5, 5030.0], [101727.5, 940.0], [101730.0, 3130.0], [101732.5, 1500.0], [101735.0, 5010.0], [101745.0, 4580.0], [101747.5, 5110.0], [101750.0, 25650.0]]}}}
{"jsonrpc": "2.0", "method": "subscription", "params": {"channel": "book.BTC-16MAY25.none.20.100ms", "data": {"timestamp": 1746736602535, "change_id": 100115614728, "instrument_name": "BTC-16MAY25", "bids": [[101800.0, 4400.0], [101797.5, 4400.0], [101795.0, 4400.0], [101790.0, 2290.0], [101787.5, 4400.0], [101785.0, 8460.0], [101782.5, 6070.0], [101775.0, 20.0], [101772.5, 1900.0], [101770.0, 6340.0], [101760.0, 970.0], [101757.5, 3240.0], [101755.0, 10000.0], [101750.0, 1810.0], [101747.5, 6040.0], [101737.5, 9760.0], [101735.0, 32540.0], [101730.0, 600.0], [101727.5, 2000.0], [101725.0, 1800.0]], "asks": [[101805.0, 1170.0], [101807.5, 3900.0], [101812.5, 2130.0], [101815.0, 8080.0], [101817.5, 1460.0], [101820.0, 4680.0], [101822.5, 6070.0], [101825.0, 10300.0], [101840.0, 1840.0], [101842.5, 6140.0], [101852.5, 50000.0], [101855.0, 9310.0], [101867.5, 21070.0], [101870.0, 50000.0], [101892.5, 1800.0], [101895.0, 6000.0], [101905.0, 1800.0], [101907.5, 6000.0], [101917.5, 1800.0], [101920.0, 6000.0]]}}}
{"jsonrpc": "2.0", "method": "subscription", "params": {"channel": "book.BTC-9MAY25.none.20.100ms", "data": {"timestamp": 1746736602487, "change_id": 100115614599, "instrument_name": "BTC-9MAY25", "bids": [[101680.0, 10.0], [101660.0, 5100.0], [101647.5, 300.0], [101642.5, 940.0], [101640.0, 3130.0], [101632.5, 5010.0], [101625.0, 3000.0], [101622.5, 10000.0], [101617.5, 12880.0], [101615.0, 26500.0], [101612.5, 40.0], [101605.0, 5180.0], [101600.0, 10990.0], [101597.5, 35000.0], [101595.0, 1510.0], [101592.5, 6670.0], [101582.5, 5810.0], [101580.0, 19380.0], [101570.0, 1520.0], [101567.5, 5050.0]], "asks": [[101682.5, 33290.0], [101690.0, 2870.0], [101692.5, 5100.0], [101695.0, 8220.0], [101697.5, 10300.0], [101700.0, 19680.0], [101702.5, 50000.0], [101705.0, 7180.0], [101712.5, 1640.0], [101720.0, 1600.0], [101722.5, 5030.0], [101732.5, 1500.0], [101735.0, 5010.0], [101745.0, 4580.0], [101747.5, 5110.0], [101750.0, 25650.0], [101752.5, 50000.0], [101760.0, 1510.0], [101762.5, 5030.0], [101775.0, 40.0]]}}}
{"jsonrpc": "2.0", "method": "subscription", "params": {"channel": "book.BTC-16MAY25.none.20.100ms", "data": {"timestamp": 1746736602883, "change_id": 100115615411, "instrument_name": "BTC-16MAY25", "bids": [[101800.0, 10400.0], [101797.5, 6200.0], [101795.0, 6000.0], [101790.0, 2290.0], [101787.5, 4400.0], [101785.0, 8460.0], [101782.5, 6070.0], [101775.0, 20.0], [101772.5, 1900.0], [101770.0, 6340.0], [101760.0, 970.0], [101757.5, 3240.0], [101755.0, 10000.0], [101750.0, 1810.0], [101747.5, 6040.0], [101737.5, 9760.0], [101735.0, 32540.0], [101730.0, 600.0], [101727.5, 2000.0], [101725.0, 1800.0]], "asks": [[101802.5, 4400.0], [101812.5, 2130.0], [101815.0, 8080.0], [101817.5, 1460.0], [101820.0, 4680.0], [101822.5, 6070.0], [101825.0, 10300.0], [101840.0, 1840.0], [101842.5, 6140.0], [101852.5, 50000.0], [101855.0, 9310.0], [101867.5, 21070.0], [101870.0, 50000.0], [101892.5, 1800.0], [101895.0, 6000.0], [101905.0, 1800.0], [101907.5, 6000.0], [101917.5, 1800.0], [101920.0, 6000.0], [101930.0, 1800.0]]}}}
{"jsonrpc": "2.0", "method": "subscription", "params": {"channel": "book.BTC-9MAY25.none.20.100ms", "data": {"timestamp": 1746736602867, "change_id": 100115615401, "instrument_name": "BTC-9MAY25", "bids": [[101680.0, 10.0], [101655.0, 940.0], [101652.5, 3130.0], [101647.5, 300.0], [101635.0, 1500.0], [101632.5, 5010.0], [101625.0, 3000.0], [101622.5, 10000.0], [101617.5, 12880.0], [101615.0, 26500.0], [101612.5, 40.0], [101610.0, 3130.0], [101605.0, 5180.0], [101600.0, 10990.0], [101597.5, 35000.0], [101595.0, 1510.0], [101592.5, 6670.0], [101582.5, 5810.0], [101580.0, 19380.0], [101570.0, 1520.0]], "asks": [[101682.5, 28190.0], [101685.0, 1530.0], [101687.5, 5100.0], [101690.0, 2870.0], [101692.5, 5100.0], [101695.0, 8220.0], [101697.5, 10300.0], [101700.0, 19680.0], [101702.5, 50000.0], [101705.0, 7180.0], [101712.5, 1640.0], [101720.0, 1600.0], [101722.5, 5030.0], [101732.5, 1500.0], [101735.0, 5010.0], [101745.0, 4580.0], [101747.5, 5110.0], [101750.0, 25650.0], [101752.5, 50000.0], [101760.0, 1510.0]]}}}
{"jsonrpc": "2.0", "method": "subscription", "params": {"channel": "book.BTC-16MAY25.none.20.100ms", "data": {"timestamp": 1746736603206, "change_id": 100115615633, "instrument_name": "BTC-16MAY25", "bids": [[101802.5, 7520.0], [101800.0, 13520.0], [101797.5, 4400.0], [101795.0, 6000.0], [101790.0, 2290.0], [101787.5, 4400.0], [101785.0, 8460.0], [101782.5, 6070.0], [101775.0, 20.0], [101772.5, 1900.0], [101770.0, 6340.0], [101760.0, 3850.0], [101757.5, 3240.0], [101755.0, 10000.0], [101750.0, 1810.0], [101747.5, 6040.0], [101737.5, 9760.0], [101735.0, 32540.0], [101730.0, 600.0], [101727.5, 2000.0]], "asks": [[101812.5, 2130.0], [101815.0, 8080.0], [101817.5, 1460.0], [101820.0, 4680.0], [101822.5, 6070.0], [101825.0, 10300.0], [101840.0, 1840.0], [101842.5, 6140.0], [101847.5, 50000.0], [101855.0, 9310.0], [101867.5, 21070.0], [101870.0, 50000.0], [101892.5, 1800.0], [101895.0, 6000.0], [101905.0, 1800.0], [101907.5, 6000.0], [101917.5, 1800.0], [101920.0, 6000.0], [101930.0, 1800.0], [101932.5, 6000.0]]}}}
{"jsonrpc": "2.0", "method": "subscription", "params": {"channel": "book.BTC-16MAY25.none.20.100ms", "data": {"timestamp": 1746736603536, "change_id": 100115616186, "instrument_name": "BTC-16MAY25", "bids": [[101802.5, 7520.0], [101800.0, 13520.0], [101797.5, 4400.0], [101795.0, 6000.0], [101790.0, 2290.0], [101787.5, 4400.0], [101785.0, 8460.0], [101782.5, 6070.0], [101775.0, 20.0], [101772.5, 1900.0], [101770.0, 6340.0], [101760.0, 3850.0], [101757.5, 3240.0], [101755.0, 10000.0], [101750.0, 1810.0], [101747.5, 6040.0], [101737.5, 9760.0], [101735.0, 32540.0], [101730.0, 600.0], [101727.5, 2000.0]], "asks": [[101812.5, 2130.0], [101815.0, 8080.0], [101817.5, 1460.0], [101820.0, 4680.0], [101822.5, 6070.0], [101825.0, 10300.0], [101840.0, 1840.0], [101842.5, 6140.0], [101852.5, 50000.0], [101855.0, 9310.0], [101867.5, 21070.0], [101870.0, 50000.0], [101892.5, 1800.0], [101895.0, 6000.0], [101905.0, 1800.0], [101907.5, 6000.0], [101917.5, 1800.0], [101920.0, 6000.0], [101930.0, 1800.0], [101932.5, 6000.0]]}}}
{"jsonrpc": "2.0", "method": "subscription", "params": {"channel": "book.BTC-9MAY25.none.20.100ms", "data": {"timestamp": 1746736603538, "change_id": 100115616187, "instrument_name": "BTC-9MAY25", "bids": [[101680.0, 10.0], [101662.5, 940.0], [101660.0, 3130.0], [101647.5, 300.0], [101642.5, 940.0], [101640.0, 3130.0], [101635.0, 1500.0], [101632.5, 5010.0], [101625.0, 3000.0], [101622.5, 10000.0], [101617.5, 12880.0], [101615.0, 26500.0], [101612.5, 40.0], [101607.5, 1550.0], [101605.0, 5180.0], [101600.0, 10990.0], [101597.5, 35000.0], [101595.0, 1510.0], [101592.5, 5030.0], [101590.0, 1640.0]], "asks": [[101682.5, 28190.0], [101685.0, 1530.0], [101687.5, 5100.0], [101690.0, 2870.0], [101692.5, 5100.0], [101695.0, 8220.0], [101697.5, 10300.0], [101700.0, 19680.0], [101702.5, 50000.0], [101705.0, 7180.0], [101710.0, 490.0], [101712.5, 1640.0], [101720.0, 1600.0], [101722.5, 5030.0], [101732.5, 1500.0], [101735.0, 5010.0], [101745.0, 4580.0], [101747.5, 5110.0], [101750.0, 25650.0], [101752.5, 50000.0]]}}}
{"jsonrpc": "2.0", "method": "subscription", "params": {"channel": "book.BTC-16MAY25.none.20.100ms", "data": {"timestamp": 1746736603832, "change_id": 100115616732, "instrument_name": "BTC-16MAY25", "bids": [[101802.5, 4400.0], [101800.0, 4400.0], [101797.5, 4400.0], [101787.5, 4400.0], [101785.0, 8460.0], [101782.5, 6070.0], [101775.0, 20.0], [101772.5, 1900.0], [101770.0, 6340.0], [101760.0, 3850.0], [101757.5, 3240.0], [101755.0, 10000.0], [101750.0, 1810.0], [101747.5, 6040.0], [101737.5, 9760.0], [101735.0, 32540.0], [101730.0, 600.0], [101727.5, 2000.0], [101725.0, 1800.0], [101722.5, 6000.0]], "asks": [[101807.5, 12760.0], [101810.0, 4400.0], [101815.0, 3680.0], [101817.5, 1460.0], [101820.0, 4680.0], [101822.5, 6070.0], [101825.0, 10300.0], [101840.0, 51840.0], [101842.5, 6140.0], [101855.0, 9310.0], [101867.5, 21070.0], [101870.0, 50000.0], [101892.5, 1800.0], [101895.0, 6000.0], [101905.0, 1800.0], [101907.5, 6000.0], [101917.5, 1800.0], [101920.0, 6000.0], [101930.0, 1800.0], [101932.5, 6000.0]]}}}
{"jsonrpc": "2.0", "method": "subscription", "params": {"channel": "book.BTC-9MAY25.none.20.100ms", "data": {"timestamp": 1746736603814, "change_id": 100115616588, "instrument_name": "BTC-9MAY25", "bids": [[101680.0, 10.0], [101662.5, 5100.0], [101655.0, 3130.0], [101647.5, 300.0], [101642.5, 940.0], [101640.0, 3130.0], [101635.0, 1500.0], [101632.5, 5010.0], [101625.0, 3000.0], [101622.5, 10000.0], [101617.5, 12880.0], [101615.0, 26500.0], [101612.5, 40.0], [101607.5, 1550.0], [101605.0, 5180.0], [101600.0, 10990.0], [101597.5, 35000.0], [101595.0, 1510.0], [101592.5, 5030.0], [101582.5, 5810.0]], "asks": [[101682.5, 33290.0], [101685.0, 1530.0], [101687.5, 5100.0], [101690.0, 2870.0], [101692.5, 5100.0], [101695.0, 8220.0], [101697.5, 10300.0], [101700.0, 19680.0], [101702.5, 50000.0], [101705.0, 7180.0], [101710.0, 490.0], [101712.5, 1640.0], [101720.0, 1600.0], [101722.5, 5030.0], [101732.5, 1500.0], [101735.0, 5010.0], [101745.0, 4580.0], [101747.5, 5110.0], [101750.0, 25650.0], [101752.5, 50000.0]]}}}
{"jsonrpc": "2.0", "method": "subscription", "params": {"channel": "book.BTC-16MAY25.none.20.100ms", "data": {"timestamp": 1746736604203, "change_id": 100115617079, "instrument_name": "BTC-16MAY25", "bids": [[101802.5, 4400.0], [101800.0, 4400.0], [101797.5, 4400.0], [101790.0, 3310.0], [101787.5, 4400.0], [101785.0, 8460.0], [101782.5, 6070.0], [101775.0, 20.0], [101772.5, 1900.0], [101770.0, 6340.0], [101760.0, 3850.0], [101757.5, 3240.0], [101755.0, 10000.0], [101750.0, 1810.0], [101747.5, 6040.0], [101737.5, 9760.0], [101735.0, 32540.0], [101730.0, 600.0], [101727.5, 2000.0], [101725.0, 1800.0]], "asks": [[101807.5, 6690.0], [101810.0, 4400.0], [101815.0, 3680.0], [101817.5, 1460.0], [101820.0, 4680.0], [101822.5, 6070.0], [101825.0, 10300.0], [101832.5, 15000.0], [101835.0, 50000.0], [101840.0, 1840.0], [101842.5, 6140.0], [101855.0, 9310.0], [101867.5, 21070.0], [101870.0, 50000.0], [101892.5, 1800.0], [101895.0, 6000.0], [101905.0, 1800.0], [101907.5, 6000.0], [101917.5, 1800.0], [101920.0, 6000.0]]}}}
{"jsonrpc": "2.0", "method": "subscription", "params": {"channel": "book.BTC-9MAY25.none.20.100ms", "data": {"timestamp": 1746736604098, "change_id": 100115616991, "instrument_name": "BTC-9MAY25", "bids": [[101680.0, 10.0], [101662.5, 5100.0], [101657.5, 940.0], [101655.0, 3130.0], [101647.5, 300.0], [101642.5, 940.0], [101640.0, 3130.0], [101635.0, 1500.0], [101632.5, 5010.0], [101625.0, 3000.0], [101622.5, 10000.0], [101617.5, 12880.0], [101615.0, 26500.0], [101612.5, 40.0], [101607.5, 1550.0], [101605.0, 5180.0], [101600.0, 10990.0], [101597.5, 35000.0], [101595.0, 1510.0], [101592.5, 5030.0]], "asks": [[101682.5, 33290.0], [101685.0, 11530.0], [101687.5, 5100.0], [101690.0, 2870.0], [101692.5, 5100.0], [101695.0, 6130.0], [101697.5, 300.0], [101700.0, 19680.0], [101702.5, 50000.0], [101705.0, 7180.0], [101710.0, 490.0], [101712.5, 1640.0], [101720.0, 1600.0], [101722.5, 5030.0], [101732.5, 1500.0], [101735.0, 5010.0], [101745.0, 4580.0], [101747.5, 5110.0], [101750.0, 25650.0], [101752.5, 50000.0]]}}}
{"jsonrpc": "2.0", "method": "subscription", "params": {"channel": "book.BTC-9MAY25.none.20.100ms", "data": {"timestamp": 1746736604323, "change_id": 100115617131, "instrument_name": "BTC-9MAY25", "bids": [[101662.5, 5100.0], [101657.5, 940.0], [101655.0, 3130.0], [101647.5, 300.0], [101642.5, 940.0], [101640.0, 3130.0], [101635.0, 1500.0], [101632.5, 5010.0], [101625.0, 3000.0], [101622.5, 10000.0], [101617.5, 12880.0], [101615.0, 26500.0], [101612.5, 40.0], [101607.5, 1550.0], [101605.0, 5180.0], [101600.0, 10990.0], [101597.5, 35000.0], [101595.0, 1510.0], [101592.5, 5030.0], [101590.0, 490.0]], "asks": [[101665.0, 5060.0], [101667.5, 1520.0], [101670.0, 5060.0], [101675.0, 16300.0], [101680.0, 87960.0], [101682.5, 8230.0], [101685.0, 11530.0], [101687.5, 5100.0], [101690.0, 4190.0], [101692.5, 10070.0], [101695.0, 6130.0], [101697.5, 300.0], [101700.0, 3130.0], [101702.5, 2150.0], [101705.0, 7180.0], [101710.0, 490.0], [101712.5, 1640.0], [101720.0, 1600.0], [101722.5, 5030.0], [101732.5, 1500.0]]}}}
{"jsonrpc": "2.0", "method": "subscription", "params": {"channel": "book.BTC-16MAY25.none.20.100ms", "data": {"timestamp": 1746736604668, "change_id": 100115617640, "instrument_name": "BTC-16MAY25", "bids": [[101797.5, 7300.0], [101795.0, 10400.0], [101790.0, 3310.0], [101787.5, 4400.0], [101785.0, 8460.0], [101782.5, 6070.0], [101775.0, 20.0], [101772.5, 1900.0], [101770.0, 6340.0], [101760.0, 3850.0], [101757.5, 3240.0], [101755.0, 10000.0], [101750.0, 1810.0], [101747.5, 6040.0], [101737.5, 9760.0], [101735.0, 32540.0], [101730.0, 600.0], [101727.5, 2000.0], [101725.0, 1800.0], [101722.5, 6000.0]], "asks": [[101802.5, 1320.0], [101805.0, 4400.0], [101812.5, 970.0], [101815.0, 3680.0], [101817.5, 1460.0], [101820.0, 4680.0], [101822.5, 6070.0], [101825.0, 10300.0], [101840.0, 1840.0], [101842.5, 6140.0], [101845.0, 50000.0], [101855.0, 9310.0], [101867.5, 21070.0], [101870.0, 50000.0], [101892.5, 1800.0], [101895.0, 6000.0], [101905.0, 1800.0], [101907.5, 6000.0], [101917.5, 1800.0], [101920.0, 6000.0]]}}}
{"jsonrpc": "2.0", "method": "subscription", "params": {"channel": "book.BTC-9MAY25.none.20.100ms", "data": {"timestamp": 1746736604745, "change_id": 100115617779, "instrument_name": "BTC-9MAY25", "bids": [[101662.5, 10160.0], [101657.5, 940.0], [101655.0, 3130.0], [101647.5, 300.0], [101642.5, 940.0], [101640.0, 3130.0], [101635.0, 1500.0], [101632.5, 5010.0], [101625.0, 3000.0], [101622.5, 10000.0], [101617.5, 12880.0], [101615.0, 26500.0], [101612.5, 40.0], [101607.5, 1550.0], [101605.0, 5180.0], [101600.0, 10990.0], [101597.5, 35000.0], [101595.0, 1510.0], [101592.5, 5030.0], [101590.0, 490.0]], "asks": [[101667.5, 5060.0], [101675.0, 16300.0], [101680.0, 82990.0], [101682.5, 8230.0], [101685.0, 11530.0], [101687.5, 5100.0], [101690.0, 4190.0], [101692.5, 10070.0], [101695.0, 6130.0], [101697.5, 300.0], [101700.0, 3130.0], [101702.5, 2150.0], [101705.0, 7180.0], [101710.0, 490.0], [101712.5, 1640.0], [101720.0, 1600.0], [101722.5, 5030.0], [101732.5, 1500.0], [101735.0, 5010.0], [101745.0, 4580.0]]}}}
{"jsonrpc": "2.0", "method": "subscription", "params": {"channel": "book.BTC-9MAY25.none.20.100ms", "data": {"timestamp": 1746736604995, "change_id": 100115618084, "instrument_name": "BTC-9MAY25", "bids": [[101662.5, 10160.0], [101657.5, 940.0], [101655.0, 3130.0], [101647.5, 300.0], [101642.5, 940.0], [101640.0, 3130.0], [101635.0, 1500.0], [101632.5, 5010.0], [101625.0, 3000.0], [101622.5, 10000.0], [101617.5, 12880.0], [101615.0, 26500.0], [101612.5, 40.0], [101607.5, 1550.0], [101605.0, 5180.0], [101600.0, 10990.0], [101597.5, 35000.0], [101595.0, 1510.0], [101592.5, 5030.0], [101590.0, 490.0]], "asks": [[101667.5, 5060.0], [101675.0, 16300.0], [101680.0, 82990.0], [101682.5, 8230.0], [101685.0, 11530.0], [101687.5, 5100.0], [101690.0, 4190.0], [101692.5, 10070.0], [101695.0, 6130.0], [101697.5, 300.0], [101700.0, 3130.0], [101702.5, 2150.0], [101705.0, 7180.0], [101710.0, 490.0], [101712.5, 1640.0], [101720.0, 1600.0], [101722.5, 5030.0], [101732.5, 1500.0], [101735.0, 5010.0], [101745.0, 4580.0]]}}}
{"jsonrpc": "2.0", "method": "subscription", "params": {"channel": "book.BTC-16MAY25.none.20.100ms", "data": {"timestamp": 1746736605860, "change_id": 100115618987, "instrument_name": "BTC-16MAY25", "bids": [[101800.0, 10400.0], [101797.5, 6200.0], [101795.0, 6000.0], [101790.0, 3310.0], [101787.5, 4400.0], [101785.0, 8460.0], [101782.5, 6070.0], [101777.5, 1330.0], [101775.0, 4420.0], [101772.5, 1900.0], [101770.0, 6340.0], [101760.0, 3850.0], [101757.5, 3240.0], [101755.0, 10000.0], [101750.0, 1810.0], [101747.5, 6040.0], [101737.5, 9760.0], [101735.0, 32540.0], [101730.0, 600.0], [101727.5, 2000.0]], "asks": [[101812.5, 970.0], [101815.0, 3680.0], [101817.5, 1460.0], [101820.0, 4680.0], [101822.5, 6070.0], [101825.0, 10300.0], [101840.0, 1840.0], [101842.5, 6140.0], [101855.0, 9310.0], [101857.5, 50000.0], [101867.5, 21070.0], [101870.0, 50000.0], [101892.5, 1800.0], [101895.0, 6000.0], [101905.0, 1800.0], [101907.5, 6000.0], [101917.5, 1800.0], [101920.0, 6000.0], [101930.0, 1800.0], [101932.5, 6000.0]]}}}
{"jsonrpc": "2.0", "method": "subscription", "params": {"channel": "book.BTC-9MAY25.none.20.100ms", "data": {"timestamp": 1746736605856, "change_id": 100115618986, "instrument_name": "BTC-9MAY25", "bids": [[101660.0, 10160.0], [101657.5, 940.0], [101655.0, 3130.0], [101650.0, 1610.0], [101647.5, 5380.0], [101642.5, 940.0], [101640.0, 3130.0], [101635.0, 1500.0], [101632.5, 5010.0], [101625.0, 3000.0], [101622.5, 10000.0], [101617.5, 12880.0], [101615.0, 26500.0], [101612.5, 40.0], [101607.5, 1550.0], [101605.0, 5180.0], [101600.0, 10990.0], [101597.5, 35000.0], [101595.0, 1510.0], [101592.5, 5030.0]], "asks": [[101665.0, 1520.0], [101667.5, 5060.0], [101680.0, 24850.0], [101682.5, 78230.0], [101685.0, 11530.0], [101687.5, 5100.0], [101690.0, 4190.0], [101692.5, 10070.0], [101695.0, 6130.0], [101697.5, 300.0], [101700.0, 3130.0], [101702.5, 2150.0], [101705.0, 7180.0], [101710.0, 490.0], [101712.5, 1640.0], [101720.0, 1600.0], [101722.5, 5030.0], [101732.5, 1500.0], [101735.0, 5010.0], [101745.0, 4580.0]]}}}
{"jsonrpc": "2.0", "method": "subscription", "params": {"channel": "book.BTC-16MAY25.none.20.100ms", "data": {"timestamp": 1746736606179, "change_id": 100115619518, "instrument_name": "BTC-16MAY25", "bids": [[101800.0, 12000.0], [101797.5, 4400.0], [101795.0, 5870.0], [101792.5, 3240.0], [101787.5, 4400.0], [101785.0, 5220.0], [101782.5, 6070.0], [101775.0, 4420.0], [101772.5, 1900.0], [101770.0, 6340.0], [101760.0, 970.0], [101757.5, 3240.0], [101755.0, 10000.0], [101750.0, 1810.0], [101747.5, 6040.0], [101735.0, 32540.0], [101730.0, 600.0], [101727.5, 2000.0], [101725.0, 1800.0], [101722.5, 6000.0]], "asks": [[101815.0, 440.0], [101817.5, 1460.0], [101820.0, 4680.0], [101822.5, 9310.0], [101825.0, 10300.0], [101840.0, 1840.0], [101842.5, 6140.0], [101855.0, 9310.0], [101865.0, 50000.0], [101867.5, 21070.0], [101870.0, 50000.0], [101892.5, 1800.0], [101895.0, 6000.0], [101905.0, 1800.0], [101907.5, 6000.0], [101917.5, 1800.0], [101920.0, 6000.0], [101930.0, 1800.0], [101932.5, 6000.0], [101940.0, 20.0]]}}}
{"jsonrpc": "2.0", "method": "subscription", "params": {"channel": "book.BTC-9MAY25.none.20.100ms", "data": {"timestamp": 1746736606184, "change_id": 100115619540, "instrument_name": "BTC-9MAY25", "bids": [[101672.5, 5060.0], [101670.0, 9680.0], [101667.5, 10160.0], [101665.0, 7570.0], [101662.5, 8230.0], [101650.0, 1610.0], [101647.5, 5380.0], [101642.5, 940.0], [101640.0, 3130.0], [101635.0, 1500.0], [101632.5, 5010.0], [101625.0, 3000.0], [101622.5, 10000.0], [101617.5, 12880.0], [101615.0, 26500.0], [101612.5, 40.0], [101607.5, 1550.0], [101605.0, 5180.0], [101600.0, 10500.0], [101597.5, 35000.0]], "asks": [[101677.5, 5060.0], [101680.0, 16790.0], [101682.5, 25100.0], [101685.0, 10940.0], [101687.5, 3130.0], [101690.0, 1520.0], [101692.5, 5080.0], [101697.5, 300.0], [101700.0, 17150.0], [101702.5, 50000.0], [101705.0, 7180.0], [101710.0, 490.0], [101712.5, 1640.0], [101720.0, 1510.0], [101722.5, 5030.0], [101727.5, 940.0], [101730.0, 3130.0], [101732.5, 1500.0], [101735.0, 5010.0], [101745.0, 4580.0]]}}}
{"jsonrpc": "2.0", "method": "subscription", "params": {"channel": "book.BTC-16MAY25.none.20.100ms", "data": {"timestamp": 1746736606436, "change_id": 100115619810, "instrument_name": "BTC-16MAY25", "bids": [[101800.0, 11720.0], [101797.5, 4400.0], [101790.0, 2340.0], [101787.5, 4400.0], [101785.0, 5220.0], [101782.5, 6070.0], [101777.5, 1330.0], [101775.0, 4420.0], [101772.5, 1900.0], [101770.0, 6340.0], [101760.0, 970.0], [101757.5, 3240.0], [101755.0, 10000.0], [101750.0, 1810.0], [101747.5, 6040.0], [101735.0, 32540.0], [101730.0, 600.0], [101727.5, 2000.0], [101725.0, 1800.0], [101722.5, 6000.0]], "asks": [[101805.0, 3800.0], [101807.5, 1320.0], [101810.0, 4400.0], [101812.5, 970.0], [101815.0, 3680.0], [101817.5, 1460.0], [101820.0, 4680.0], [101822.5, 6070.0], [101825.0, 10300.0], [101840.0, 1840.0], [101842.5, 6140.0], [101852.5, 50000.0], [101855.0, 9310.0], [101867.5, 21070.0], [101870.0, 50000.0], [101892.5, 1800.0], [101895.0, 6000.0], [101905.0, 1800.0], [101907.5, 6000.0], [101917.5, 1800.0]]}}}
{"jsonrpc": "2.0", "method": "subscription", "params": {"channel": "book.BTC-9MAY25.none.20.100ms", "data": {"timestamp": 1746736606395, "change_id": 100115619767, "instrument_name": "BTC-9MAY25", "bids": [[101670.0, 5100.0], [101667.5, 5100.0], [101665.0, 5100.0], [101662.5, 5100.0], [101647.5, 5380.0], [101632.5, 5010.0], [101622.5, 10000.0], [101617.5, 4930.0], [101615.0, 26500.0], [101612.5, 40.0], [101605.0, 5180.0], [101597.5, 35000.0], [101592.5, 5030.0], [101587.5, 1640.0], [101580.0, 4980.0], [101567.5, 5050.0], [101560.0, 14400.0], [101542.5, 5130.0], [101532.5, 40.0], [101505.0, 5020.0]], "asks": [[101672.5, 5060.0], [101680.0, 3130.0], [101682.5, 25100.0], [101685.0, 10000.0], [101692.5, 5080.0], [101697.5, 300.0], [101700.0, 3130.0], [101702.5, 50000.0], [101705.0, 7180.0], [101712.5, 1640.0], [101722.5, 5030.0], [101735.0, 5010.0], [101747.5, 5110.0], [101750.0, 10160.0], [101752.5, 50000.0], [101762.5, 5030.0], [101775.0, 40.0], [101797.5, 4960.0], [101810.0, 25590.0], [101820.0, 14400.0]]}}}
{"jsonrpc": "2.0", "method": "subscription", "params": {"channel": "book.BTC-16MAY25.none.20.100ms", "data": {"timestamp": 1746736606836, "change_id": 100115621065, "instrument_name": "BTC-16MAY25", "bids": [[101807.5, 7520.0], [101805.0, 10400.0], [101802.5, 970.0], [101800.0, 3240.0], [101797.5, 1760.0], [101795.0, 5870.0], [101790.0, 1790.0], [101787.5, 4400.0], [101785.0, 3400.0], [101782.5, 6070.0], [101775.0, 4420.0], [101770.0, 6340.0], [101757.5, 3240.0], [101755.0, 10000.0], [101747.5, 6040.0], [101735.0, 32540.0], [101727.5, 2000.0], [101725.0, 1800.0], [101722.5, 6000.0], [101712.5, 1790.0]], "asks": [[101817.5, 1320.0], [101820.0, 9310.0], [101822.5, 6070.0], [101825.0, 10300.0], [101840.0, 1840.0], [101842.5, 6140.0], [101855.0, 9310.0], [101865.0, 50000.0], [101867.5, 21070.0], [101870.0, 50000.0], [101892.5, 1800.0], [101895.0, 6000.0], [101905.0, 1800.0], [101907.5, 6000.0], [101920.0, 6000.0], [101930.0, 1800.0], [101932.5, 6000.0], [101940.0, 20.0], [101942.5, 1800.0], [101945.0, 6000.0]]}}}
{"jsonrpc": "2.0", "method": "subscription", "params": {"channel": "book.BTC-9MAY25.none.20.100ms", "data": {"timestamp": 1746736606804, "change_id": 100115620776, "instrument_name": "BTC-9MAY25", "bids": [[101677.5, 5060.0], [101675.0, 3050.0], [101672.5, 5060.0], [101670.0, 8160.0], [101667.5, 8230.0], [101665.0, 8810.0], [101662.5, 10180.0], [101650.0, 1610.0], [101647.5, 5380.0], [101642.5, 940.0], [101640.0, 3130.0], [101635.0, 1500.0], [101632.5, 5010.0], [101625.0, 3000.0], [101622.5, 10000.0], [101617.5, 12880.0], [101615.0, 26500.0], [101612.5, 40.0], [101607.5, 1550.0], [101605.0, 5180.0]], "asks": [[101682.5, 23000.0], [101685.0, 10000.0], [101697.5, 300.0], [101702.5, 2150.0], [101705.0, 7180.0], [101720.0, 16320.0], [101722.5, 5030.0], [101725.0, 50000.0], [101727.5, 940.0], [101730.0, 3130.0], [101732.5, 1500.0], [101735.0, 5010.0], [101745.0, 4580.0], [101747.5, 5110.0], [101750.0, 25160.0], [101752.5, 50000.0], [101760.0, 1510.0], [101762.5, 5030.0], [101775.0, 40.0], [101795.0, 1490.0]]}}}
{"jsonrpc": "2.0", "method": "subscription", "params": {"channel": "book.BTC-16MAY25.none.20.100ms", "data": {"timestamp": 1746736607158, "change_id": 100115621425, "instrument_name": "BTC-16MAY25", "bids": [[101807.5, 7520.0], [101805.0, 10400.0], [101802.5, 970.0], [101800.0, 3240.0], [101797.5, 1760.0], [101795.0, 5870.0], [101790.0, 1790.0], [101787.5, 4400.0], [101785.0, 3400.0], [101782.5, 6070.0], [101775.0, 4420.0], [101770.0, 6340.0], [101757.5, 3240.0], [101755.0, 10000.0], [101747.5, 6040.0], [101735.0, 32540.0], [101727.5, 2000.0], [101722.5, 6000.0], [101710.0, 5980.0], [101697.5, 5950.0]], "asks": [[101817.5, 1760.0], [101820.0, 9310.0], [101822.5, 6070.0], [101825.0, 11270.0], [101827.5, 3240.0], [101840.0, 1840.0], [101842.5, 6140.0], [101855.0, 9310.0], [101865.0, 50000.0], [101867.5, 6070.0], [101870.0, 50000.0], [101895.0, 6000.0], [101907.5, 6000.0], [101920.0, 6000.0], [101932.5, 6000.0], [101940.0, 20.0], [101945.0, 6000.0], [101957.5, 9600.0], [101960.0, 6110.0], [101965.0, 3410.0]]}}}
{"jsonrpc": "2.0", "method": "subscription", "params": {"channel": "book.BTC-9MAY25.none.20.100ms", "data": {"timestamp": 1746736607162, "change_id": 100115621433, "instrument_name": "BTC-9MAY25", "bids": [[101677.5, 5060.0], [101675.0, 3050.0], [101672.5, 5060.0], [101670.0, 8160.0], [101667.5, 8230.0], [101665.0, 8810.0], [101662.5, 10180.0], [101650.0, 1610.0], [101647.5, 5380.0], [101642.5, 940.0], [101640.0, 3130.0], [101635.0, 1500.0], [101632.5, 5010.0], [101625.0, 3000.0], [101622.5, 10000.0], [101617.5, 12880.0], [101615.0, 26500.0], [101612.5, 40.0], [101607.5, 1550.0], [101605.0, 5180.0]], "asks": [[101682.5, 25060.0], [101690.0, 940.0], [101692.5, 3130.0], [101697.5, 3300.0], [101700.0, 24740.0], [101702.5, 50000.0], [101705.0, 7180.0], [101720.0, 1510.0], [101722.5, 5030.0], [101727.5, 940.0], [101730.0, 3130.0], [101732.5, 1500.0], [101735.0, 5010.0], [101745.0, 4580.0], [101747.5, 5110.0], [101750.0, 25160.0], [101752.5, 50000.0], [101760.0, 1510.0], [101762.5, 5030.0], [101775.0, 40.0]]}}}
{"jsonrpc": "2.0", "method": "subscription", "params": {"channel": "book.BTC-16MAY25.none.20.100ms", "data": {"timestamp": 1746736607450, "change_id": 100115621635, "instrument_name": "BTC-16MAY25", "bids": [[101807.5, 7520.0], [101805.0, 10400.0], [101802.5, 970.0], [101800.0, 3240.0], [101797.5, 1760.0], [101795.0, 5870.0], [101790.0, 1790.0], [101787.5, 4400.0], [101785.0, 3400.0], [101782.5, 6070.0], [101775.0, 4420.0], [101770.0, 6340.0], [101757.5, 3240.0], [101755.0, 10000.0], [101747.5, 6040.0], [101735.0, 32540.0], [101727.5, 2000.0], [101722.5, 6000.0], [101710.0, 5980.0], [101697.5, 5950.0]], "asks": [[101817.5, 1760.0], [101820.0, 5860.0], [101822.5, 3090.0], [101825.0, 11270.0], [101827.5, 3240.0], [101840.0, 1840.0], [101842.5, 6140.0], [101855.0, 9310.0], [101867.5, 56070.0], [101870.0, 50000.0], [101895.0, 6000.0], [101907.5, 6000.0], [101920.0, 6000.0], [101932.5, 6000.0], [101940.0, 20.0], [101945.0, 6000.0], [101957.5, 9600.0], [101960.0, 6110.0], [101965.0, 3410.0], [101972.5, 6090.0]]}}}
{"jsonrpc": "2.0", "method": "subscription", "params": {"channel": "book.BTC-9MAY25.none.20.100ms", "data": {"timestamp": 1746736607457, "change_id": 100115621717, "instrument_name": "BTC-9MAY25", "bids": [[101677.5, 5060.0], [101675.0, 3050.0], [101672.5, 5060.0], [101670.0, 8160.0], [101667.5, 8230.0], [101665.0, 8810.0], [101662.5, 10180.0], [101650.0, 1610.0], [101647.5, 5380.0], [101642.5, 940.0], [101640.0, 3130.0], [101635.0, 1500.0], [101632.5, 5010.0], [101625.0, 3000.0], [101622.5, 10000.0], [101617.5, 12880.0], [101615.0, 26500.0], [101612.5, 40.0], [101607.5, 1550.0], [101605.0, 5180.0]], "asks": [[101680.0, 10160.0], [101682.5, 31680.0], [101690.0, 940.0], [101692.5, 3130.0], [101697.5, 3300.0], [101700.0, 24740.0], [101702.5, 50000.0], [101705.0, 7180.0], [101712.5, 490.0], [101715.0, 1640.0], [101720.0, 1510.0], [101722.5, 5030.0], [101727.5, 940.0], [101730.0, 3130.0], [101732.5, 1500.0], [101735.0, 5010.0], [101745.0, 4580.0], [101747.5, 5110.0], [101750.0, 25160.0], [101752.5, 50000.0]]}}}
{"jsonrpc": "2.0", "method": "subscription", "params": {"channel": "book.BTC-16MAY25.none.20.100ms", "data": {"timestamp": 1746736607741, "change_id": 100115622328, "instrument_name": "BTC-16MAY25", "bids": [[101810.0, 10400.0], [101807.5, 7520.0], [101805.0, 10400.0], [101802.5, 970.0], [101800.0, 3240.0], [101797.5, 1760.0], [101795.0, 5870.0], [101790.0, 1020.0], [101785.0, 3400.0], [101782.5, 6070.0], [101775.0, 20.0], [101772.5, 1900.0], [101770.0, 6340.0], [101757.5, 3240.0], [101755.0, 10000.0], [101747.5, 6040.0], [101737.5, 9760.0], [101735.0, 32540.0], [101727.5, 2000.0], [101722.5, 6000.0]], "asks": [[101815.0, 1760.0], [101817.5, 4400.0], [101820.0, 1460.0], [101822.5, 4460.0], [101825.0, 17140.0], [101827.5, 3240.0], [101840.0, 1840.0], [101842.5, 6140.0], [101855.0, 9310.0], [101857.5, 50000.0], [101867.5, 6070.0], [101870.0, 50000.0], [101895.0, 6000.0], [101907.5, 6000.0], [101920.0, 6000.0], [101932.5, 6000.0], [101940.0, 20.0], [101945.0, 6000.0], [101957.5, 9600.0], [101960.0, 6110.0]]}}}
{"jsonrpc": "2.0", "method": "subscription", "params": {"channel": "book.BTC-9MAY25.none.20.100ms", "data": {"timestamp": 1746736607765, "change_id": 100115622341, "instrument_name": "BTC-9MAY25", "bids": [[101677.5, 10160.0], [101675.0, 3050.0], [101672.5, 5060.0], [101670.0, 8160.0], [101667.5, 8230.0], [101665.0, 6620.0], [101662.5, 5080.0], [101650.0, 1610.0], [101647.5, 5380.0], [101642.5, 940.0], [101640.0, 3130.0], [101635.0, 1500.0], [101632.5, 5010.0], [101625.0, 3000.0], [101622.5, 10000.0], [101617.5, 12880.0], [101615.0, 26500.0], [101612.5, 40.0], [101607.5, 1550.0], [101605.0, 5180.0]], "asks": [[101680.0, 5100.0], [101682.5, 26580.0], [101690.0, 2350.0], [101692.5, 3130.0], [101695.0, 5100.0], [101697.5, 3300.0], [101700.0, 24740.0], [101702.5, 50000.0], [101705.0, 7180.0], [101712.5, 490.0], [101715.0, 1640.0], [101720.0, 1510.0], [101722.5, 5030.0], [101727.5, 940.0], [101730.0, 3130.0], [101732.5, 1500.0], [101735.0, 5010.0], [101745.0, 4580.0], [101747.5, 5110.0], [101750.0, 25160.0]]}}}
{"jsonrpc": "2.0", "method": "subscription", "params": {"channel": "book.BTC-16MAY25.none.20.100ms", "data": {"timestamp": 1746736608351, "change_id": 100115622741, "instrument_name": "BTC-16MAY25", "bids": [[101810.0, 10400.0], [101807.5, 7520.0], [101805.0, 10400.0], [101802.5, 970.0], [101800.0, 3240.0], [101797.5, 1760.0], [101795.0, 5870.0], [101790.0, 1020.0], [101785.0, 3400.0], [101782.5, 6070.0], [101775.0, 20.0], [101772.5, 1900.0], [101770.0, 6340.0], [101757.5, 3240.0], [101755.0, 10000.0], [101747.5, 6040.0], [101737.5, 9760.0], [101735.0, 32540.0], [101727.5, 2000.0], [101722.5, 6000.0]], "asks": [[101815.0, 1760.0], [101817.5, 4400.0], [101820.0, 1460.0], [101822.5, 4460.0], [101825.0, 17140.0], [101827.5, 3240.0], [101840.0, 1840.0], [101842.5, 6140.0], [101855.0, 9310.0], [101857.5, 50000.0], [101867.5, 6070.0], [101870.0, 50000.0], [101895.0, 6000.0], [101907.5, 6000.0], [101920.0, 6000.0], [101932.5, 6000.0], [101940.0, 20.0], [101945.0, 6000.0], [101957.5, 9600.0], [101960.0, 6110.0]]}}}
{"jsonrpc": "2.0", "method": "subscription", "params": {"channel": "book.BTC-16MAY25.none.20.100ms", "data": {"timestamp": 1746736608820, "change_id": 100115623571, "instrument_name": "BTC-16MAY25", "bids": [[101812.5, 4400.0], [101810.0, 4400.0], [101807.5, 7520.0], [101805.0, 10400.0], [101802.5, 970.0], [101800.0, 3240.0], [101797.5, 1760.0], [101795.0, 5870.0], [101790.0, 1020.0], [101785.0, 5220.0], [101782.5, 6070.0], [101775.0, 20.0], [101772.5, 1900.0], [101770.0, 6340.0], [101757.5, 3240.0], [101755.0, 10000.0], [101750.0, 1810.0], [101747.5, 6040.0], [101737.5, 9760.0], [101735.0, 32540.0]], "asks": [[101815.0, 6170.0], [101817.5, 4400.0], [101820.0, 1460.0], [101822.5, 4460.0], [101825.0, 17140.0], [101827.5, 3240.0], [101840.0, 1840.0], [101842.5, 6140.0], [101850.0, 50000.0], [101855.0, 9310.0], [101867.5, 6070.0], [101870.0, 50000.0], [101892.5, 1800.0], [101895.0, 6000.0], [101907.5, 6000.0], [101920.0, 6000.0], [101930.0, 1800.0], [101932.5, 6000.0], [101940.0, 20.0], [101945.0, 6000.0]]}}}
{"jsonrpc": "2.0", "method": "subscription", "params": {"channel": "book.BTC-9MAY25.none.20.100ms", "data": {"timestamp": 1746736608755, "change_id": 100115623491, "instrument_name": "BTC-9MAY25", "bids": [[101677.5, 10160.0], [101675.0, 3050.0], [101672.5, 5060.0], [101670.0, 8160.0], [101667.5, 8230.0], [101665.0, 6620.0], [101662.5, 5080.0], [101650.0, 1610.0], [101647.5, 5380.0], [101642.5, 940.0], [101640.0, 3130.0], [101635.0, 1500.0], [101632.5, 5010.0], [101625.0, 3000.0], [101622.5, 10000.0], [101617.5, 12880.0], [101615.0, 26500.0], [101612.5, 40.0], [101607.5, 1550.0], [101605.0, 5180.0]], "asks": [[101680.0, 10160.0], [101682.5, 26580.0], [101690.0, 2350.0], [101692.5, 3130.0], [101695.0, 9720.0], [101697.5, 5400.0], [101700.0, 24740.0], [101702.5, 50000.0], [101705.0, 7180.0], [101712.5, 490.0], [101715.0, 1640.0], [101720.0, 1510.0], [101722.5, 5030.0], [101727.5, 940.0], [101730.0, 3130.0], [101732.5, 1500.0], [101735.0, 5010.0], [101745.0, 4580.0], [101747.5, 5110.0], [101750.0, 25160.0]]}}}
{"jsonrpc": "2.0", "method": "subscription", "params": {"channel": "book.BTC-16MAY25.none.20.100ms", "data": {"timestamp": 1746736609164, "change_id": 100115623909, "instrument_name": "BTC-16MAY25", "bids": [[101812.5, 4400.0], [101810.0, 4400.0], [101807.5, 7520.0], [101805.0, 10400.0], [101797.5, 1760.0], [101795.0, 5870.0], [101790.0, 1020.0], [101785.0, 5220.0], [101782.5, 6070.0], [101775.0, 20.0], [101772.5, 1900.0], [101770.0, 6340.0], [101757.5, 3240.0], [101755.0, 10000.0], [101750.0, 1810.0], [101747.5, 6040.0], [101737.5, 9760.0], [101735.0, 32540.0], [101727.5, 2000.0], [101722.5, 6000.0]], "asks": [[101815.0, 6170.0], [101820.0, 1460.0], [101822.5, 4460.0], [101825.0, 17140.0], [101827.5, 3240.0], [101840.0, 1840.0], [101842.5, 6140.0], [101852.5, 50000.0], [101855.0, 9310.0], [101867.5, 6070.0], [101870.0, 50000.0], [101892.5, 1800.0], [101895.0, 6000.0], [101907.5, 6000.0], [101920.0, 6000.0], [101930.0, 1800.0], [101932.5, 6000.0], [101940.0, 20.0], [101945.0, 6000.0], [101957.5, 9600.0]]}}}
{"jsonrpc": "2.0", "method": "subscription", "params": {"channel": "book.BTC-9MAY25.none.20.100ms", "data": {"timestamp": 1746736609163, "change_id": 100115623907, "instrument_name": "BTC-9MAY25", "bids": [[101677.5, 10160.0], [101675.0, 3050.0], [101672.5, 5060.0], [101670.0, 8160.0], [101667.5, 5100.0], [101665.0, 6620.0], [101662.5, 5080.0], [101650.0, 1610.0], [101647.5, 5380.0], [101635.0, 1500.0], [101632.5, 5010.0], [101625.0, 3000.0], [101622.5, 10000.0], [101617.5, 12880.0], [101615.0, 26500.0], [101612.5, 40.0], [101607.5, 1550.0], [101605.0, 5180.0], [101600.0, 10500.0], [101597.5, 35000.0]], "asks": [[101680.0, 5100.0], [101682.5, 26580.0], [101690.0, 2350.0], [101692.5, 3130.0], [101695.0, 9720.0], [101697.5, 5400.0], [101700.0, 24740.0], [101702.5, 50000.0], [101705.0, 7180.0], [101712.5, 490.0], [101715.0, 1640.0], [101720.0, 1510.0], [101722.5, 5030.0], [101727.5, 940.0], [101730.0, 3130.0], [101732.5, 1500.0], [101735.0, 5010.0], [101745.0, 4580.0], [101747.5, 5110.0], [101750.0, 25160.0]]}}}
{"jsonrpc": "2.0", "method": "subscription", "params": {"channel": "book.BTC-16MAY25.none.20.100ms", "data": {"timestamp": 1746736609487, "change_id": 100115624634, "instrument_name": "BTC-16MAY25", "bids": [[101812.5, 10400.0], [101810.0, 4400.0], [101807.5, 7520.0], [101805.0, 10400.0], [101800.0, 1760.0], [101795.0, 5870.0], [101790.0, 1020.0], [101785.0, 5220.0], [101782.5, 6070.0], [101775.0, 20.0], [101772.5, 1900.0], [101770.0, 6340.0], [101757.5, 3240.0], [101755.0, 10000.0], [101750.0, 1810.0], [101747.5, 6040.0], [101737.5, 9760.0], [101735.0, 32540.0], [101727.5, 2000.0], [101722.5, 6000.0]], "asks": [[101815.0, 10.0], [101822.5, 3090.0], [101825.0, 10970.0], [101827.5, 3240.0], [101840.0, 1840.0], [101842.5, 6140.0], [101845.0, 300.0], [101855.0, 9310.0], [101867.5, 6070.0], [101870.0, 100000.0], [101892.5, 1800.0], [101895.0, 6000.0], [101907.5, 6000.0], [101920.0, 6000.0], [101930.0, 1800.0], [101932.5, 6000.0], [101940.0, 20.0], [101945.0, 15600.0], [101960.0, 6110.0], [101962.5, 1020.0]]}}}
{"jsonrpc": "2.0", "method": "subscription", "params": {"channel": "book.BTC-9MAY25.none.20.100ms", "data": {"timestamp": 1746736609494, "change_id": 100115624672, "instrument_name": "BTC-9MAY25", "bids": [[101685.0, 10160.0], [101682.5, 11690.0], [101680.0, 7380.0], [101677.5, 5100.0], [101675.0, 3130.0], [101672.5, 1530.0], [101670.0, 8160.0], [101667.5, 5100.0], [101665.0, 6620.0], [101662.5, 5080.0], [101650.0, 1610.0], [101647.5, 5380.0], [101640.0, 3130.0], [101635.0, 1500.0], [101632.5, 5010.0], [101625.0, 3000.0], [101622.5, 10000.0], [101617.5, 12880.0], [101615.0, 26500.0], [101612.5, 40.0]], "asks": [[101690.0, 22470.0], [101692.5, 3130.0], [101695.0, 8100.0], [101700.0, 24740.0], [101702.5, 50000.0], [101705.0, 2000.0], [101717.5, 300.0], [101720.0, 1510.0], [101722.5, 5030.0], [101727.5, 940.0], [101730.0, 3130.0], [101732.5, 1500.0], [101735.0, 5010.0], [101745.0, 4580.0], [101747.5, 5110.0], [101750.0, 25160.0], [101752.5, 50000.0], [101760.0, 1510.0], [101762.5, 5030.0], [101775.0, 40.0]]}}}
{"jsonrpc": "2.0", "method": "subscription", "params": {"channel": "book.BTC-16MAY25.none.20.100ms", "data": {"timestamp": 1746736609801, "change_id": 100115625367, "instrument_name": "BTC-16MAY25", "bids": [[101812.5, 10400.0], [101810.0, 5410.0], [101807.5, 4400.0], [101805.0, 9240.0], [101800.0, 1760.0], [101795.0, 5870.0], [101790.0, 1020.0], [101785.0, 5220.0], [101782.5, 6370.0], [101775.0, 20.0], [101772.5, 1900.0], [101770.0, 6040.0], [101757.5, 3240.0], [101755.0, 10000.0], [101750.0, 1810.0], [101747.5, 6040.0], [101737.5, 9760.0], [101735.0, 32540.0], [101727.5, 2000.0], [101722.5, 6000.0]], "asks": [[101815.0, 10.0], [101825.0, 970.0], [101827.5, 3240.0], [101837.5, 3000.0], [101840.0, 11840.0], [101842.5, 6140.0], [101845.0, 300.0], [101855.0, 9310.0], [101867.5, 6070.0], [101870.0, 100000.0], [101892.5, 1800.0], [101895.0, 6000.0], [101907.5, 6000.0], [101920.0, 6000.0], [101930.0, 1800.0], [101932.5, 6000.0], [101940.0, 20.0], [101945.0, 15600.0], [101960.0, 6110.0], [101962.5, 1020.0]]}}}
{"jsonrpc": "2.0", "method": "subscription", "params": {"channel": "book.BTC-9MAY25.none.20.100ms", "data": {"timestamp": 1746736609819, "change_id": 100115625437, "instrument_name": "BTC-9MAY25", "bids": [[101685.0, 10160.0], [101682.5, 10160.0], [101680.0, 2280.0], [101677.5, 5100.0], [101675.0, 4660.0], [101672.5, 5100.0], [101670.0, 3060.0], [101667.5, 5100.0], [101665.0, 6620.0], [101662.5, 5080.0], [101660.0, 300.0], [101650.0, 1610.0], [101647.5, 5080.0], [101640.0, 3130.0], [101635.0, 1500.0], [101632.5, 5010.0], [101625.0, 3000.0], [101622.5, 10000.0], [101617.5, 12880.0], [101615.0, 26500.0]], "asks": [[101687.5, 5100.0], [101690.0, 26000.0], [101692.5, 3130.0], [101695.0, 3000.0], [101700.0, 24740.0], [101702.5, 50000.0], [101705.0, 2000.0], [101717.5, 300.0], [101720.0, 1510.0], [101722.5, 5030.0], [101727.5, 940.0], [101730.0, 3130.0], [101732.5, 1500.0], [101735.0, 5010.0], [101745.0, 4580.0], [101747.5, 5110.0], [101750.0, 25160.0], [101752.5, 50000.0], [101760.0, 1510.0], [101762.5, 5030.0]]}}}
{"jsonrpc": "2.0", "method": "subscription", "params": {"channel": "book.BTC-16MAY25.none.20.100ms", "data": {"timestamp": 1746736610134, "change_id": 100115625990, "instrument_name": "BTC-16MAY25", "bids": [[101812.5, 10400.0], [101810.0, 5410.0], [101807.5, 4400.0], [101805.0, 9240.0], [101800.0, 1760.0], [101795.0, 5870.0], [101790.0, 1020.0], [101785.0, 5220.0], [101782.5, 6370.0], [101775.0, 20.0], [101772.5, 1900.0], [101770.0, 6040.0], [101760.0, 3970.0], [101757.5, 3240.0], [101755.0, 10000.0], [101750.0, 1810.0], [101747.5, 6040.0], [101737.5, 9760.0], [101735.0, 32540.0], [101727.5, 2000.0]], "asks": [[101815.0, 10.0], [101822.5, 440.0], [101825.0, 4070.0], [101827.5, 9110.0], [101837.5, 3000.0], [101840.0, 11840.0], [101842.5, 6140.0], [101845.0, 300.0], [101852.5, 2790.0], [101855.0, 9310.0], [101867.5, 6070.0], [101870.0, 100000.0], [101892.5, 1800.0], [101895.0, 6000.0], [101905.0, 1800.0], [101907.5, 6000.0], [101920.0, 6000.0], [101930.0, 1800.0], [101932.5, 6000.0], [101940.0, 20.0]]}}}
{"jsonrpc": "2.0", "method": "subscription", "params": {"channel": "book.BTC-9MAY25.none.20.100ms", "data": {"timestamp": 1746736610130, "change_id": 100115625987, "instrument_name": "BTC-9MAY25", "bids": [[101685.0, 5100.0], [101682.5, 5100.0], [101680.0, 2280.0], [101677.5, 5100.0], [101675.0, 4660.0], [101672.5, 5100.0], [101670.0, 3060.0], [101667.5, 5100.0], [101665.0, 6620.0], [101662.5, 5080.0], [101660.0, 300.0], [101650.0, 1610.0], [101647.5, 5080.0], [101640.0, 3130.0], [101635.0, 1500.0], [101632.5, 5010.0], [101625.0, 3000.0], [101622.5, 10000.0], [101617.5, 12880.0], [101615.0, 26500.0]], "asks": [[101687.5, 10160.0], [101690.0, 26000.0], [101692.5, 3130.0], [101695.0, 3000.0], [101700.0, 24740.0], [101702.5, 50000.0], [101705.0, 2000.0], [101717.5, 790.0], [101720.0, 3150.0], [101722.5, 5030.0], [101727.5, 940.0], [101730.0, 3130.0], [101732.5, 1500.0], [101735.0, 5010.0], [101745.0, 4580.0], [101747.5, 5110.0], [101750.0, 25160.0], [101752.5, 50000.0], [101760.0, 1510.0], [101762.5, 5030.0]]}}}
{"jsonrpc": "2.0", "method": "subscription", "params": {"channel": "book.BTC-16MAY25.none.20.100ms", "data": {"timestamp": 1746736610419, "change_id": 100115626251, "instrument_name": "BTC-16MAY25", "bids": [[101812.5, 4400.0], [101810.0, 3120.0], [101807.5, 4400.0], [101805.0, 6000.0], [101800.0, 2510.0], [101797.5, 3240.0], [101795.0, 5870.0], [101790.0, 1020.0], [101785.0, 5220.0], [101782.5, 6370.0], [101775.0, 20.0], [101772.5, 1900.0], [101770.0, 6040.0], [101760.0, 3970.0], [101757.5, 3240.0], [101755.0, 10000.0], [101750.0, 1810.0], [101747.5, 6040.0], [101737.5, 9760.0], [101735.0, 32540.0]], "asks": [[101815.0, 10.0], [101822.5, 440.0], [101825.0, 4070.0], [101827.5, 9110.0], [101832.5, 300.0], [101837.5, 3000.0], [101840.0, 11840.0], [101842.5, 6140.0], [101852.5, 2790.0], [101855.0, 9310.0], [101867.5, 6070.0], [101870.0, 100000.0], [101892.5, 1800.0], [101895.0, 6000.0], [101905.0, 1800.0], [101907.5, 6000.0], [101920.0, 6000.0], [101930.0, 1800.0], [101932.5, 6000.0], [101940.0, 20.0]]}}}
{"jsonrpc": "2.0", "method": "subscription", "params": {"channel": "book.BTC-9MAY25.none.20.100ms", "data": {"timestamp": 1746736610422, "change_id": 100115626254, "instrument_name": "BTC-9MAY25", "bids": [[101680.0, 5100.0], [101677.5, 5100.0], [101675.0, 1530.0], [101672.5, 5100.0], [101670.0, 3060.0], [101667.5, 8230.0], [101665.0, 6620.0], [101662.5, 5080.0], [101660.0, 300.0], [101650.0, 1610.0], [101647.5, 5080.0], [101640.0, 3130.0], [101635.0, 1500.0], [101632.5, 5010.0], [101625.0, 3000.0], [101622.5, 10000.0], [101617.5, 12880.0], [101615.0, 26500.0], [101612.5, 40.0], [101607.5, 1550.0]], "asks": [[101685.0, 20730.0], [101687.5, 30160.0], [101690.0, 940.0], [101692.5, 3130.0], [101695.0, 4150.0], [101697.5, 5080.0], [101700.0, 24740.0], [101702.5, 50000.0], [101705.0, 2300.0], [101707.5, 1520.0], [101710.0, 5080.0], [101717.5, 490.0], [101720.0, 3150.0], [101722.5, 5030.0], [101727.5, 940.0], [101730.0, 3130.0], [101732.5, 1500.0], [101735.0, 5010.0], [101745.0, 4580.0], [101747.5, 5110.0]]}}}
{"jsonrpc": "2.0", "method": "subscription", "params": {"channel": "book.BTC-16MAY25.none.20.100ms", "data": {"timestamp": 1746736610591, "change_id": 100115626697, "instrument_name": "BTC-16MAY25", "bids": [[101812.5, 4400.0], [101810.0, 3120.0], [101807.5, 4400.0], [101805.0, 7320.0], [101802.5, 4400.0], [101800.0, 2510.0], [101797.5, 3240.0], [101795.0, 5870.0], [101790.0, 1020.0], [101785.0, 5220.0], [101782.5, 6370.0], [101775.0, 20.0], [101772.5, 1900.0], [101770.0, 6040.0], [101760.0, 3970.0], [101757.5, 3240.0], [101755.0, 10000.0], [101750.0, 1810.0], [101747.5, 6040.0], [101737.5, 9760.0]], "asks": [[101815.0, 10.0], [101820.0, 1760.0], [101822.5, 4400.0], [101825.0, 4070.0], [101827.5, 9110.0], [101832.5, 300.0], [101837.5, 3000.0], [101840.0, 11840.0], [101842.5, 6140.0], [101852.5, 2790.0], [101855.0, 9310.0], [101867.5, 6070.0], [101870.0, 100000.0], [101892.5, 1800.0], [101895.0, 6000.0], [101905.0, 1800.0], [101907.5, 6000.0], [101920.0, 6000.0], [101930.0, 1800.0], [101932.5, 6000.0]]}}}
{"jsonrpc": "2.0", "method": "subscription", "params": {"channel": "book.BTC-9MAY25.none.20.100ms", "data": {"timestamp": 1746736610813, "change_id": 100115627015, "instrument_name": "BTC-9MAY25", "bids": [[101677.5, 5100.0], [101675.0, 1530.0], [101672.5, 5100.0], [101670.0, 3060.0], [101667.5, 8230.0], [101665.0, 6620.0], [101662.5, 5080.0], [101660.0, 300.0], [101650.0, 1610.0], [101647.5, 5080.0], [101640.0, 3130.0], [101635.0, 1500.0], [101632.5, 5010.0], [101625.0, 3000.0], [101622.5, 10000.0], [101617.5, 12880.0], [101615.0, 26500.0], [101612.5, 40.0], [101607.5, 1550.0], [101605.0, 5180.0]], "asks": [[101682.5, 10160.0], [101685.0, 17690.0], [101687.5, 25100.0], [101690.0, 940.0], [101692.5, 3130.0], [101695.0, 4150.0], [101697.5, 5080.0], [101700.0, 24740.0], [101702.5, 50000.0], [101705.0, 2300.0], [101707.5, 1520.0], [101710.0, 5080.0], [101717.5, 490.0], [101720.0, 3150.0], [101722.5, 5030.0], [101727.5, 940.0], [101730.0, 3130.0], [101732.5, 1500.0], [101735.0, 5010.0], [101745.0, 4580.0]]}}}
{"jsonrpc": "2.0", "method": "subscription", "params": {"channel": "book.BTC-16MAY25.none.20.100ms", "data": {"timestamp": 1746736611135, "change_id": 100115627354, "instrument_name": "BTC-16MAY25", "bids": [[101812.5, 4400.0], [101807.5, 4400.0], [101805.0, 7320.0], [101802.5, 4400.0], [101800.0, 2510.0], [101797.5, 3240.0], [101795.0, 5870.0], [101790.0, 1020.0], [101785.0, 5220.0], [101782.5, 6370.0], [101775.0, 20.0], [101772.5, 1900.0], [101770.0, 6040.0], [101760.0, 3970.0], [101757.5, 3240.0], [101755.0, 10000.0], [101750.0, 1810.0], [101747.5, 6040.0], [101737.5, 9760.0], [101735.0, 32540.0]], "asks": [[101815.0, 10.0], [101820.0, 1760.0], [101822.5, 4400.0], [101825.0, 4070.0], [101827.5, 9110.0], [101832.5, 300.0], [101837.5, 3000.0], [101840.0, 11840.0], [101842.5, 6140.0], [101852.5, 2790.0], [101855.0, 9310.0], [101867.5, 36070.0], [101870.0, 100000.0], [101892.5, 1800.0], [101895.0, 6000.0], [101905.0, 1800.0], [101907.5, 6000.0], [101917.5, 1800.0], [101920.0, 6000.0], [101930.0, 1800.0]]}}}
{"jsonrpc": "2.0", "method": "subscription", "params": {"channel": "book.BTC-9MAY25.none.20.100ms", "data": {"timestamp": 1746736611146, "change_id": 100115627388, "instrument_name": "BTC-9MAY25", "bids": [[101672.5, 10160.0], [101670.0, 4000.0], [101667.5, 8230.0], [101665.0, 5100.0], [101660.0, 300.0], [101650.0, 1610.0], [101647.5, 5080.0], [101642.5, 940.0], [101640.0, 3130.0], [101635.0, 1500.0], [101632.5, 5010.0], [101625.0, 3000.0], [101622.5, 10000.0], [101617.5, 12880.0], [101615.0, 26500.0], [101612.5, 40.0], [101607.5, 1550.0], [101605.0, 5180.0], [101600.0, 10500.0], [101597.5, 35000.0]], "asks": [[101677.5, 16260.0], [101680.0, 10160.0], [101682.5, 5100.0], [101685.0, 7530.0], [101687.5, 20000.0], [101690.0, 940.0], [101692.5, 3130.0], [101695.0, 18960.0], [101697.5, 55080.0], [101700.0, 10000.0], [101702.5, 690.0], [101705.0, 2300.0], [101707.5, 1520.0], [101710.0, 5080.0], [101717.5, 490.0], [101720.0, 3150.0], [101722.5, 5030.0], [101727.5, 940.0], [101730.0, 3130.0], [101732.5, 1500.0]]}}}
{"jsonrpc": "2.0", "method": "subscription", "params": {"channel": "book.BTC-16MAY25.none.20.100ms", "data": {"timestamp": 1746736611386, "change_id": 100115627458, "instrument_name": "BTC-16MAY25", "bids": [[101812.5, 4400.0], [101810.0, 3120.0], [101807.5, 4400.0], [101805.0, 7320.0], [101802.5, 4400.0], [101800.0, 2510.0], [101797.5, 3240.0], [101795.0, 5870.0], [101790.0, 1020.0], [101785.0, 5220.0], [101782.5, 6370.0], [101775.0, 20.0], [101772.5, 1900.0], [101770.0, 6040.0], [101760.0, 3970.0], [101757.5, 3240.0], [101755.0, 10000.0], [101750.0, 1810.0], [101747.5, 6040.0], [101737.5, 9760.0]], "asks": [[101815.0, 10.0], [101820.0, 1760.0], [101822.5, 4400.0], [101825.0, 4070.0], [101827.5, 9110.0], [101832.5, 300.0], [101837.5, 3000.0], [101840.0, 11840.0], [101842.5, 6140.0], [101852.5, 2790.0], [101855.0, 9310.0], [101867.5, 36070.0], [101870.0, 100000.0], [101892.5, 1800.0], [101895.0, 6000.0], [101905.0, 1800.0], [101907.5, 6000.0], [101917.5, 1800.0], [101920.0, 6000.0], [101930.0, 1800.0]]}}}
{"jsonrpc": "2.0", "method": "subscription", "params": {"channel": "book.BTC-9MAY25.none.20.100ms", "data": {"timestamp": 1746736611227, "change_id": 100115627422, "instrument_name": "BTC-9MAY25", "bids": [[101675.0, 10160.0], [101672.5, 10160.0], [101670.0, 4000.0], [101667.5, 8230.0], [101665.0, 5100.0], [101660.0, 300.0], [101650.0, 1610.0], [101647.5, 5080.0], [101642.5, 940.0], [101640.0, 3130.0], [101635.0, 1500.0], [101632.5, 5010.0], [101625.0, 3000.0], [101622.5, 10000.0], [101617.5, 12880.0], [101615.0, 26500.0], [101612.5, 40.0], [101607.5, 1550.0], [101605.0, 5180.0], [101600.0, 10500.0]], "asks": [[101677.5, 5100.0], [101680.0, 10160.0], [101685.0, 7530.0], [101687.5, 20000.0], [101690.0, 940.0], [101692.5, 3130.0], [101695.0, 18960.0], [101697.5, 55080.0], [101700.0, 10000.0], [101702.5, 690.0], [101705.0, 2300.0], [101707.5, 1520.0], [101710.0, 5080.0], [101717.5, 490.0], [101720.0, 3150.0], [101722.5, 5030.0], [101727.5, 940.0], [101730.0, 3130.0], [101732.5, 1500.0], [101735.0, 5010.0]]}}}
{"jsonrpc": "2.0", "method": "subscription", "params": {"channel": "book.BTC-16MAY25.none.20.100ms", "data": {"timestamp": 1746736611579, "change_id": 100115627899, "instrument_name": "BTC-16MAY25", "bids": [[101812.5, 10400.0], [101810.0, 3120.0], [101807.5, 4400.0], [101805.0, 8480.0], [101802.5, 4400.0], [101800.0, 6910.0], [101797.5, 3240.0], [101795.0, 5870.0], [101790.0, 1020.0], [101785.0, 5220.0], [101782.5, 6370.0], [101775.0, 20.0], [101772.5, 1900.0], [101770.0, 6040.0], [101760.0, 3970.0], [101757.5, 3240.0], [101755.0, 10000.0], [101750.0, 1810.0], [101747.5, 6040.0], [101737.5, 9760.0]], "asks": [[101815.0, 10.0], [101820.0, 1760.0], [101822.5, 4400.0], [101825.0, 4070.0], [101827.5, 9110.0], [101832.5, 300.0], [101837.5, 3000.0], [101840.0, 11840.0], [101842.5, 6140.0], [101852.5, 2790.0], [101855.0, 9310.0], [101867.5, 36070.0], [101870.0, 100000.0], [101892.5, 1800.0], [101895.0, 6000.0], [101905.0, 1800.0], [101907.5, 6000.0], [101917.5, 1800.0], [101920.0, 6000.0], [101930.0, 1800.0]]}}}
{"jsonrpc": "2.0", "method": "subscription", "params": {"channel": "book.BTC-9MAY25.none.20.100ms", "data": {"timestamp": 1746736611724, "change_id": 100115628123, "instrument_name": "BTC-9MAY25", "bids": [[101680.0, 10160.0], [101677.5, 8150.0], [101675.0, 11690.0], [101672.5, 5100.0], [101670.0, 940.0], [101667.5, 3130.0], [101660.0, 300.0], [101650.0, 1610.0], [101647.5, 5080.0], [101642.5, 940.0], [101640.0, 3130.0], [101635.0, 1500.0], [101632.5, 5010.0], [101625.0, 3000.0], [101622.5, 10000.0], [101617.5, 12880.0], [101615.0, 26500.0], [101612.5, 40.0], [101607.5, 1550.0], [101605.0, 5180.0]], "asks": [[101685.0, 12630.0], [101687.5, 20000.0], [101690.0, 940.0], [101692.5, 3130.0], [101695.0, 18960.0], [101697.5, 50000.0], [101700.0, 10000.0], [101702.5, 690.0], [101705.0, 2300.0], [101707.5, 1520.0], [101710.0, 5080.0], [101717.5, 490.0], [101720.0, 3150.0], [101722.5, 5030.0], [101727.5, 940.0], [101730.0, 3130.0], [101732.5, 1500.0], [101735.0, 5010.0], [101745.0, 4580.0], [101747.5, 5110.0]]}}}
{"jsonrpc": "2.0", "method": "subscription", "params": {"channel": "book.BTC-16MAY25.none.20.100ms", "data": {"timestamp": 1746736611875, "change_id": 100115628428, "instrument_name": "BTC-16MAY25", "bids": [[101812.5, 10400.0], [101810.0, 3120.0], [101807.5, 4400.0], [101805.0, 8480.0], [101802.5, 4400.0], [101800.0, 6910.0], [101797.5, 3240.0], [101795.0, 5870.0], [101790.0, 1020.0], [101785.0, 5220.0], [101782.5, 6370.0], [101775.0, 20.0], [101772.5, 1900.0], [101770.0, 6040.0], [101760.0, 3970.0], [101757.5, 3240.0], [101755.0, 10000.0], [101750.0, 1810.0], [101747.5, 6040.0], [101737.5, 9760.0]], "asks": [[101815.0, 10.0], [101820.0, 440.0], [101825.0, 4070.0], [101827.5, 9110.0], [101832.5, 300.0], [101837.5, 3000.0], [101840.0, 11840.0], [101842.5, 6140.0], [101852.5, 2790.0], [101855.0, 9310.0], [101867.5, 36070.0], [101870.0, 100000.0], [101892.5, 1800.0], [101895.0, 6000.0], [101905.0, 1800.0], [101907.5, 6000.0], [101917.5, 1800.0], [101920.0, 6000.0], [101930.0, 1800.0], [101932.5, 6000.0]]}}}
{"jsonrpc": "2.0", "method": "subscription", "params": {"channel": "book.BTC-9MAY25.none.20.100ms", "data": {"timestamp": 1746736612135, "change_id": 100115628619, "instrument_name": "BTC-9MAY25", "bids": [[101680.0, 10160.0], [101677.5, 8150.0], [101675.0, 11690.0], [101672.5, 5100.0], [101670.0, 940.0], [101667.5, 3130.0], [101660.0, 300.0], [101650.0, 1610.0], [101647.5, 5080.0], [101642.5, 940.0], [101640.0, 3130.0], [101635.0, 1500.0], [101632.5, 5010.0], [101625.0, 3000.0], [101622.5, 10000.0], [101617.5, 12880.0], [101615.0, 26500.0], [101612.5, 40.0], [101607.5, 1550.0], [101605.0, 5180.0]], "asks": [[101685.0, 17690.0], [101687.5, 20000.0], [101690.0, 940.0], [101692.5, 3130.0], [101695.0, 18960.0], [101697.5, 50000.0], [101700.0, 10000.0], [101702.5, 690.0], [101705.0, 2300.0], [101707.5, 1520.0], [101710.0, 5080.0], [101717.5, 490.0], [101720.0, 3150.0], [101722.5, 5030.0], [101727.5, 940.0], [101730.0, 3130.0], [101732.5, 1500.0], [101735.0, 5010.0], [101745.0, 4580.0], [101747.5, 5110.0]]}}}
{"jsonrpc": "2.0", "method": "subscription", "params": {"channel": "book.BTC-9MAY25.none.20.100ms", "data": {"timestamp": 1746736612267, "change_id": 100115628663, "instrument_name": "BTC-9MAY25", "bids": [[101680.0, 10160.0], [101677.5, 5100.0], [101675.0, 11690.0], [101672.5, 5100.0], [101670.0, 940.0], [101667.5, 3130.0], [101660.0, 300.0], [101650.0, 1610.0], [101647.5, 5080.0], [101642.5, 940.0], [101640.0, 3130.0], [101635.0, 1500.0], [101632.5, 5010.0], [101625.0, 3000.0], [101622.5, 10000.0], [101617.5, 12880.0], [101615.0, 26500.0], [101612.5, 40.0], [101607.5, 1550.0], [101605.0, 5180.0]], "asks": [[101685.0, 17690.0], [101687.5, 20000.0], [101690.0, 940.0], [101692.5, 3130.0], [101695.0, 18960.0], [101697.5, 50000.0], [101700.0, 10000.0], [101702.5, 690.0], [101705.0, 2300.0], [101707.5, 1520.0], [101710.0, 5080.0], [101717.5, 490.0], [101720.0, 3150.0], [101722.5, 5030.0], [101727.5, 940.0], [101730.0, 3130.0], [101732.5, 1500.0], [101735.0, 5010.0], [101745.0, 4580.0], [101747.5, 5110.0]]}}}
{"jsonrpc": "2.0", "method": "subscription", "params": {"channel": "book.BTC-9MAY25.none.20.100ms", "data": {"timestamp": 1746736612759, "change_id": 100115629295, "instrument_name": "BTC-9MAY25", "bids": [[101680.0, 10160.0], [101677.5, 5100.0], [101675.0, 5060.0], [101672.5, 5100.0], [101670.0, 940.0], [101667.5, 3130.0], [101665.0, 1620.0], [101662.5, 5100.0], [101660.0, 300.0], [101650.0, 1610.0], [101647.5, 5080.0], [101642.5, 940.0], [101640.0, 3130.0], [101635.0, 1500.0], [101632.5, 5010.0], [101625.0, 3000.0], [101622.5, 10000.0], [101617.5, 12880.0], [101615.0, 26500.0], [101612.5, 40.0]], "asks": [[101685.0, 17690.0], [101687.5, 20000.0], [101690.0, 940.0], [101692.5, 3130.0], [101695.0, 18960.0], [101697.5, 50000.0], [101700.0, 10000.0], [101702.5, 690.0], [101705.0, 2300.0], [101707.5, 1520.0], [101710.0, 5080.0], [101717.5, 490.0], [101720.0, 3150.0], [101722.5, 5030.0], [101727.5, 940.0], [101730.0, 3130.0], [101732.5, 1500.0], [101735.0, 5010.0], [101745.0, 4580.0], [101747.5, 5110.0]]}}}
{"jsonrpc": "2.0", "method": "subscription", "params": {"channel": "book.BTC-9MAY25.none.20.100ms", "data": {"timestamp": 1746736612882, "change_id": 100115629513, "instrument_name": "BTC-9MAY25", "bids": [[101680.0, 10160.0], [101677.5, 6620.0], [101675.0, 6590.0], [101672.5, 5100.0], [101670.0, 940.0], [101667.5, 3130.0], [101665.0, 1620.0], [101662.5, 5100.0], [101660.0, 300.0], [101650.0, 1610.0], [101647.5, 5080.0], [101642.5, 940.0], [101640.0, 3130.0], [101635.0, 1500.0], [101632.5, 5010.0], [101625.0, 3000.0], [101622.5, 10000.0], [101617.5, 12880.0], [101615.0, 26500.0], [101612.5, 40.0]], "asks": [[101682.5, 10160.0], [101685.0, 17690.0], [101687.5, 20000.0], [101690.0, 940.0], [101692.5, 3130.0], [101695.0, 18960.0], [101697.5, 50000.0], [101700.0, 10000.0], [101702.5, 690.0], [101705.0, 2300.0], [101707.5, 1520.0], [101710.0, 5080.0], [101717.5, 490.0], [101720.0, 3150.0], [101722.5, 5030.0], [101727.5, 940.0], [101730.0, 3130.0], [101732.5, 1500.0], [101735.0, 5010.0], [101745.0, 4580.0]]}}}
{"jsonrpc": "2.0", "method": "subscription", "params": {"channel": "book.BTC-16MAY25.none.20.100ms", "data": {"timestamp": 1746736613398, "change_id": 100115629724, "instrument_name": "BTC-16MAY25", "bids": [[101812.5, 10400.0], [101810.0, 3120.0], [101807.5, 4400.0], [101805.0, 8480.0], [101802.5, 4400.0], [101800.0, 6910.0], [101797.5, 3240.0], [101795.0, 5870.0], [101790.0, 1020.0], [101785.0, 5220.0], [101782.5, 6370.0], [101775.0, 20.0], [101772.5, 1900.0], [101770.0, 6040.0], [101760.0, 3970.0], [101757.5, 3240.0], [101755.0, 10000.0], [101750.0, 1810.0], [101747.5, 6040.0], [101737.5, 9760.0]], "asks": [[101815.0, 10.0], [101820.0, 440.0], [101825.0, 3100.0], [101827.5, 5870.0], [101832.5, 300.0], [101837.5, 3000.0], [101840.0, 11840.0], [101842.5, 6140.0], [101852.5, 2790.0], [101855.0, 9310.0], [101867.5, 36070.0], [101870.0, 100000.0], [101892.5, 1800.0], [101895.0, 6000.0], [101905.0, 1800.0], [101907.5, 6000.0], [101917.5, 1800.0], [101920.0, 6000.0], [101930.0, 1800.0], [101932.5, 6000.0]]}}}
{"jsonrpc": "2.0", "method": "subscription", "params": {"channel": "book.BTC-9MAY25.none.20.100ms", "data": {"timestamp": 1746736613423, "change_id": 100115629746, "instrument_name": "BTC-9MAY25", "bids": [[101680.0, 10160.0], [101677.5, 6620.0], [101675.0, 6590.0], [101672.5, 5100.0], [101670.0, 2350.0], [101667.5, 8210.0], [101665.0, 1620.0], [101662.5, 5100.0], [101660.0, 300.0], [101650.0, 1610.0], [101647.5, 5080.0], [101642.5, 940.0], [101640.0, 3130.0], [101635.0, 1500.0], [101632.5, 5010.0], [101625.0, 3000.0], [101622.5, 10000.0], [101617.5, 12880.0], [101615.0, 26500.0], [101612.5, 40.0]], "asks": [[101682.5, 5100.0], [101685.0, 7530.0], [101687.5, 20000.0], [101695.0, 18960.0], [101697.5, 50000.0], [101700.0, 10000.0], [101702.5, 690.0], [101705.0, 2300.0], [101707.5, 1520.0], [101710.0, 5080.0], [101717.5, 490.0], [101720.0, 3150.0], [101722.5, 5030.0], [101727.5, 940.0], [101730.0, 3130.0], [101732.5, 1500.0], [101735.0, 5010.0], [101745.0, 4580.0], [101747.5, 5110.0], [101750.0, 25160.0]]}}}
{"jsonrpc": "2.0", "method": "subscription", "params": {"channel": "book.BTC-16MAY25.none.20.100ms", "data": {"timestamp": 1746736613542, "change_id": 100115630120, "instrument_name": "BTC-16MAY25", "bids": [[101812.5, 10400.0], [101810.0, 3120.0], [101807.5, 4400.0], [101805.0, 8480.0], [101802.5, 4400.0], [101800.0, 6910.0], [101797.5, 3240.0], [101795.0, 5870.0], [101790.0, 1020.0], [101785.0, 5220.0], [101782.5, 6370.0], [101775.0, 20.0], [101772.5, 1900.0], [101770.0, 6040.0], [101760.0, 3970.0], [101757.5, 3240.0], [101755.0, 10000.0], [101750.0, 1810.0], [101747.5, 6040.0], [101737.5, 9760.0]], "asks": [[101815.0, 10.0], [101820.0, 440.0], [101825.0, 3990.0], [101827.5, 9110.0], [101832.5, 300.0], [101837.5, 3000.0], [101840.0, 11840.0], [101842.5, 6140.0], [101852.5, 2790.0], [101855.0, 9310.0], [101867.5, 36070.0], [101870.0, 100000.0], [101892.5, 1800.0], [101895.0, 6000.0], [101905.0, 1800.0], [101907.5, 6000.0], [101917.5, 1800.0], [101920.0, 6000.0], [101930.0, 1800.0], [101932.5, 6000.0]]}}}
{"jsonrpc": "2.0", "method": "subscription", "params": {"channel": "book.BTC-9MAY25.none.20.100ms", "data": {"timestamp": 1746736613698, "change_id": 100115630205, "instrument_name": "BTC-9MAY25", "bids": [[101680.0, 10160.0], [101677.5, 6620.0], [101675.0, 7930.0], [101672.5, 5100.0], [101670.0, 7450.0], [101667.5, 8210.0], [101665.0, 1620.0], [101662.5, 5100.0], [101660.0, 300.0], [101650.0, 1610.0], [101647.5, 5080.0], [101642.5, 940.0], [101640.0, 3130.0], [101635.0, 1500.0], [101632.5, 5010.0], [101625.0, 3000.0], [101622.5, 10000.0], [101617.5, 12880.0], [101615.0, 26500.0], [101612.5, 40.0]], "asks": [[101682.5, 5100.0], [101685.0, 7530.0], [101687.5, 20000.0], [101692.5, 940.0], [101695.0, 22090.0], [101697.5, 50000.0], [101700.0, 10000.0], [101702.5, 690.0], [101705.0, 2300.0], [101707.5, 1520.0], [101710.0, 5080.0], [101717.5, 490.0], [101720.0, 3150.0], [101722.5, 5030.0], [101727.5, 940.0], [101730.0, 3130.0], [101732.5, 1500.0], [101735.0, 5010.0], [101745.0, 4580.0], [101747.5, 5110.0]]}}}
{"jsonrpc": "2.0", "method": "subscription", "params": {"channel": "book.BTC-16MAY25.none.20.100ms", "data": {"timestamp": 1746736614000, "change_id": 100115630631, "instrument_name": "BTC-16MAY25", "bids": [[101812.5, 4400.0], [101810.0, 3120.0], [101807.5, 4400.0], [101805.0, 8480.0], [101802.5, 4400.0], [101800.0, 6910.0], [101797.5, 3240.0], [101795.0, 5870.0], [101790.0, 1020.0], [101785.0, 5220.0], [101782.5, 6370.0], [101775.0, 20.0], [101772.5, 1900.0], [101770.0, 6040.0], [101760.0, 3970.0], [101757.5, 3240.0], [101755.0, 10000.0], [101750.0, 1810.0], [101747.5, 6040.0], [101737.5, 9760.0]], "asks": [[101815.0, 10.0], [101820.0, 440.0], [101825.0, 3990.0], [101827.5, 9110.0], [101832.5, 300.0], [101837.5, 3000.0], [101840.0, 11840.0], [101842.5, 6140.0], [101852.5, 2790.0], [101855.0, 9310.0], [101867.5, 36070.0], [101870.0, 100000.0], [101892.5, 1800.0], [101895.0, 6000.0], [101905.0, 1800.0], [101907.5, 6000.0], [101917.5, 1800.0], [101920.0, 6000.0], [101930.0, 1800.0], [101932.5, 6000.0]]}}}
{"jsonrpc": "2.0", "method": "subscription", "params": {"channel": "book.BTC-9MAY25.none.20.100ms", "data": {"timestamp": 1746736614063, "change_id": 100115630734, "instrument_name": "BTC-9MAY25", "bids": [[101675.0, 5060.0], [101672.5, 5100.0], [101670.0, 6040.0], [101667.5, 3130.0], [101665.0, 1620.0], [101662.5, 5100.0], [101660.0, 300.0], [101650.0, 1610.0], [101647.5, 5080.0], [101642.5, 940.0], [101640.0, 3130.0], [101635.0, 1500.0], [101632.5, 5010.0], [101625.0, 3000.0], [101622.5, 10000.0], [101617.5, 12880.0], [101615.0, 26500.0], [101612.5, 40.0], [101607.5, 1550.0], [101605.0, 5180.0]], "asks": [[101680.0, 13210.0], [101682.5, 10160.0], [101685.0, 7530.0], [101687.5, 20000.0], [101692.5, 940.0], [101695.0, 22090.0], [101697.5, 50000.0], [101700.0, 10000.0], [101702.5, 690.0], [101705.0, 2300.0], [101707.5, 1520.0], [101710.0, 5080.0], [101717.5, 490.0], [101720.0, 3150.0], [101722.5, 5030.0], [101727.5, 940.0], [101730.0, 3130.0], [101732.5, 1500.0], [101735.0, 5010.0], [101745.0, 4580.0]]}}}
{"jsonrpc": "2.0", "method": "subscription", "params": {"channel": "book.BTC-16MAY25.none.20.100ms", "data": {"timestamp": 1746736614445, "change_id": 100115631085, "instrument_name": "BTC-16MAY25", "bids": [[101812.5, 4400.0], [101810.0, 3120.0], [101807.5, 4400.0], [101805.0, 8480.0], [101802.5, 4400.0], [101800.0, 6160.0], [101795.0, 6840.0], [101792.5, 3240.0], [101790.0, 1020.0], [101785.0, 5220.0], [101782.5, 6370.0], [101775.0, 20.0], [101772.5, 1900.0], [101770.0, 6040.0], [101760.0, 3970.0], [101757.5, 3240.0], [101755.0, 10000.0], [101750.0, 1810.0], [101747.5, 6040.0], [101737.5, 9760.0]], "asks": [[101815.0, 10.0], [101817.5, 4230.0], [101820.0, 3240.0], [101825.0, 13100.0], [101827.5, 5870.0], [101832.5, 300.0], [101840.0, 1840.0], [101842.5, 6140.0], [101852.5, 2790.0], [101855.0, 9310.0], [101867.5, 36070.0], [101870.0, 100000.0], [101892.5, 1800.0], [101895.0, 6000.0], [101905.0, 1800.0], [101907.5, 6000.0], [101917.5, 1800.0], [101920.0, 6000.0], [101930.0, 1800.0], [101932.5, 6000.0]]}}}
{"jsonrpc": "2.0", "method": "subscription", "params": {"channel": "book.BTC-9MAY25.none.20.100ms", "data": {"timestamp": 1746736614445, "change_id": 100115631086, "instrument_name": "BTC-9MAY25", "bids": [[101675.0, 10160.0], [101672.5, 11690.0], [101670.0, 6040.0], [101665.0, 4750.0], [101662.5, 5100.0], [101660.0, 300.0], [101650.0, 1610.0], [101647.5, 5080.0], [101642.5, 940.0], [101640.0, 3130.0], [101635.0, 1500.0], [101632.5, 5010.0], [101625.0, 3000.0], [101622.5, 10000.0], [101617.5, 12880.0], [101615.0, 26500.0], [101612.5, 40.0], [101607.5, 1550.0], [101605.0, 5180.0], [101600.0, 10500.0]], "asks": [[101677.5, 10160.0], [101680.0, 10160.0], [101685.0, 7530.0], [101687.5, 23130.0], [101695.0, 18960.0], [101697.5, 50000.0], [101700.0, 10000.0], [101702.5, 690.0], [101705.0, 2300.0], [101707.5, 1520.0], [101710.0, 5080.0], [101717.5, 490.0], [101720.0, 3150.0], [101722.5, 5030.0], [101727.5, 940.0], [101730.0, 3130.0], [101732.5, 1500.0], [101735.0, 5010.0], [101745.0, 4580.0], [101747.5, 5110.0]]}}}
{"jsonrpc": "2.0", "method": "subscription", "params": {"channel": "book.BTC-16MAY25.none.20.100ms", "data": {"timestamp": 1746736614544, "change_id": 100115631488, "instrument_name": "BTC-16MAY25", "bids": [[101812.5, 4400.0], [101810.0, 3120.0], [101807.5, 4400.0], [101805.0, 7320.0], [101802.5, 4400.0], [101800.0, 1760.0], [101795.0, 6840.0], [101792.5, 3240.0], [101790.0, 1020.0], [101785.0, 5220.0], [101782.5, 6370.0], [101775.0, 20.0], [101772.5, 1900.0], [101770.0, 6040.0], [101760.0, 3970.0], [101757.5, 3240.0], [101755.0, 10000.0], [101750.0, 1810.0], [101747.5, 6040.0], [101737.5, 9760.0]], "asks": [[101815.0, 10.0], [101817.5, 4230.0], [101820.0, 3240.0], [101825.0, 13100.0], [101827.5, 5870.0], [101832.5, 300.0], [101840.0, 1840.0], [101842.5, 6140.0], [101852.5, 2790.0], [101855.0, 9310.0], [101867.5, 36070.0], [101870.0, 100000.0], [101892.5, 1800.0], [101895.0, 6000.0], [101905.0, 1800.0], [101907.5, 6000.0], [101917.5, 1800.0], [101920.0, 6000.0], [101930.0, 1800.0], [101932.5, 6000.0]]}}}
{"jsonrpc": "2.0", "method": "subscription", "params": {"channel": "book.BTC-9MAY25.none.20.100ms", "data": {"timestamp": 1746736614699, "change_id": 100115631596, "instrument_name": "BTC-9MAY25", "bids": [[101675.0, 10160.0], [101672.5, 10160.0], [101670.0, 940.0], [101665.0, 6040.0], [101662.5, 10080.0], [101660.0, 300.0], [101655.0, 1530.0], [101652.5, 5100.0], [101650.0, 1610.0], [101647.5, 5080.0], [101642.5, 940.0], [101640.0, 3130.0], [101635.0, 1500.0], [101632.5, 5010.0], [101625.0, 3000.0], [101622.5, 10000.0], [101617.5, 12880.0], [101615.0, 26500.0], [101612.5, 40.0], [101607.5, 1550.0]], "asks": [[101677.5, 5100.0], [101685.0, 7530.0], [101687.5, 23130.0], [101695.0, 18960.0], [101697.5, 50000.0], [101700.0, 10000.0], [101702.5, 690.0], [101705.0, 2300.0], [101707.5, 1520.0], [101710.0, 5080.0], [101717.5, 490.0], [101720.0, 3150.0], [101722.5, 5030.0], [101727.5, 940.0], [101730.0, 3130.0], [101732.5, 1500.0], [101735.0, 5010.0], [101745.0, 4580.0], [101747.5, 5110.0], [101750.0, 25160.0]]}}}
{"jsonrpc": "2.0", "method": "subscription", "params": {"channel": "book.BTC-16MAY25.none.20.100ms", "data": {"timestamp": 1746736615095, "change_id": 100115632094, "instrument_name": "BTC-16MAY25", "bids": [[101812.5, 4400.0], [101810.0, 3120.0], [101807.5, 4400.0], [101805.0, 7320.0], [101802.5, 4400.0], [101800.0, 1760.0], [101795.0, 6840.0], [101792.5, 3240.0], [101790.0, 1020.0], [101785.0, 5220.0], [101782.5, 6370.0], [101775.0, 20.0], [101772.5, 1900.0], [101770.0, 6040.0], [101760.0, 3970.0], [101757.5, 3240.0], [101755.0, 10000.0], [101750.0, 1810.0], [101747.5, 6040.0], [101737.5, 9760.0]], "asks": [[101815.0, 10.0], [101817.5, 4230.0], [101820.0, 3240.0], [101825.0, 11640.0], [101827.5, 5870.0], [101832.5, 300.0], [101840.0, 1840.0], [101842.5, 6140.0], [101852.5, 2790.0], [101855.0, 9310.0], [101867.5, 36070.0], [101870.0, 100000.0], [101892.5, 1800.0], [101895.0, 6000.0], [101905.0, 1800.0], [101907.5, 6000.0], [101917.5, 1800.0], [101920.0, 6000.0], [101930.0, 1800.0], [101932.5, 6000.0]]}}}
{"jsonrpc": "2.0", "method": "subscription", "params": {"channel": "book.BTC-9MAY25.none.20.100ms", "data": {"timestamp": 1746736615100, "change_id": 100115632108, "instrument_name": "BTC-9MAY25", "bids": [[101675.0, 10160.0], [101672.5, 10160.0], [101670.0, 940.0], [101665.0, 6040.0], [101662.5, 10080.0], [101660.0, 300.0], [101655.0, 1530.0], [101652.5, 5100.0], [101650.0, 1610.0], [101647.5, 5080.0], [101642.5, 940.0], [101640.0, 3130.0], [101635.0, 1500.0], [101632.5, 5010.0], [101625.0, 3000.0], [101622.5, 10000.0], [101617.5, 12880.0], [101615.0, 26500.0], [101612.5, 40.0], [101607.5, 1550.0]], "asks": [[101677.5, 5100.0], [101685.0, 7530.0], [101687.5, 23130.0], [101695.0, 18960.0], [101697.5, 50000.0], [101700.0, 10000.0], [101702.5, 690.0], [101705.0, 2300.0], [101707.5, 1520.0], [101710.0, 5080.0], [101720.0, 1510.0], [101722.5, 5030.0], [101727.5, 940.0], [101730.0, 3130.0], [101732.5, 1500.0], [101735.0, 5010.0], [101745.0, 4580.0], [101747.5, 5110.0], [101750.0, 25160.0], [101752.5, 50000.0]]}}}
{"jsonrpc": "2.0", "method": "subscription", "params": {"channel": "book.BTC-16MAY25.none.20.100ms", "data": {"timestamp": 1746736615203, "change_id": 100115632158, "instrument_name": "BTC-16MAY25", "bids": [[101812.5, 4400.0], [101810.0, 3120.0], [101807.5, 4400.0], [101805.0, 7320.0], [101802.5, 4400.0], [101800.0, 1760.0], [101795.0, 6840.0], [101792.5, 3240.0], [101790.0, 1020.0], [101785.0, 5220.0], [101782.5, 6370.0], [101775.0, 20.0], [101772.5, 1900.0], [101770.0, 6040.0], [101760.0, 3970.0], [101757.5, 3240.0], [101755.0, 10000.0], [101750.0, 1810.0], [101747.5, 6040.0], [101737.5, 9760.0]], "asks": [[101815.0, 10.0], [101817.5, 5690.0], [101820.0, 3240.0], [101825.0, 11640.0], [101827.5, 5870.0], [101832.5, 300.0], [101840.0, 1840.0], [101842.5, 6140.0], [101852.5, 2790.0], [101855.0, 9310.0], [101867.5, 36070.0], [101870.0, 100000.0], [101892.5, 1800.0], [101895.0, 6000.0], [101905.0, 1800.0], [101907.5, 6000.0], [101917.5, 1800.0], [101920.0, 6000.0], [101930.0, 1800.0], [101932.5, 6000.0]]}}}
{"jsonrpc": "2.0", "method": "subscription", "params": {"channel": "book.BTC-9MAY25.none.20.100ms", "data": {"timestamp": 1746736615210, "change_id": 100115632172, "instrument_name": "BTC-9MAY25", "bids": [[101675.0, 10160.0], [101672.5, 10160.0], [101670.0, 940.0], [101665.0, 6040.0], [101662.5, 10080.0], [101660.0, 300.0], [101655.0, 1530.0], [101652.5, 5100.0], [101650.0, 1610.0], [101647.5, 5080.0], [101642.5, 940.0], [101640.0, 3130.0], [101635.0, 1500.0], [101632.5, 5010.0], [101625.0, 3000.0], [101622.5, 10000.0], [101617.5, 12880.0], [101615.0, 26500.0], [101612.5, 40.0], [101607.5, 1550.0]], "asks": [[101677.5, 5100.0], [101685.0, 7530.0], [101687.5, 23130.0], [101695.0, 18960.0], [101697.5, 50000.0], [101700.0, 10000.0], [101702.5, 690.0], [101705.0, 2300.0], [101707.5, 1520.0], [101710.0, 5570.0], [101712.5, 1630.0], [101720.0, 1510.0], [101722.5, 5030.0], [101727.5, 940.0], [101730.0, 3130.0], [101732.5, 1500.0], [101735.0, 5010.0], [101745.0, 4580.0], [101747.5, 5110.0], [101750.0, 25160.0]]}}}
{"jsonrpc": "2.0", "method": "subscription", "params": {"channel": "book.BTC-16MAY25.none.20.100ms", "data": {"timestamp": 1746736615742, "change_id": 100115632972, "instrument_name": "BTC-16MAY25", "bids": [[101812.5, 10400.0], [101810.0, 3120.0], [101807.5, 4400.0], [101805.0, 8130.0], [101802.5, 7640.0], [101800.0, 2860.0], [101797.5, 4400.0], [101795.0, 5870.0], [101790.0, 1020.0], [101785.0, 5220.0], [101782.5, 6370.0], [101775.0, 20.0], [101772.5, 1900.0], [101770.0, 6040.0], [101760.0, 3970.0], [101757.5, 3240.0], [101755.0, 10000.0], [101750.0, 1810.0], [101747.5, 6040.0], [101737.5, 9760.0]], "asks": [[101815.0, 10.0], [101817.5, 1460.0], [101822.5, 2770.0], [101825.0, 11640.0], [101827.5, 5870.0], [101832.5, 300.0], [101840.0, 1840.0], [101842.5, 6140.0], [101852.5, 2790.0], [101855.0, 9310.0], [101860.0, 50000.0], [101867.5, 6070.0], [101870.0, 50000.0], [101892.5, 1800.0], [101895.0, 6000.0], [101905.0, 1800.0], [101907.5, 6000.0], [101917.5, 1800.0], [101920.0, 6000.0], [101930.0, 1800.0]]}}}
