{"jsonrpc": "2.0", "id": 1, "result": ["book.BTC-23JAN26.none.20.100ms", "book.BTC-16JAN26.none.20.100ms"], "usIn": 1768386730274507, "usOut": 1768386730274755, "usDiff": 248, "testnet": false}
{"jsonrpc": "2.0", "method": "subscription", "params": {"channel": "book.BTC-23JAN26.none.20.100ms", "data": {"timestamp": 1768386730259, "change_id": 135498738539, "instrument_name": "BTC-23JAN26", "bids": [[95215.0, 9710.0], [95212.5, 40500.0], [95200.0, 660.0], [95197.5, 2200.0], [95192.5, 14930.0], [95190.0, 50000.0], [95180.0, 2920.0], [95177.5, 9790.0], [95175.0, 300.0], [95172.5, 1000.0], [95145.0, 1760.0], [95142.5, 1000.0], [95140.0, 7660.0], [95137.5, 8820.0], [95122.5, 600.0], [95120.0, 2000.0], [95112.5, 1000.0], [95100.0, 16310.0], [95070.0, 35300.0], [95062.5, 4910.0]], "asks": [[95232.5, 12090.0], [95235.0, 55430.0], [95237.5, 50000.0], [95245.0, 14120.0], [95247.5, 45290.0], [95250.0, 2000.0], [95287.5, 1700.0], [95290.0, 5700.0], [95312.5, 4780.0], [95315.0, 16000.0], [95317.5, 1390.0], [95320.0, 4670.0], [95335.0, 5100.0], [95390.0, 14910.0], [95460.0, 29470.0], [95497.5, 10.0], [95517.5, 2200.0], [95522.5, 50000.0], [95527.5, 8820.0], [95532.5, 30490.0]]}}}
{"jsonrpc": "2.0", "method": "subscription", "params": {"channel": "book.BTC-16JAN26.none.20.100ms", "data": {"timestamp": 1768386730258, "change_id": 135498738534, "instrument_name": "BTC-16JAN26", "bids": [[95092.5, 5100.0], [95090.0, 27050.0], [95087.5, 50000.0], [95085.0, 43590.0], [95080.0, 10000.0], [95065.0, 10830.0], [95062.5, 2000.0], [95047.5, 5970.0], [95045.0, 20000.0], [95035.0, 20000.0], [95030.0, 300.0], [94997.5, 4860.0], [94995.0, 16290.0], [94990.0, 6010.0], [94987.5, 20120.0], [94930.0, 660.0], [94927.5, 2200.0], [94922.5, 8820.0], [94920.0, 35300.0], [94902.5, 4640.0]], "asks": [[95097.5, 7600.0], [95100.0, 11900.0], [95102.5, 40500.0], [95112.5, 16700.0], [95115.0, 50100.0], [95125.0, 300.0], [95147.5, 300.0], [95150.0, 1000.0], [95155.0, 15270.0], [95157.5, 45290.0], [95160.0, 5860.0], [95177.5, 300.0], [95180.0, 1000.0], [95192.5, 1340.0], [95195.0, 4490.0], [95197.5, 6610.0], [95200.0, 22130.0], [95207.5, 4990.0], [95210.0, 16850.0], [95227.5, 600.0]]}}}
{"jsonrpc": "2.0", "method": "subscription", "params": {"channel": "book.BTC-16JAN26.none.20.100ms", "data": {"timestamp": 1768386730353, "change_id": 135498738723, "instrument_name": "BTC-16JAN26", "bids": [[95095.0, 10960.0], [95092.5, 5100.0], [95090.0, 27040.0], [95087.5, 50010.0], [95085.0, 43590.0], [95080.0, 10000.0], [95065.0, 10830.0], [95062.5, 2000.0], [95047.5, 5970.0], [95045.0, 20000.0], [95040.0, 5860.0], [95035.0, 20000.0], [95030.0, 300.0], [94997.5, 4860.0], [94995.0, 16290.0], [94990.0, 6010.0], [94987.5, 20120.0], [94930.0, 660.0], [94927.5, 2200.0], [94922.5, 8820.0]], "asks": [[95097.5, 13460.0], [95100.0, 11900.0], [95102.5, 40500.0], [95112.5, 16700.0], [95115.0, 50100.0], [95125.0, 300.0], [95147.5, 300.0], [95150.0, 1000.0], [95155.0, 15270.0], [95157.5, 45290.0], [95160.0, 5860.0], [95177.5, 300.0], [95180.0, 1000.0], [95192.5, 1340.0], [95195.0, 4490.0], [95197.5, 6610.0], [95200.0, 22130.0], [95207.5, 4990.0], [95210.0, 16850.0], [95227.5, 600.0]]}}}
{"jsonrpc": "2.0", "method": "subscription", "params": {"channel": "book.BTC-23JAN26.none.20.100ms", "data": {"timestamp": 1768386730349, "change_id": 135498738721, "instrument_name": "BTC-23JAN26", "bids": [[95220.0, 5700.0], [95215.0, 9710.0], [95212.5, 40500.0], [95200.0, 660.0], [95197.5, 2200.0], [95192.5, 14930.0], [95190.0, 50000.0], [95175.0, 300.0], [95172.5, 1000.0], [95162.5, 1700.0], [95160.0, 5700.0], [95142.5, 1000.0], [95140.0, 7660.0], [95137.5, 8820.0], [95120.0, 2000.0], [95112.5, 1000.0], [95100.0, 16310.0], [95070.0, 35300.0], [95062.5, 4910.0], [95052.5, 4640.0]], "asks": [[95225.0, 5700.0], [95232.5, 12090.0], [95235.0, 55430.0], [95237.5, 50000.0], [95245.0, 14120.0], [95247.5, 45290.0], [95250.0, 2000.0], [95287.5, 1700.0], [95290.0, 5700.0], [95312.5, 4780.0], [95315.0, 16000.0], [95320.0, 4670.0], [95335.0, 5100.0], [95390.0, 14910.0], [95460.0, 29470.0], [95497.5, 10.0], [95517.5, 2200.0], [95522.5, 50000.0], [95527.5, 8820.0], [95532.5, 30490.0]]}}}
{"jsonrpc": "2.0", "method": "subscription", "params": {"channel": "book.BTC-16JAN26.none.20.100ms", "data": {"timestamp": 1768386730661, "change_id": 135498738982, "instrument_name": "BTC-16JAN26", "bids": [[95095.0, 10960.0], [95092.5, 5100.0], [95090.0, 27050.0], [95087.5, 50000.0], [95085.0, 68750.0], [95082.5, 45630.0], [95080.0, 55630.0], [95067.5, 3050.0], [95065.0, 10830.0], [95062.5, 2000.0], [95047.5, 5970.0], [95045.0, 20000.0], [95040.0, 5860.0], [95037.5, 5970.0], [95035.0, 20000.0], [95030.0, 300.0], [94997.5, 4860.0], [94995.0, 16290.0], [94990.0, 6010.0], [94987.5, 20120.0]], "asks": [[95097.5, 13460.0], [95100.0, 11900.0], [95102.5, 40500.0], [95112.5, 16700.0], [95115.0, 50100.0], [95125.0, 300.0], [95147.5, 300.0], [95150.0, 1000.0], [95155.0, 15270.0], [95157.5, 45290.0], [95160.0, 5860.0], [95177.5, 300.0], [95180.0, 1000.0], [95192.5, 1340.0], [95195.0, 4490.0], [95197.5, 6610.0], [95200.0, 22130.0], [95207.5, 4990.0], [95210.0, 16850.0], [95227.5, 600.0]]}}}
{"jsonrpc": "2.0", "method": "subscription", "params": {"channel": "book.BTC-23JAN26.none.20.100ms", "data": {"timestamp": 1768386730661, "change_id": 135498738983, "instrument_name": "BTC-23JAN26", "bids": [[95220.0, 65040.0], [95217.5, 45700.0], [95215.0, 9710.0], [95212.5, 40500.0], [95200.0, 660.0], [95197.5, 2200.0], [95192.5, 14930.0], [95190.0, 50000.0], [95175.0, 300.0], [95172.5, 1000.0], [95162.5, 1700.0], [95160.0, 5700.0], [95142.5, 1000.0], [95140.0, 7660.0], [95137.5, 8820.0], [95120.0, 2000.0], [95112.5, 1000.0], [95100.0, 16310.0], [95070.0, 35300.0], [95062.5, 4910.0]], "asks": [[95225.0, 5700.0], [95232.5, 12090.0], [95235.0, 55430.0], [95237.5, 50000.0], [95245.0, 14120.0], [95247.5, 45290.0], [95250.0, 2000.0], [95287.5, 1700.0], [95290.0, 5700.0], [95312.5, 4780.0], [95315.0, 16000.0], [95317.5, 1390.0], [95320.0, 4670.0], [95335.0, 5100.0], [95390.0, 14910.0], [95460.0, 29470.0], [95497.5, 10.0], [95517.5, 2200.0], [95522.5, 50000.0], [95527.5, 8820.0]]}}}
{"jsonrpc": "2.0", "method": "subscription", "params": {"channel": "book.BTC-16JAN26.none.20.100ms", "data": {"timestamp": 1768386731003, "change_id": 135498739443, "instrument_name": "BTC-16JAN26", "bids": [[95095.0, 5860.0], [95092.5, 5100.0], [95090.0, 27050.0], [95087.5, 50000.0], [95085.0, 68750.0], [95082.5, 45630.0], [95080.0, 55630.0], [95067.5, 3050.0], [95065.0, 10830.0], [95062.5, 2000.0], [95047.5, 5970.0], [95045.0, 20000.0], [95040.0, 5860.0], [95037.5, 5970.0], [95035.0, 20000.0], [95030.0, 300.0], [94997.5, 4860.0], [94995.0, 16290.0], [94990.0, 6010.0], [94987.5, 20120.0]], "asks": [[95097.5, 13460.0], [95100.0, 11900.0], [95102.5, 40500.0], [95112.5, 16700.0], [95115.0, 50100.0], [95125.0, 300.0], [95147.5, 300.0], [95150.0, 1000.0], [95155.0, 15270.0], [95157.5, 45290.0], [95160.0, 5860.0], [95177.5, 300.0], [95180.0, 1000.0], [95192.5, 1340.0], [95195.0, 4490.0], [95197.5, 6610.0], [95200.0, 22130.0], [95207.5, 4990.0], [95210.0, 16850.0], [95227.5, 600.0]]}}}
{"jsonrpc": "2.0", "method": "subscription", "params": {"channel": "book.BTC-16JAN26.none.20.100ms", "data": {"timestamp": 1768386731251, "change_id": 135498739672, "instrument_name": "BTC-16JAN26", "bids": [[95095.0, 5860.0], [95092.5, 5100.0], [95090.0, 27050.0], [95087.5, 50000.0], [95085.0, 68750.0], [95082.5, 45630.0], [95080.0, 55630.0], [95067.5, 3050.0], [95065.0, 10830.0], [95062.5, 2000.0], [95047.5, 5970.0], [95045.0, 20000.0], [95040.0, 5860.0], [95037.5, 5970.0], [95035.0, 20000.0], [95030.0, 300.0], [94997.5, 4860.0], [94995.0, 16290.0], [94990.0, 6010.0], [94987.5, 20120.0]], "asks": [[95097.5, 15860.0], [95100.0, 11900.0], [95102.5, 40500.0], [95112.5, 16700.0], [95115.0, 50100.0], [95125.0, 300.0], [95147.5, 300.0], [95150.0, 1000.0], [95155.0, 15270.0], [95157.5, 45290.0], [95160.0, 5860.0], [95177.5, 300.0], [95180.0, 1000.0], [95192.5, 1340.0], [95195.0, 4490.0], [95197.5, 6610.0], [95200.0, 22130.0], [95207.5, 4990.0], [95210.0, 16850.0], [95227.5, 600.0]]}}}
{"jsonrpc": "2.0", "method": "subscription", "params": {"channel": "book.BTC-23JAN26.none.20.100ms", "data": {"timestamp": 1768386731286, "change_id": 135498739684, "instrument_name": "BTC-23JAN26", "bids": [[95220.0, 65040.0], [95217.5, 45700.0], [95215.0, 9710.0], [95212.5, 40500.0], [95200.0, 660.0], [95197.5, 2200.0], [95192.5, 14930.0], [95190.0, 50000.0], [95175.0, 300.0], [95172.5, 1000.0], [95162.5, 1700.0], [95160.0, 5700.0], [95142.5, 2500.0], [95140.0, 7660.0], [95137.5, 8820.0], [95120.0, 2000.0], [95115.0, 300.0], [95112.5, 1000.0], [95100.0, 16310.0], [95070.0, 35300.0]], "asks": [[95225.0, 5700.0], [95227.5, 12090.0], [95230.0, 40500.0], [95235.0, 14930.0], [95237.5, 50000.0], [95245.0, 14120.0], [95247.5, 45290.0], [95250.0, 2000.0], [95287.5, 1700.0], [95290.0, 5700.0], [95312.5, 4780.0], [95315.0, 16000.0], [95317.5, 1390.0], [95320.0, 4670.0], [95335.0, 5100.0], [95390.0, 14910.0], [95460.0, 29470.0], [95497.5, 10.0], [95517.5, 2200.0], [95522.5, 50000.0]]}}}
{"jsonrpc": "2.0", "method": "subscription", "params": {"channel": "book.BTC-16JAN26.none.20.100ms", "data": {"timestamp": 1768386731619, "change_id": 135498739957, "instrument_name": "BTC-16JAN26", "bids": [[95095.0, 5860.0], [95092.5, 5100.0], [95090.0, 27050.0], [95087.5, 50000.0], [95085.0, 68750.0], [95082.5, 45630.0], [95080.0, 55630.0], [95067.5, 3050.0], [95065.0, 10830.0], [95062.5, 2000.0], [95047.5, 5970.0], [95045.0, 20000.0], [95040.0, 5860.0], [95037.5, 5970.0], [95035.0, 20000.0], [95030.0, 300.0], [94997.5, 4860.0], [94995.0, 16290.0], [94990.0, 6010.0], [94987.5, 20120.0]], "asks": [[95097.5, 15860.0], [95100.0, 11900.0], [95102.5, 40500.0], [95112.5, 16700.0], [95115.0, 50100.0], [95125.0, 300.0], [95147.5, 300.0], [95150.0, 1000.0], [95155.0, 15270.0], [95157.5, 45290.0], [95160.0, 5860.0], [95177.5, 300.0], [95180.0, 1000.0], [95192.5, 1340.0], [95195.0, 4490.0], [95197.5, 6610.0], [95200.0, 22130.0], [95207.5, 4990.0], [95210.0, 16850.0], [95227.5, 600.0]]}}}
{"jsonrpc": "2.0", "method": "subscription", "params": {"channel": "book.BTC-23JAN26.none.20.100ms", "data": {"timestamp": 1768386731596, "change_id": 135498739953, "instrument_name": "BTC-23JAN26", "bids": [[95220.0, 65040.0], [95217.5, 45700.0], [95215.0, 9710.0], [95212.5, 40500.0], [95200.0, 660.0], [95197.5, 2200.0], [95192.5, 14930.0], [95190.0, 50000.0], [95177.5, 9790.0], [95175.0, 300.0], [95172.5, 1000.0], [95162.5, 1700.0], [95160.0, 5700.0], [95142.5, 2500.0], [95140.0, 7660.0], [95137.5, 8820.0], [95120.0, 2000.0], [95115.0, 300.0], [95112.5, 1000.0], [95100.0, 16310.0]], "asks": [[95225.0, 5700.0], [95227.5, 12090.0], [95230.0, 40500.0], [95235.0, 14930.0], [95237.5, 50000.0], [95245.0, 14120.0], [95247.5, 45290.0], [95250.0, 2000.0], [95287.5, 1700.0], [95290.0, 5700.0], [95312.5, 4780.0], [95315.0, 16000.0], [95317.5, 1390.0], [95320.0, 4670.0], [95335.0, 5100.0], [95390.0, 14910.0], [95460.0, 29470.0], [95497.5, 10.0], [95517.5, 2200.0], [95522.5, 50000.0]]}}}
{"jsonrpc": "2.0", "method": "subscription", "params": {"channel": "book.BTC-16JAN26.none.20.100ms", "data": {"timestamp": 1768386731992, "change_id": 135498740529, "instrument_name": "BTC-16JAN26", "bids": [[95095.0, 5860.0], [95092.5, 5100.0], [95090.0, 10.0], [95085.0, 3090.0], [95080.0, 22090.0], [95077.5, 40500.0], [95067.5, 53050.0], [95065.0, 10830.0], [95062.5, 2000.0], [95047.5, 5970.0], [95045.0, 20000.0], [95042.5, 1750.0], [95040.0, 5860.0], [95030.0, 300.0], [94997.5, 4860.0], [94995.0, 16290.0], [94990.0, 6010.0], [94987.5, 20120.0], [94930.0, 660.0], [94927.5, 2200.0]], "asks": [[95097.5, 13460.0], [95100.0, 11900.0], [95102.5, 40500.0], [95112.5, 16700.0], [95115.0, 50100.0], [95125.0, 300.0], [95147.5, 300.0], [95150.0, 1000.0], [95155.0, 15270.0], [95157.5, 45290.0], [95160.0, 5860.0], [95177.5, 300.0], [95180.0, 1000.0], [95192.5, 1340.0], [95195.0, 4490.0], [95197.5, 6610.0], [95200.0, 22130.0], [95207.5, 4990.0], [95210.0, 16850.0], [95227.5, 600.0]]}}}
{"jsonrpc": "2.0", "method": "subscription", "params": {"channel": "book.BTC-23JAN26.none.20.100ms", "data": {"timestamp": 1768386731876, "change_id": 135498740071, "instrument_name": "BTC-23JAN26", "bids": [[95220.0, 5700.0], [95215.0, 9710.0], [95212.5, 40500.0], [95200.0, 660.0], [95197.5, 2200.0], [95192.5, 14930.0], [95190.0, 50000.0], [95177.5, 9790.0], [95175.0, 300.0], [95172.5, 1000.0], [95162.5, 1700.0], [95160.0, 5700.0], [95142.5, 2500.0], [95140.0, 7660.0], [95137.5, 8820.0], [95120.0, 2000.0], [95115.0, 300.0], [95112.5, 1000.0], [95100.0, 16310.0], [95070.0, 35300.0]], "asks": [[95225.0, 5700.0], [95227.5, 12090.0], [95230.0, 40500.0], [95235.0, 14930.0], [95237.5, 50000.0], [95245.0, 14120.0], [95247.5, 45290.0], [95250.0, 2000.0], [95287.5, 1700.0], [95290.0, 5700.0], [95312.5, 4780.0], [95315.0, 16000.0], [95317.5, 1390.0], [95320.0, 4670.0], [95335.0, 5100.0], [95390.0, 14910.0], [95460.0, 29470.0], [95497.5, 10.0], [95517.5, 2200.0], [95522.5, 50000.0]]}}}
{"jsonrpc": "2.0", "method": "subscription", "params": {"channel": "book.BTC-16JAN26.none.20.100ms", "data": {"timestamp": 1768386732263, "change_id": 135498740810, "instrument_name": "BTC-16JAN26", "bids": [[95095.0, 10960.0], [95092.5, 5100.0], [95090.0, 10.0], [95085.0, 3090.0], [95080.0, 22090.0], [95077.5, 40500.0], [95067.5, 53050.0], [95065.0, 10830.0], [95062.5, 2000.0], [95047.5, 5970.0], [95045.0, 20000.0], [95042.5, 1750.0], [95040.0, 5860.0], [95032.5, 20000.0], [95030.0, 300.0], [94997.5, 4860.0], [94995.0, 16290.0], [94990.0, 6010.0], [94987.5, 20120.0], [94930.0, 660.0]], "asks": [[95097.5, 7600.0], [95100.0, 17760.0], [95102.5, 40500.0], [95112.5, 16700.0], [95115.0, 50100.0], [95125.0, 300.0], [95147.5, 300.0], [95150.0, 1000.0], [95155.0, 15270.0], [95157.5, 45290.0], [95160.0, 5860.0], [95177.5, 300.0], [95180.0, 1000.0], [95192.5, 1340.0], [95195.0, 4490.0], [95197.5, 6610.0], [95200.0, 22130.0], [95207.5, 4990.0], [95210.0, 16850.0], [95227.5, 600.0]]}}}
{"jsonrpc": "2.0", "method": "subscription", "params": {"channel": "book.BTC-23JAN26.none.20.100ms", "data": {"timestamp": 1768386732341, "change_id": 135498740844, "instrument_name": "BTC-23JAN26", "bids": [[95220.0, 5700.0], [95215.0, 24490.0], [95212.5, 131900.0], [95192.5, 14930.0], [95190.0, 50000.0], [95175.0, 300.0], [95172.5, 1000.0], [95167.5, 660.0], [95165.0, 2200.0], [95162.5, 1700.0], [95160.0, 5700.0], [95142.5, 2500.0], [95140.0, 7660.0], [95137.5, 8820.0], [95122.5, 600.0], [95120.0, 2000.0], [95115.0, 300.0], [95112.5, 1000.0], [95100.0, 16310.0], [95070.0, 35300.0]], "asks": [[95225.0, 5700.0], [95227.5, 12090.0], [95230.0, 40500.0], [95235.0, 14930.0], [95237.5, 50000.0], [95245.0, 14120.0], [95247.5, 45290.0], [95250.0, 2000.0], [95287.5, 1700.0], [95290.0, 5700.0], [95312.5, 4780.0], [95315.0, 16000.0], [95317.5, 1390.0], [95320.0, 4670.0], [95335.0, 5100.0], [95390.0, 14910.0], [95460.0, 29470.0], [95497.5, 10.0], [95517.5, 2200.0], [95522.5, 50000.0]]}}}
{"jsonrpc": "2.0", "method": "subscription", "params": {"channel": "book.BTC-16JAN26.none.20.100ms", "data": {"timestamp": 1768386733003, "change_id": 135498741521, "instrument_name": "BTC-16JAN26", "bids": [[95095.0, 10960.0], [95092.5, 5100.0], [95090.0, 10.0], [95085.0, 3090.0], [95080.0, 22090.0], [95077.5, 40500.0], [95067.5, 50000.0], [95065.0, 10830.0], [95062.5, 2000.0], [95047.5, 5970.0], [95045.0, 20000.0], [95042.5, 1750.0], [95040.0, 5860.0], [95032.5, 20000.0], [95030.0, 300.0], [94997.5, 4860.0], [94995.0, 16290.0], [94990.0, 6010.0], [94987.5, 20120.0], [94930.0, 660.0]], "asks": [[95097.5, 10000.0], [95100.0, 17760.0], [95102.5, 40500.0], [95112.5, 16700.0], [95115.0, 50100.0], [95125.0, 300.0], [95147.5, 300.0], [95150.0, 1000.0], [95155.0, 15270.0], [95157.5, 45290.0], [95160.0, 5860.0], [95177.5, 300.0], [95180.0, 1000.0], [95192.5, 1340.0], [95195.0, 4490.0], [95197.5, 6610.0], [95200.0, 22130.0], [95207.5, 4990.0], [95210.0, 16850.0], [95227.5, 600.0]]}}}
{"jsonrpc": "2.0", "method": "subscription", "params": {"channel": "book.BTC-16JAN26.none.20.100ms", "data": {"timestamp": 1768386733262, "change_id": 135498741712, "instrument_name": "BTC-16JAN26", "bids": [[95095.0, 10960.0], [95092.5, 5100.0], [95090.0, 10.0], [95085.0, 29560.0], [95082.5, 50000.0], [95080.0, 79790.0], [95077.5, 86130.0], [95065.0, 10830.0], [95062.5, 2000.0], [95047.5, 5970.0], [95045.0, 20000.0], [95042.5, 1750.0], [95040.0, 5860.0], [95035.0, 6060.0], [95032.5, 20000.0], [95030.0, 300.0], [94997.5, 4860.0], [94995.0, 16290.0], [94990.0, 6010.0], [94987.5, 20120.0]], "asks": [[95097.5, 10000.0], [95100.0, 17760.0], [95102.5, 40500.0], [95112.5, 16700.0], [95115.0, 50100.0], [95125.0, 300.0], [95147.5, 300.0], [95150.0, 1000.0], [95155.0, 15270.0], [95157.5, 45290.0], [95160.0, 5860.0], [95177.5, 300.0], [95180.0, 1000.0], [95192.5, 1340.0], [95195.0, 4490.0], [95197.5, 6610.0], [95200.0, 22130.0], [95207.5, 4990.0], [95210.0, 16850.0], [95227.5, 600.0]]}}}
{"jsonrpc": "2.0", "method": "subscription", "params": {"channel": "book.BTC-23JAN26.none.20.100ms", "data": {"timestamp": 1768386733265, "change_id": 135498741716, "instrument_name": "BTC-23JAN26", "bids": [[95220.0, 5700.0], [95215.0, 9710.0], [95212.5, 40500.0], [95192.5, 14930.0], [95190.0, 50000.0], [95175.0, 300.0], [95172.5, 1000.0], [95167.5, 660.0], [95165.0, 2200.0], [95162.5, 1700.0], [95160.0, 5700.0], [95142.5, 2500.0], [95140.0, 7660.0], [95137.5, 8820.0], [95122.5, 600.0], [95120.0, 2000.0], [95115.0, 300.0], [95112.5, 1000.0], [95100.0, 16310.0], [95070.0, 35300.0]], "asks": [[95225.0, 5700.0], [95227.5, 12090.0], [95230.0, 40500.0], [95235.0, 14930.0], [95237.5, 50000.0], [95245.0, 14120.0], [95247.5, 45290.0], [95250.0, 2000.0], [95287.5, 1700.0], [95290.0, 5700.0], [95312.5, 4780.0], [95315.0, 16000.0], [95317.5, 1390.0], [95320.0, 4670.0], [95335.0, 5100.0], [95390.0, 14910.0], [95460.0, 29470.0], [95497.5, 10.0], [95517.5, 2200.0], [95522.5, 50000.0]]}}}
{"jsonrpc": "2.0", "method": "subscription", "params": {"channel": "book.BTC-23JAN26.none.20.100ms", "data": {"timestamp": 1768386733454, "change_id": 135498741890, "instrument_name": "BTC-23JAN26", "bids": [[95220.0, 65040.0], [95217.5, 45700.0], [95215.0, 9710.0], [95212.5, 40500.0], [95192.5, 14930.0], [95190.0, 50000.0], [95175.0, 300.0], [95172.5, 1000.0], [95167.5, 660.0], [95165.0, 2200.0], [95162.5, 1700.0], [95160.0, 5700.0], [95142.5, 2500.0], [95140.0, 7660.0], [95137.5, 8820.0], [95122.5, 600.0], [95120.0, 2000.0], [95115.0, 300.0], [95112.5, 1000.0], [95100.0, 16310.0]], "asks": [[95225.0, 5700.0], [95227.5, 12090.0], [95230.0, 40500.0], [95235.0, 14930.0], [95237.5, 50000.0], [95245.0, 14120.0], [95247.5, 45290.0], [95250.0, 2000.0], [95287.5, 1700.0], [95290.0, 5700.0], [95312.5, 4780.0], [95315.0, 16000.0], [95317.5, 1390.0], [95320.0, 4670.0], [95335.0, 5100.0], [95390.0, 14910.0], [95460.0, 29470.0], [95497.5, 10.0], [95517.5, 2200.0], [95522.5, 50000.0]]}}}
{"jsonrpc": "2.0", "method": "subscription", "params": {"channel": "book.BTC-16JAN26.none.20.100ms", "data": {"timestamp": 1768386733990, "change_id": 135498742357, "instrument_name": "BTC-16JAN26", "bids": [[95095.0, 5860.0], [95092.5, 5100.0], [95090.0, 10.0], [95085.0, 29560.0], [95082.5, 50000.0], [95080.0, 79790.0], [95077.5, 86130.0], [95065.0, 10830.0], [95062.5, 2000.0], [95047.5, 5970.0], [95045.0, 20000.0], [95042.5, 1750.0], [95040.0, 5860.0], [95035.0, 6060.0], [95032.5, 20000.0], [95030.0, 300.0], [94997.5, 4860.0], [94995.0, 16290.0], [94990.0, 6010.0], [94987.5, 20120.0]], "asks": [[95097.5, 7600.0], [95100.0, 17760.0], [95102.5, 40500.0], [95112.5, 16700.0], [95115.0, 50100.0], [95125.0, 300.0], [95147.5, 300.0], [95150.0, 1000.0], [95155.0, 15270.0], [95157.5, 45290.0], [95160.0, 5860.0], [95177.5, 300.0], [95180.0, 1000.0], [95192.5, 1340.0], [95195.0, 4490.0], [95197.5, 6610.0], [95200.0, 22130.0], [95207.5, 4990.0], [95210.0, 16850.0], [95227.5, 600.0]]}}}
{"jsonrpc": "2.0", "method": "subscription", "params": {"channel": "book.BTC-16JAN26.none.20.100ms", "data": {"timestamp": 1768386734314, "change_id": 135498742555, "instrument_name": "BTC-16JAN26", "bids": [[95095.0, 5860.0], [95092.5, 5100.0], [95090.0, 10.0], [95085.0, 29560.0], [95082.5, 50000.0], [95080.0, 79790.0], [95077.5, 86130.0], [95065.0, 600.0], [95062.5, 2000.0], [95052.5, 3050.0], [95050.0, 10230.0], [95047.5, 5970.0], [95045.0, 20000.0], [95042.5, 1750.0], [95040.0, 5860.0], [95035.0, 6060.0], [95032.5, 20000.0], [95030.0, 300.0], [94997.5, 4860.0], [94995.0, 16290.0]], "asks": [[95097.5, 7600.0], [95100.0, 17760.0], [95102.5, 40500.0], [95112.5, 16700.0], [95115.0, 50100.0], [95125.0, 300.0], [95147.5, 300.0], [95150.0, 1000.0], [95155.0, 15270.0], [95157.5, 45290.0], [95160.0, 5860.0], [95177.5, 300.0], [95180.0, 1000.0], [95192.5, 1340.0], [95195.0, 4490.0], [95197.5, 6610.0], [95200.0, 22130.0], [95207.5, 4990.0], [95210.0, 16850.0], [95227.5, 600.0]]}}}
{"jsonrpc": "2.0", "method": "subscription", "params": {"channel": "book.BTC-23JAN26.none.20.100ms", "data": {"timestamp": 1768386734062, "change_id": 135498742398, "instrument_name": "BTC-23JAN26", "bids": [[95220.0, 65040.0], [95217.5, 45700.0], [95215.0, 9710.0], [95212.5, 40500.0], [95192.5, 14930.0], [95190.0, 50000.0], [95175.0, 300.0], [95172.5, 1000.0], [95167.5, 660.0], [95165.0, 2200.0], [95162.5, 1700.0], [95160.0, 5700.0], [95145.0, 300.0], [95142.5, 1000.0], [95140.0, 2630.0], [95137.5, 13850.0], [95122.5, 600.0], [95120.0, 2000.0], [95115.0, 300.0], [95112.5, 1000.0]], "asks": [[95225.0, 5700.0], [95227.5, 12090.0], [95230.0, 40500.0], [95235.0, 14930.0], [95237.5, 50000.0], [95245.0, 14120.0], [95247.5, 45290.0], [95250.0, 2000.0], [95287.5, 1700.0], [95290.0, 5700.0], [95312.5, 4780.0], [95315.0, 16000.0], [95317.5, 1390.0], [95320.0, 4670.0], [95335.0, 5100.0], [95390.0, 14910.0], [95460.0, 29470.0], [95497.5, 10.0], [95517.5, 2200.0], [95522.5, 50000.0]]}}}
{"jsonrpc": "2.0", "method": "subscription", "params": {"channel": "book.BTC-23JAN26.none.20.100ms", "data": {"timestamp": 1768386734401, "change_id": 135498742702, "instrument_name": "BTC-23JAN26", "bids": [[95220.0, 65040.0], [95217.5, 45700.0], [95215.0, 9710.0], [95212.5, 40500.0], [95192.5, 14930.0], [95190.0, 50000.0], [95180.0, 2920.0], [95177.5, 9790.0], [95175.0, 300.0], [95172.5, 1000.0], [95167.5, 660.0], [95165.0, 2200.0], [95162.5, 1700.0], [95160.0, 5700.0], [95145.0, 300.0], [95142.5, 1000.0], [95140.0, 2630.0], [95137.5, 13850.0], [95122.5, 600.0], [95120.0, 2000.0]], "asks": [[95225.0, 5700.0], [95227.5, 12090.0], [95230.0, 40500.0], [95235.0, 14930.0], [95237.5, 50000.0], [95245.0, 14120.0], [95247.5, 45290.0], [95250.0, 2000.0], [95287.5, 1700.0], [95290.0, 5700.0], [95312.5, 4780.0], [95315.0, 16000.0], [95317.5, 1390.0], [95320.0, 4670.0], [95335.0, 5100.0], [95390.0, 14910.0], [95460.0, 29470.0], [95497.5, 10.0], [95517.5, 2200.0], [95522.5, 50000.0]]}}}
{"jsonrpc": "2.0", "method": "subscription", "params": {"channel": "book.BTC-16JAN26.none.20.100ms", "data": {"timestamp": 1768386734979, "change_id": 135498743152, "instrument_name": "BTC-16JAN26", "bids": [[95095.0, 10960.0], [95092.5, 5100.0], [95090.0, 10.0], [95085.0, 29560.0], [95082.5, 50000.0], [95080.0, 79790.0], [95077.5, 86130.0], [95065.0, 600.0], [95062.5, 2000.0], [95052.5, 3050.0], [95050.0, 10230.0], [95047.5, 5970.0], [95045.0, 20000.0], [95042.5, 1750.0], [95040.0, 5860.0], [95035.0, 6060.0], [95032.5, 20000.0], [95030.0, 300.0], [94997.5, 4860.0], [94995.0, 16290.0]], "asks": [[95097.5, 7600.0], [95100.0, 17760.0], [95102.5, 40500.0], [95112.5, 16700.0], [95115.0, 50100.0], [95125.0, 300.0], [95147.5, 300.0], [95150.0, 1000.0], [95155.0, 15270.0], [95157.5, 45290.0], [95160.0, 5860.0], [95177.5, 300.0], [95180.0, 1000.0], [95192.5, 1340.0], [95195.0, 4490.0], [95197.5, 6610.0], [95200.0, 22130.0], [95207.5, 4990.0], [95210.0, 16850.0], [95227.5, 600.0]]}}}
{"jsonrpc": "2.0", "method": "subscription", "params": {"channel": "book.BTC-23JAN26.none.20.100ms", "data": {"timestamp": 1768386736429, "change_id": 135498744361, "instrument_name": "BTC-23JAN26", "bids": [[95220.0, 65040.0], [95217.5, 45700.0], [95215.0, 9710.0], [95212.5, 40500.0], [95192.5, 14930.0], [95190.0, 50000.0], [95180.0, 2920.0], [95177.5, 9790.0], [95175.0, 300.0], [95172.5, 1000.0], [95167.5, 660.0], [95165.0, 2200.0], [95162.5, 1700.0], [95160.0, 5700.0], [95145.0, 300.0], [95142.5, 1000.0], [95140.0, 3800.0], [95137.5, 13850.0], [95122.5, 600.0], [95120.0, 2000.0]], "asks": [[95225.0, 5700.0], [95227.5, 12090.0], [95230.0, 40500.0], [95235.0, 14930.0], [95237.5, 50000.0], [95245.0, 14120.0], [95247.5, 45290.0], [95250.0, 2000.0], [95287.5, 1700.0], [95290.0, 5700.0], [95312.5, 4780.0], [95315.0, 16000.0], [95317.5, 1390.0], [95320.0, 4670.0], [95335.0, 5100.0], [95390.0, 14910.0], [95460.0, 29470.0], [95497.5, 10.0], [95517.5, 2200.0], [95522.5, 50000.0]]}}}
{"jsonrpc": "2.0", "method": "subscription", "params": {"channel": "book.BTC-16JAN26.none.20.100ms", "data": {"timestamp": 1768386736962, "change_id": 135498745398, "instrument_name": "BTC-16JAN26", "bids": [[95085.0, 5200.0], [95082.5, 8090.0], [95080.0, 10010.0], [95065.0, 600.0], [95062.5, 2000.0], [95057.5, 53050.0], [95055.0, 10230.0], [95042.5, 1750.0], [95040.0, 5860.0], [95030.0, 300.0], [94997.5, 4860.0], [94995.0, 16290.0], [94985.0, 6010.0], [94982.5, 20120.0], [94930.0, 660.0], [94927.5, 2200.0], [94922.5, 8820.0], [94920.0, 35300.0], [94902.5, 4640.0], [94900.0, 18990.0]], "asks": [[95087.5, 5860.0], [95100.0, 11900.0], [95102.5, 40500.0], [95112.5, 16700.0], [95115.0, 50100.0], [95125.0, 300.0], [95147.5, 300.0], [95150.0, 1000.0], [95155.0, 15270.0], [95157.5, 45290.0], [95160.0, 5860.0], [95177.5, 300.0], [95180.0, 1000.0], [95192.5, 1340.0], [95195.0, 4490.0], [95197.5, 6610.0], [95200.0, 22130.0], [95207.5, 4990.0], [95210.0, 16850.0], [95227.5, 600.0]]}}}
{"jsonrpc": "2.0", "method": "subscription", "params": {"channel": "book.BTC-23JAN26.none.20.100ms", "data": {"timestamp": 1768386736944, "change_id": 135498745438, "instrument_name": "BTC-23JAN26", "bids": [[95210.0, 5700.0], [95207.5, 12090.0], [95205.0, 40500.0], [95192.5, 14930.0], [95190.0, 50000.0], [95180.0, 2920.0], [95177.5, 9790.0], [95167.5, 660.0], [95165.0, 2200.0], [95162.5, 2700.0], [95160.0, 5700.0], [95140.0, 3800.0], [95137.5, 13850.0], [95132.5, 1000.0], [95102.5, 5870.0], [95100.0, 16310.0], [95070.0, 35300.0], [95060.0, 4910.0], [95052.5, 4640.0], [95007.5, 1900.0]], "asks": [[95212.5, 5700.0], [95227.5, 12090.0], [95230.0, 41100.0], [95232.5, 2000.0], [95235.0, 14930.0], [95237.5, 50000.0], [95245.0, 14120.0], [95247.5, 45290.0], [95287.5, 1700.0], [95290.0, 5700.0], [95315.0, 16000.0], [95317.5, 1390.0], [95320.0, 4670.0], [95335.0, 5100.0], [95390.0, 14910.0], [95460.0, 29470.0], [95497.5, 10.0], [95517.5, 2200.0], [95522.5, 50000.0], [95527.5, 8820.0]]}}}
{"jsonrpc": "2.0", "method": "subscription", "params": {"channel": "book.BTC-16JAN26.none.20.100ms", "data": {"timestamp": 1768386737192, "change_id": 135498745878, "instrument_name": "BTC-16JAN26", "bids": [[95085.0, 11060.0], [95082.5, 8090.0], [95080.0, 10010.0], [95072.5, 12090.0], [95070.0, 40500.0], [95065.0, 600.0], [95062.5, 2000.0], [95057.5, 3050.0], [95055.0, 10230.0], [95042.5, 51750.0], [95040.0, 5860.0], [95032.5, 20000.0], [95030.0, 6270.0], [95027.5, 20000.0], [94997.5, 4860.0], [94995.0, 16290.0], [94985.0, 6010.0], [94982.5, 20120.0], [94930.0, 660.0], [94927.5, 2200.0]], "asks": [[95087.5, 5860.0], [95090.0, 12090.0], [95092.5, 40500.0], [95112.5, 16700.0], [95115.0, 50100.0], [95125.0, 300.0], [95147.5, 300.0], [95150.0, 1000.0], [95155.0, 15270.0], [95157.5, 45290.0], [95160.0, 5860.0], [95177.5, 300.0], [95180.0, 1000.0], [95192.5, 1340.0], [95195.0, 4490.0], [95197.5, 6610.0], [95200.0, 22130.0], [95207.5, 4990.0], [95210.0, 16850.0], [95227.5, 600.0]]}}}
{"jsonrpc": "2.0", "method": "subscription", "params": {"channel": "book.BTC-23JAN26.none.20.100ms", "data": {"timestamp": 1768386737193, "change_id": 135498745880, "instrument_name": "BTC-23JAN26", "bids": [[95210.0, 5700.0], [95207.5, 12090.0], [95205.0, 40500.0], [95192.5, 14930.0], [95190.0, 50000.0], [95167.5, 660.0], [95165.0, 2200.0], [95162.5, 2700.0], [95160.0, 5700.0], [95140.0, 2630.0], [95137.5, 8820.0], [95132.5, 1000.0], [95125.0, 5030.0], [95110.0, 2000.0], [95102.5, 5870.0], [95100.0, 16310.0], [95070.0, 35300.0], [95055.0, 4910.0], [95052.5, 4640.0], [95007.5, 1900.0]], "asks": [[95212.5, 5700.0], [95220.0, 12090.0], [95222.5, 40500.0], [95230.0, 600.0], [95232.5, 2000.0], [95235.0, 14930.0], [95237.5, 50000.0], [95245.0, 14120.0], [95247.5, 45290.0], [95287.5, 1700.0], [95290.0, 5700.0], [95315.0, 16000.0], [95317.5, 1390.0], [95320.0, 4670.0], [95335.0, 5100.0], [95390.0, 14910.0], [95460.0, 29470.0], [95497.5, 10.0], [95517.5, 2200.0], [95522.5, 50000.0]]}}}
{"jsonrpc": "2.0", "method": "subscription", "params": {"channel": "book.BTC-16JAN26.none.20.100ms", "data": {"timestamp": 1768386737606, "change_id": 135498746225, "instrument_name": "BTC-16JAN26", "bids": [[95085.0, 15570.0], [95082.5, 5110.0], [95080.0, 10000.0], [95075.0, 27010.0], [95072.5, 50000.0], [95070.0, 40500.0], [95065.0, 600.0], [95062.5, 2000.0], [95057.5, 3050.0], [95055.0, 10230.0], [95042.5, 1750.0], [95040.0, 5860.0], [95032.5, 20000.0], [95030.0, 6270.0], [95027.5, 20000.0], [94997.5, 4860.0], [94995.0, 16290.0], [94985.0, 6010.0], [94982.5, 20120.0], [94930.0, 660.0]], "asks": [[95090.0, 12090.0], [95092.5, 40500.0], [95112.5, 16700.0], [95115.0, 50100.0], [95125.0, 300.0], [95147.5, 300.0], [95150.0, 1000.0], [95155.0, 15270.0], [95157.5, 45290.0], [95160.0, 5860.0], [95177.5, 300.0], [95180.0, 1000.0], [95192.5, 1340.0], [95195.0, 4490.0], [95197.5, 6610.0], [95200.0, 22130.0], [95207.5, 4990.0], [95210.0, 16850.0], [95227.5, 600.0], [95230.0, 2000.0]]}}}
{"jsonrpc": "2.0", "method": "subscription", "params": {"channel": "book.BTC-23JAN26.none.20.100ms", "data": {"timestamp": 1768386737598, "change_id": 135498746215, "instrument_name": "BTC-23JAN26", "bids": [[95212.5, 1700.0], [95210.0, 5700.0], [95207.5, 12090.0], [95205.0, 40500.0], [95192.5, 14930.0], [95190.0, 50000.0], [95167.5, 660.0], [95165.0, 2200.0], [95162.5, 2700.0], [95160.0, 5700.0], [95140.0, 2630.0], [95137.5, 8820.0], [95132.5, 1000.0], [95127.5, 1500.0], [95125.0, 5030.0], [95110.0, 2000.0], [95102.5, 5870.0], [95100.0, 16310.0], [95070.0, 35300.0], [95055.0, 4910.0]], "asks": [[95220.0, 12090.0], [95222.5, 40500.0], [95230.0, 600.0], [95232.5, 2000.0], [95235.0, 14930.0], [95237.5, 50000.0], [95245.0, 14120.0], [95247.5, 45290.0], [95287.5, 1700.0], [95290.0, 5700.0], [95315.0, 16000.0], [95317.5, 1390.0], [95320.0, 4670.0], [95335.0, 5100.0], [95390.0, 14910.0], [95460.0, 29470.0], [95497.5, 10.0], [95517.5, 2200.0], [95522.5, 50000.0], [95527.5, 8820.0]]}}}
{"jsonrpc": "2.0", "method": "subscription", "params": {"channel": "book.BTC-16JAN26.none.20.100ms", "data": {"timestamp": 1768386737947, "change_id": 135498746504, "instrument_name": "BTC-16JAN26", "bids": [[95085.0, 15570.0], [95082.5, 5110.0], [95080.0, 11520.0], [95077.5, 5100.0], [95075.0, 27010.0], [95072.5, 50000.0], [95070.0, 40500.0], [95065.0, 600.0], [95062.5, 2000.0], [95057.5, 3050.0], [95055.0, 10230.0], [95042.5, 1750.0], [95040.0, 5860.0], [95032.5, 20000.0], [95030.0, 6270.0], [95027.5, 20000.0], [94997.5, 4860.0], [94995.0, 16290.0], [94985.0, 6010.0], [94982.5, 20120.0]], "asks": [[95090.0, 21950.0], [95092.5, 40500.0], [95112.5, 16700.0], [95115.0, 50100.0], [95125.0, 300.0], [95147.5, 300.0], [95150.0, 1000.0], [95155.0, 15270.0], [95157.5, 45290.0], [95160.0, 5860.0], [95177.5, 300.0], [95180.0, 1000.0], [95192.5, 1340.0], [95195.0, 4490.0], [95197.5, 6610.0], [95200.0, 22130.0], [95207.5, 4990.0], [95210.0, 16850.0], [95227.5, 600.0], [95230.0, 2000.0]]}}}
{"jsonrpc": "2.0", "method": "subscription", "params": {"channel": "book.BTC-23JAN26.none.20.100ms", "data": {"timestamp": 1768386737671, "change_id": 135498746258, "instrument_name": "BTC-23JAN26", "bids": [[95210.0, 5700.0], [95207.5, 12090.0], [95205.0, 40500.0], [95192.5, 14930.0], [95190.0, 50000.0], [95167.5, 660.0], [95165.0, 2200.0], [95162.5, 2700.0], [95160.0, 5700.0], [95140.0, 2630.0], [95137.5, 8820.0], [95132.5, 1000.0], [95127.5, 1500.0], [95125.0, 5030.0], [95110.0, 2000.0], [95102.5, 5870.0], [95100.0, 16310.0], [95070.0, 35300.0], [95055.0, 4910.0], [95052.5, 4640.0]], "asks": [[95215.0, 5700.0], [95220.0, 12090.0], [95222.5, 40500.0], [95230.0, 600.0], [95232.5, 2000.0], [95235.0, 14930.0], [95237.5, 50000.0], [95245.0, 14120.0], [95247.5, 45290.0], [95287.5, 1700.0], [95290.0, 5700.0], [95315.0, 16000.0], [95317.5, 1390.0], [95320.0, 4670.0], [95335.0, 5100.0], [95390.0, 14910.0], [95460.0, 29470.0], [95497.5, 10.0], [95517.5, 2200.0], [95522.5, 50000.0]]}}}
{"jsonrpc": "2.0", "method": "subscription", "params": {"channel": "book.BTC-16JAN26.none.20.100ms", "data": {"timestamp": 1768386738284, "change_id": 135498747181, "instrument_name": "BTC-16JAN26", "bids": [[95085.0, 5960.0], [95082.5, 2990.0], [95080.0, 48260.0], [95077.5, 93800.0], [95075.0, 45630.0], [95072.5, 12090.0], [95070.0, 40500.0], [95065.0, 600.0], [95062.5, 2000.0], [95057.5, 3050.0], [95055.0, 10230.0], [95042.5, 1750.0], [95040.0, 5860.0], [95037.5, 5720.0], [95032.5, 20000.0], [95030.0, 6270.0], [95027.5, 20000.0], [94997.5, 4860.0], [94995.0, 16290.0], [94985.0, 6010.0]], "asks": [[95087.5, 10000.0], [95090.0, 17950.0], [95092.5, 40500.0], [95112.5, 16700.0], [95115.0, 50100.0], [95125.0, 300.0], [95147.5, 300.0], [95150.0, 1000.0], [95155.0, 15270.0], [95157.5, 45290.0], [95160.0, 5860.0], [95167.5, 600.0], [95170.0, 2000.0], [95177.5, 300.0], [95180.0, 1000.0], [95192.5, 1340.0], [95195.0, 4490.0], [95197.5, 6610.0], [95200.0, 22130.0], [95207.5, 4990.0]]}}}
{"jsonrpc": "2.0", "method": "subscription", "params": {"channel": "book.BTC-23JAN26.none.20.100ms", "data": {"timestamp": 1768386738210, "change_id": 135498747072, "instrument_name": "BTC-23JAN26", "bids": [[95210.0, 5700.0], [95200.0, 12090.0], [95197.5, 40500.0], [95190.0, 14930.0], [95187.5, 50000.0], [95167.5, 660.0], [95165.0, 2200.0], [95162.5, 2700.0], [95160.0, 5700.0], [95140.0, 2630.0], [95137.5, 8820.0], [95132.5, 1000.0], [95127.5, 1500.0], [95125.0, 5030.0], [95110.0, 2000.0], [95102.5, 5870.0], [95100.0, 16310.0], [95070.0, 35300.0], [95055.0, 4910.0], [95052.5, 4640.0]], "asks": [[95215.0, 5700.0], [95220.0, 12090.0], [95222.5, 40500.0], [95230.0, 600.0], [95232.5, 2000.0], [95235.0, 14930.0], [95237.5, 50000.0], [95245.0, 14120.0], [95247.5, 45290.0], [95287.5, 1700.0], [95290.0, 5700.0], [95315.0, 16000.0], [95317.5, 1390.0], [95320.0, 4670.0], [95335.0, 5100.0], [95390.0, 14910.0], [95460.0, 29470.0], [95497.5, 10.0], [95517.5, 2200.0], [95522.5, 50000.0]]}}}
{"jsonrpc": "2.0", "method": "subscription", "params": {"channel": "book.BTC-16JAN26.none.20.100ms", "data": {"timestamp": 1768386738395, "change_id": 135498747373, "instrument_name": "BTC-16JAN26", "bids": [[95085.0, 5960.0], [95080.0, 38260.0], [95077.5, 93800.0], [95075.0, 45630.0], [95072.5, 12090.0], [95070.0, 40500.0], [95065.0, 600.0], [95062.5, 2000.0], [95057.5, 3050.0], [95055.0, 10230.0], [95042.5, 1750.0], [95040.0, 5860.0], [95037.5, 5720.0], [95032.5, 20000.0], [95030.0, 6270.0], [95027.5, 20000.0], [94997.5, 4860.0], [94995.0, 16290.0], [94985.0, 6010.0], [94982.5, 20120.0]], "asks": [[95087.5, 10000.0], [95090.0, 17950.0], [95092.5, 40500.0], [95112.5, 16700.0], [95115.0, 50100.0], [95125.0, 300.0], [95147.5, 300.0], [95150.0, 1000.0], [95155.0, 15270.0], [95157.5, 45290.0], [95160.0, 5860.0], [95167.5, 600.0], [95170.0, 2000.0], [95177.5, 300.0], [95180.0, 1000.0], [95192.5, 1340.0], [95195.0, 4490.0], [95197.5, 6610.0], [95200.0, 22130.0], [95207.5, 4990.0]]}}}
{"jsonrpc": "2.0", "method": "subscription", "params": {"channel": "book.BTC-23JAN26.none.20.100ms", "data": {"timestamp": 1768386738297, "change_id": 135498747189, "instrument_name": "BTC-23JAN26", "bids": [[95210.0, 5700.0], [95200.0, 12090.0], [95197.5, 40500.0], [95190.0, 14930.0], [95187.5, 50000.0], [95175.0, 2920.0], [95172.5, 9790.0], [95167.5, 660.0], [95165.0, 2200.0], [95162.5, 2700.0], [95160.0, 5700.0], [95140.0, 2630.0], [95137.5, 8820.0], [95132.5, 1000.0], [95127.5, 1500.0], [95125.0, 5030.0], [95110.0, 2000.0], [95102.5, 5870.0], [95100.0, 16310.0], [95070.0, 35300.0]], "asks": [[95215.0, 5700.0], [95220.0, 12090.0], [95222.5, 40500.0], [95230.0, 600.0], [95232.5, 2000.0], [95235.0, 14930.0], [95237.5, 50000.0], [95245.0, 14120.0], [95247.5, 45290.0], [95287.5, 1700.0], [95290.0, 5700.0], [95315.0, 16000.0], [95317.5, 1390.0], [95320.0, 4670.0], [95335.0, 5100.0], [95390.0, 14910.0], [95460.0, 29470.0], [95497.5, 10.0], [95517.5, 2200.0], [95522.5, 50000.0]]}}}
{"jsonrpc": "2.0", "method": "subscription", "params": {"channel": "book.BTC-16JAN26.none.20.100ms", "data": {"timestamp": 1768386738793, "change_id": 135498747595, "instrument_name": "BTC-16JAN26", "bids": [[95085.0, 10960.0], [95082.5, 100.0], [95080.0, 38250.0], [95077.5, 103810.0], [95075.0, 45630.0], [95072.5, 12090.0], [95070.0, 40500.0], [95065.0, 600.0], [95062.5, 2000.0], [95057.5, 3050.0], [95055.0, 10230.0], [95042.5, 1750.0], [95040.0, 7570.0], [95037.5, 5720.0], [95032.5, 20000.0], [95030.0, 6270.0], [95027.5, 20000.0], [94997.5, 4860.0], [94995.0, 16290.0], [94985.0, 6010.0]], "asks": [[95087.5, 10000.0], [95090.0, 17950.0], [95092.5, 40500.0], [95112.5, 16800.0], [95115.0, 50000.0], [95125.0, 300.0], [95147.5, 300.0], [95150.0, 1000.0], [95155.0, 15270.0], [95157.5, 45290.0], [95160.0, 5860.0], [95167.5, 600.0], [95170.0, 2000.0], [95177.5, 300.0], [95180.0, 1000.0], [95192.5, 1340.0], [95195.0, 4490.0], [95197.5, 6610.0], [95200.0, 22130.0], [95207.5, 4990.0]]}}}
{"jsonrpc": "2.0", "method": "subscription", "params": {"channel": "book.BTC-23JAN26.none.20.100ms", "data": {"timestamp": 1768386738795, "change_id": 135498747598, "instrument_name": "BTC-23JAN26", "bids": [[95210.0, 5700.0], [95200.0, 12090.0], [95197.5, 40500.0], [95190.0, 14930.0], [95187.5, 50000.0], [95175.0, 2920.0], [95172.5, 9790.0], [95167.5, 660.0], [95165.0, 2200.0], [95162.5, 2700.0], [95160.0, 5700.0], [95140.0, 2630.0], [95137.5, 8820.0], [95135.0, 300.0], [95132.5, 1000.0], [95130.0, 5030.0], [95110.0, 2000.0], [95102.5, 5870.0], [95100.0, 16310.0], [95070.0, 35300.0]], "asks": [[95215.0, 5700.0], [95220.0, 12090.0], [95222.5, 40500.0], [95230.0, 600.0], [95232.5, 2000.0], [95235.0, 14930.0], [95237.5, 50000.0], [95245.0, 14120.0], [95247.5, 45290.0], [95287.5, 1700.0], [95290.0, 5700.0], [95312.5, 4780.0], [95315.0, 16000.0], [95317.5, 1390.0], [95320.0, 4670.0], [95335.0, 5100.0], [95390.0, 14910.0], [95460.0, 29470.0], [95497.5, 10.0], [95517.5, 2200.0]]}}}
{"jsonrpc": "2.0", "method": "subscription", "params": {"channel": "book.BTC-16JAN26.none.20.100ms", "data": {"timestamp": 1768386739117, "change_id": 135498748185, "instrument_name": "BTC-16JAN26", "bids": [[95085.0, 10960.0], [95082.5, 100.0], [95080.0, 38260.0], [95077.5, 103800.0], [95075.0, 45630.0], [95072.5, 12090.0], [95070.0, 40500.0], [95065.0, 600.0], [95062.5, 2000.0], [95057.5, 3050.0], [95055.0, 10230.0], [95042.5, 1750.0], [95040.0, 7570.0], [95037.5, 5720.0], [95032.5, 20000.0], [95030.0, 6270.0], [95027.5, 20000.0], [94997.5, 4860.0], [94995.0, 16290.0], [94985.0, 6010.0]], "asks": [[95087.5, 15860.0], [95090.0, 12090.0], [95092.5, 40500.0], [95112.5, 16800.0], [95115.0, 50000.0], [95125.0, 300.0], [95147.5, 300.0], [95150.0, 1000.0], [95155.0, 15270.0], [95157.5, 45290.0], [95160.0, 5860.0], [95167.5, 600.0], [95170.0, 2000.0], [95177.5, 300.0], [95180.0, 1000.0], [95192.5, 1340.0], [95195.0, 4490.0], [95197.5, 6610.0], [95200.0, 22130.0], [95207.5, 4990.0]]}}}
{"jsonrpc": "2.0", "method": "subscription", "params": {"channel": "book.BTC-23JAN26.none.20.100ms", "data": {"timestamp": 1768386739123, "change_id": 135498748197, "instrument_name": "BTC-23JAN26", "bids": [[95215.0, 20160.0], [95212.5, 47400.0], [95210.0, 5700.0], [95200.0, 12090.0], [95197.5, 40500.0], [95190.0, 14930.0], [95187.5, 50000.0], [95175.0, 2920.0], [95172.5, 9790.0], [95167.5, 660.0], [95165.0, 2200.0], [95162.5, 2700.0], [95160.0, 5700.0], [95140.0, 2630.0], [95137.5, 8820.0], [95135.0, 300.0], [95132.5, 1000.0], [95130.0, 5030.0], [95110.0, 2000.0], [95102.5, 5870.0]], "asks": [[95217.5, 5700.0], [95220.0, 12090.0], [95222.5, 40500.0], [95230.0, 600.0], [95232.5, 2000.0], [95235.0, 14930.0], [95237.5, 50000.0], [95245.0, 14120.0], [95247.5, 45290.0], [95287.5, 1700.0], [95290.0, 5700.0], [95312.5, 4780.0], [95315.0, 16000.0], [95317.5, 1390.0], [95320.0, 4670.0], [95335.0, 5100.0], [95390.0, 14910.0], [95460.0, 29470.0], [95497.5, 10.0], [95517.5, 2200.0]]}}}
{"jsonrpc": "2.0", "method": "subscription", "params": {"channel": "book.BTC-16JAN26.none.20.100ms", "data": {"timestamp": 1768386739496, "change_id": 135498748400, "instrument_name": "BTC-16JAN26", "bids": [[95085.0, 10960.0], [95082.5, 100.0], [95080.0, 38260.0], [95077.5, 103800.0], [95075.0, 45630.0], [95072.5, 12090.0], [95070.0, 40500.0], [95065.0, 600.0], [95062.5, 2000.0], [95057.5, 3050.0], [95055.0, 10230.0], [95042.5, 1750.0], [95040.0, 5860.0], [95032.5, 20000.0], [95030.0, 6270.0], [95027.5, 20000.0], [94997.5, 4860.0], [94995.0, 16290.0], [94985.0, 6010.0], [94982.5, 20120.0]], "asks": [[95087.5, 15860.0], [95090.0, 12090.0], [95092.5, 40500.0], [95112.5, 16800.0], [95115.0, 50000.0], [95125.0, 300.0], [95147.5, 300.0], [95150.0, 1000.0], [95155.0, 15270.0], [95157.5, 45290.0], [95160.0, 5860.0], [95167.5, 600.0], [95170.0, 2000.0], [95177.5, 300.0], [95180.0, 1000.0], [95192.5, 1340.0], [95195.0, 4490.0], [95197.5, 6610.0], [95200.0, 22130.0], [95207.5, 4990.0]]}}}
{"jsonrpc": "2.0", "method": "subscription", "params": {"channel": "book.BTC-23JAN26.none.20.100ms", "data": {"timestamp": 1768386739397, "change_id": 135498748374, "instrument_name": "BTC-23JAN26", "bids": [[95215.0, 20160.0], [95212.5, 47400.0], [95210.0, 5700.0], [95200.0, 12090.0], [95197.5, 40500.0], [95190.0, 14930.0], [95187.5, 50000.0], [95167.5, 660.0], [95165.0, 2200.0], [95162.5, 2700.0], [95160.0, 5700.0], [95140.0, 2630.0], [95137.5, 8820.0], [95135.0, 300.0], [95132.5, 1000.0], [95130.0, 5030.0], [95110.0, 2000.0], [95102.5, 5870.0], [95100.0, 16310.0], [95070.0, 35300.0]], "asks": [[95217.5, 5700.0], [95220.0, 12090.0], [95222.5, 40500.0], [95230.0, 600.0], [95232.5, 2000.0], [95235.0, 14930.0], [95237.5, 50000.0], [95245.0, 14120.0], [95247.5, 45290.0], [95287.5, 1700.0], [95290.0, 5700.0], [95312.5, 4780.0], [95315.0, 16000.0], [95317.5, 1390.0], [95320.0, 4670.0], [95335.0, 5100.0], [95390.0, 14910.0], [95460.0, 29470.0], [95497.5, 10.0], [95517.5, 2200.0]]}}}
{"jsonrpc": "2.0", "method": "subscription", "params": {"channel": "book.BTC-16JAN26.none.20.100ms", "data": {"timestamp": 1768386739924, "change_id": 135498748687, "instrument_name": "BTC-16JAN26", "bids": [[95085.0, 11060.0], [95082.5, 5100.0], [95080.0, 38260.0], [95077.5, 103800.0], [95075.0, 45630.0], [95072.5, 12090.0], [95070.0, 40500.0], [95065.0, 600.0], [95062.5, 2000.0], [95057.5, 3050.0], [95055.0, 10230.0], [95042.5, 1750.0], [95040.0, 5860.0], [95035.0, 6060.0], [95032.5, 20000.0], [95030.0, 6270.0], [95027.5, 20000.0], [94997.5, 4860.0], [94995.0, 16290.0], [94985.0, 6010.0]], "asks": [[95087.5, 15860.0], [95090.0, 12090.0], [95092.5, 40500.0], [95112.5, 16700.0], [95115.0, 50100.0], [95125.0, 300.0], [95147.5, 300.0], [95150.0, 1000.0], [95155.0, 15270.0], [95157.5, 45290.0], [95160.0, 5860.0], [95167.5, 600.0], [95170.0, 2000.0], [95177.5, 300.0], [95180.0, 1000.0], [95192.5, 1340.0], [95195.0, 4490.0], [95197.5, 6610.0], [95200.0, 22130.0], [95207.5, 4990.0]]}}}
{"jsonrpc": "2.0", "method": "subscription", "params": {"channel": "book.BTC-16JAN26.none.20.100ms", "data": {"timestamp": 1768386740045, "change_id": 135498748974, "instrument_name": "BTC-16JAN26", "bids": [[95085.0, 5960.0], [95080.0, 38260.0], [95077.5, 103800.0], [95075.0, 45630.0], [95072.5, 12090.0], [95070.0, 40500.0], [95065.0, 600.0], [95062.5, 2000.0], [95057.5, 3050.0], [95055.0, 10230.0], [95042.5, 1750.0], [95040.0, 5860.0], [95035.0, 6060.0], [95032.5, 20000.0], [95030.0, 6270.0], [95027.5, 20000.0], [94997.5, 4860.0], [94995.0, 16290.0], [94985.0, 6010.0], [94982.5, 20120.0]], "asks": [[95087.5, 15860.0], [95090.0, 12090.0], [95092.5, 40500.0], [95112.5, 16700.0], [95115.0, 50100.0], [95125.0, 300.0], [95147.5, 300.0], [95150.0, 1000.0], [95155.0, 15270.0], [95157.5, 45290.0], [95160.0, 5860.0], [95167.5, 600.0], [95170.0, 2000.0], [95177.5, 300.0], [95180.0, 1000.0], [95192.5, 1340.0], [95195.0, 4490.0], [95197.5, 6610.0], [95200.0, 22130.0], [95207.5, 4990.0]]}}}
{"jsonrpc": "2.0", "method": "subscription", "params": {"channel": "book.BTC-16JAN26.none.20.100ms", "data": {"timestamp": 1768386740545, "change_id": 135498749498, "instrument_name": "BTC-16JAN26", "bids": [[95085.0, 5960.0], [95080.0, 38260.0], [95077.5, 103800.0], [95075.0, 45630.0], [95072.5, 12090.0], [95070.0, 40500.0], [95065.0, 600.0], [95062.5, 2000.0], [95057.5, 10230.0], [95042.5, 1750.0], [95040.0, 5860.0], [95035.0, 6060.0], [95032.5, 20000.0], [95030.0, 6270.0], [95027.5, 20000.0], [94997.5, 4860.0], [94995.0, 16290.0], [94980.0, 6010.0], [94977.5, 20120.0], [94930.0, 660.0]], "asks": [[95087.5, 10760.0], [95112.5, 16700.0], [95115.0, 50100.0], [95125.0, 300.0], [95147.5, 300.0], [95150.0, 1000.0], [95155.0, 15270.0], [95157.5, 45290.0], [95160.0, 5860.0], [95167.5, 600.0], [95170.0, 2000.0], [95177.5, 300.0], [95180.0, 1000.0], [95192.5, 1340.0], [95195.0, 4490.0], [95197.5, 6610.0], [95200.0, 22130.0], [95207.5, 4990.0], [95210.0, 16850.0], [95227.5, 600.0]]}}}
{"jsonrpc": "2.0", "method": "subscription", "params": {"channel": "book.BTC-23JAN26.none.20.100ms", "data": {"timestamp": 1768386740454, "change_id": 135498749514, "instrument_name": "BTC-23JAN26", "bids": [[95215.0, 20160.0], [95212.5, 47400.0], [95210.0, 5700.0], [95205.0, 12090.0], [95202.5, 40500.0], [95190.0, 14930.0], [95187.5, 50000.0], [95167.5, 660.0], [95165.0, 2200.0], [95162.5, 2700.0], [95160.0, 5700.0], [95140.0, 2630.0], [95137.5, 8820.0], [95135.0, 1760.0], [95132.5, 1000.0], [95130.0, 5030.0], [95110.0, 2000.0], [95102.5, 5870.0], [95100.0, 16310.0], [95070.0, 35300.0]], "asks": [[95217.5, 5700.0], [95230.0, 600.0], [95232.5, 2000.0], [95235.0, 14930.0], [95237.5, 50000.0], [95245.0, 14120.0], [95247.5, 45290.0], [95287.5, 1700.0], [95290.0, 5700.0], [95312.5, 4780.0], [95315.0, 16000.0], [95317.5, 1390.0], [95320.0, 4670.0], [95335.0, 5100.0], [95390.0, 14910.0], [95460.0, 29470.0], [95497.5, 10.0], [95517.5, 2200.0], [95522.5, 50000.0], [95527.5, 8820.0]]}}}
{"jsonrpc": "2.0", "method": "subscription", "params": {"channel": "book.BTC-16JAN26.none.20.100ms", "data": {"timestamp": 1768386740914, "change_id": 135498749835, "instrument_name": "BTC-16JAN26", "bids": [[95085.0, 10960.0], [95082.5, 100.0], [95080.0, 38260.0], [95077.5, 144300.0], [95075.0, 45630.0], [95065.0, 600.0], [95062.5, 2000.0], [95060.0, 3050.0], [95057.5, 10230.0], [95042.5, 1750.0], [95040.0, 5860.0], [95035.0, 6060.0], [95032.5, 20000.0], [95030.0, 6270.0], [95027.5, 20000.0], [94997.5, 4860.0], [94995.0, 16290.0], [94980.0, 6010.0], [94977.5, 20120.0], [94930.0, 660.0]], "asks": [[95087.5, 10760.0], [95095.0, 1520.0], [95097.5, 5100.0], [95100.0, 12090.0], [95102.5, 40500.0], [95112.5, 16800.0], [95115.0, 50000.0], [95125.0, 300.0], [95147.5, 300.0], [95150.0, 1000.0], [95155.0, 15270.0], [95157.5, 45290.0], [95160.0, 5860.0], [95167.5, 600.0], [95170.0, 2000.0], [95177.5, 300.0], [95180.0, 1000.0], [95192.5, 1340.0], [95195.0, 4490.0], [95197.5, 6610.0]]}}}
{"jsonrpc": "2.0", "method": "subscription", "params": {"channel": "book.BTC-23JAN26.none.20.100ms", "data": {"timestamp": 1768386740800, "change_id": 135498749768, "instrument_name": "BTC-23JAN26", "bids": [[95215.0, 25860.0], [95212.5, 45700.0], [95210.0, 12090.0], [95207.5, 40500.0], [95190.0, 14930.0], [95187.5, 50000.0], [95167.5, 660.0], [95165.0, 2200.0], [95162.5, 2700.0], [95160.0, 5700.0], [95140.0, 2630.0], [95137.5, 8820.0], [95135.0, 1760.0], [95132.5, 1000.0], [95130.0, 5030.0], [95110.0, 2000.0], [95102.5, 5870.0], [95100.0, 16310.0], [95070.0, 35300.0], [95055.0, 4910.0]], "asks": [[95217.5, 5700.0], [95227.5, 12090.0], [95230.0, 41100.0], [95232.5, 2000.0], [95235.0, 14930.0], [95237.5, 50000.0], [95245.0, 14120.0], [95247.5, 45290.0], [95287.5, 1700.0], [95290.0, 5700.0], [95312.5, 4780.0], [95315.0, 16000.0], [95317.5, 1390.0], [95320.0, 4670.0], [95335.0, 5100.0], [95390.0, 14910.0], [95460.0, 29470.0], [95497.5, 10.0], [95517.5, 2200.0], [95522.5, 50000.0]]}}}
{"jsonrpc": "2.0", "method": "subscription", "params": {"channel": "book.BTC-16JAN26.none.20.100ms", "data": {"timestamp": 1768386741500, "change_id": 135498750554, "instrument_name": "BTC-16JAN26", "bids": [[95090.0, 10960.0], [95087.5, 6620.0], [95085.0, 5110.0], [95082.5, 100.0], [95080.0, 38250.0], [95077.5, 144300.0], [95075.0, 45630.0], [95065.0, 600.0], [95062.5, 2000.0], [95060.0, 3050.0], [95057.5, 10230.0], [95042.5, 1750.0], [95040.0, 5860.0], [95035.0, 6060.0], [95032.5, 20000.0], [95030.0, 6270.0], [95027.5, 20000.0], [94997.5, 4860.0], [94995.0, 16290.0], [94980.0, 6010.0]], "asks": [[95092.5, 5860.0], [95095.0, 1520.0], [95097.5, 5100.0], [95100.0, 12090.0], [95102.5, 40500.0], [95112.5, 16800.0], [95115.0, 50000.0], [95125.0, 300.0], [95147.5, 300.0], [95150.0, 1000.0], [95155.0, 15270.0], [95157.5, 45290.0], [95160.0, 5860.0], [95167.5, 600.0], [95170.0, 2000.0], [95177.5, 300.0], [95180.0, 1000.0], [95192.5, 1340.0], [95195.0, 4490.0], [95197.5, 6610.0]]}}}
{"jsonrpc": "2.0", "method": "subscription", "params": {"channel": "book.BTC-23JAN26.none.20.100ms", "data": {"timestamp": 1768386741575, "change_id": 135498750618, "instrument_name": "BTC-23JAN26", "bids": [[95215.0, 25860.0], [95212.5, 45700.0], [95210.0, 12090.0], [95207.5, 40500.0], [95190.0, 14930.0], [95187.5, 50000.0], [95167.5, 660.0], [95165.0, 2200.0], [95162.5, 2700.0], [95160.0, 5700.0], [95140.0, 2630.0], [95137.5, 8820.0], [95135.0, 1760.0], [95132.5, 1000.0], [95130.0, 5030.0], [95112.5, 600.0], [95110.0, 2000.0], [95102.5, 5870.0], [95100.0, 16310.0], [95070.0, 35300.0]], "asks": [[95217.5, 5700.0], [95227.5, 12090.0], [95230.0, 41100.0], [95232.5, 2000.0], [95235.0, 14930.0], [95237.5, 50000.0], [95245.0, 14120.0], [95247.5, 45290.0], [95287.5, 1700.0], [95290.0, 5700.0], [95312.5, 4780.0], [95315.0, 16000.0], [95317.5, 1390.0], [95320.0, 4670.0], [95335.0, 5100.0], [95390.0, 14910.0], [95460.0, 29470.0], [95497.5, 10.0], [95517.5, 2200.0], [95522.5, 50000.0]]}}}
{"jsonrpc": "2.0", "method": "subscription", "params": {"channel": "book.BTC-16JAN26.none.20.100ms", "data": {"timestamp": 1768386741903, "change_id": 135498750778, "instrument_name": "BTC-16JAN26", "bids": [[95090.0, 10960.0], [95087.5, 6620.0], [95085.0, 6660.0], [95082.5, 5200.0], [95080.0, 38250.0], [95077.5, 144300.0], [95075.0, 45630.0], [95065.0, 600.0], [95062.5, 2000.0], [95060.0, 3050.0], [95057.5, 10230.0], [95042.5, 1750.0], [95040.0, 5860.0], [95035.0, 6060.0], [95032.5, 20000.0], [95030.0, 6270.0], [95027.5, 20000.0], [94997.5, 4860.0], [94995.0, 16290.0], [94980.0, 6010.0]], "asks": [[95092.5, 14460.0], [95095.0, 1520.0], [95097.5, 5100.0], [95100.0, 12090.0], [95102.5, 40500.0], [95112.5, 16800.0], [95115.0, 50000.0], [95125.0, 300.0], [95147.5, 300.0], [95150.0, 1000.0], [95155.0, 15270.0], [95157.5, 45290.0], [95160.0, 5860.0], [95167.5, 600.0], [95170.0, 2000.0], [95177.5, 300.0], [95180.0, 1000.0], [95192.5, 1340.0], [95195.0, 4490.0], [95197.5, 6610.0]]}}}
{"jsonrpc": "2.0", "method": "subscription", "params": {"channel": "book.BTC-23JAN26.none.20.100ms", "data": {"timestamp": 1768386741797, "change_id": 135498750727, "instrument_name": "BTC-23JAN26", "bids": [[95215.0, 25860.0], [95212.5, 45700.0], [95210.0, 12090.0], [95207.5, 40500.0], [95190.0, 14930.0], [95187.5, 50000.0], [95167.5, 660.0], [95165.0, 2200.0], [95162.5, 2700.0], [95160.0, 5700.0], [95140.0, 2630.0], [95137.5, 8820.0], [95135.0, 1760.0], [95132.5, 1000.0], [95130.0, 5030.0], [95112.5, 600.0], [95110.0, 2000.0], [95102.5, 5870.0], [95100.0, 16310.0], [95070.0, 35300.0]], "asks": [[95217.5, 5700.0], [95227.5, 12090.0], [95230.0, 41100.0], [95232.5, 2000.0], [95235.0, 14930.0], [95237.5, 50000.0], [95245.0, 14120.0], [95247.5, 45290.0], [95287.5, 1700.0], [95290.0, 5700.0], [95312.5, 4780.0], [95315.0, 16000.0], [95317.5, 1390.0], [95320.0, 4670.0], [95335.0, 5100.0], [95390.0, 14910.0], [95460.0, 29470.0], [95497.5, 10.0], [95517.5, 2200.0], [95522.5, 50000.0]]}}}
{"jsonrpc": "2.0", "method": "subscription", "params": {"channel": "book.BTC-16JAN26.none.20.100ms", "data": {"timestamp": 1768386742160, "change_id": 135498751287, "instrument_name": "BTC-16JAN26", "bids": [[95090.0, 5860.0], [95087.5, 1520.0], [95085.0, 6660.0], [95082.5, 5200.0], [95080.0, 38250.0], [95077.5, 144300.0], [95075.0, 45630.0], [95065.0, 600.0], [95062.5, 2000.0], [95060.0, 3050.0], [95057.5, 10230.0], [95042.5, 1750.0], [95040.0, 5860.0], [95035.0, 6060.0], [95032.5, 20000.0], [95030.0, 6270.0], [95027.5, 20000.0], [94997.5, 4860.0], [94995.0, 16290.0], [94980.0, 6010.0]], "asks": [[95092.5, 10760.0], [95095.0, 1520.0], [95097.5, 5100.0], [95100.0, 12090.0], [95102.5, 40500.0], [95112.5, 16800.0], [95115.0, 50000.0], [95125.0, 300.0], [95147.5, 300.0], [95150.0, 1000.0], [95155.0, 15270.0], [95157.5, 45290.0], [95160.0, 5860.0], [95167.5, 600.0], [95170.0, 2000.0], [95177.5, 300.0], [95180.0, 1000.0], [95192.5, 1340.0], [95195.0, 4490.0], [95197.5, 6610.0]]}}}
{"jsonrpc": "2.0", "method": "subscription", "params": {"channel": "book.BTC-16JAN26.none.20.100ms", "data": {"timestamp": 1768386742552, "change_id": 135498751857, "instrument_name": "BTC-16JAN26", "bids": [[95090.0, 5860.0], [95087.5, 1520.0], [95085.0, 6660.0], [95082.5, 5200.0], [95080.0, 38250.0], [95077.5, 144300.0], [95075.0, 45630.0], [95065.0, 600.0], [95062.5, 2000.0], [95060.0, 3050.0], [95057.5, 10230.0], [95042.5, 1750.0], [95040.0, 5860.0], [95035.0, 6060.0], [95032.5, 20000.0], [95030.0, 6270.0], [95027.5, 20000.0], [94997.5, 4860.0], [94995.0, 16290.0], [94980.0, 6010.0]], "asks": [[95092.5, 4900.0], [95112.5, 16800.0], [95115.0, 50000.0], [95125.0, 300.0], [95147.5, 300.0], [95150.0, 1000.0], [95155.0, 15270.0], [95157.5, 45290.0], [95160.0, 5860.0], [95167.5, 600.0], [95170.0, 2000.0], [95177.5, 300.0], [95180.0, 1000.0], [95192.5, 1340.0], [95195.0, 4490.0], [95197.5, 6610.0], [95200.0, 22130.0], [95207.5, 4990.0], [95210.0, 16850.0], [95227.5, 600.0]]}}}
{"jsonrpc": "2.0", "method": "subscription", "params": {"channel": "book.BTC-23JAN26.none.20.100ms", "data": {"timestamp": 1768386742557, "change_id": 135498751874, "instrument_name": "BTC-23JAN26", "bids": [[95225.0, 5700.0], [95217.5, 7720.0], [95215.0, 32830.0], [95212.5, 45700.0], [95210.0, 12090.0], [95207.5, 40500.0], [95190.0, 14930.0], [95187.5, 50000.0], [95167.5, 660.0], [95165.0, 2200.0], [95162.5, 2700.0], [95160.0, 5700.0], [95140.0, 2630.0], [95137.5, 8820.0], [95135.0, 1760.0], [95132.5, 6030.0], [95112.5, 600.0], [95110.0, 2000.0], [95102.5, 5870.0], [95100.0, 16310.0]], "asks": [[95230.0, 600.0], [95232.5, 2000.0], [95235.0, 14930.0], [95237.5, 50000.0], [95245.0, 14120.0], [95247.5, 45290.0], [95287.5, 1700.0], [95290.0, 5700.0], [95312.5, 4780.0], [95315.0, 16000.0], [95317.5, 1390.0], [95320.0, 4670.0], [95335.0, 5100.0], [95390.0, 14910.0], [95460.0, 29470.0], [95497.5, 10.0], [95517.5, 2200.0], [95522.5, 50000.0], [95527.5, 8820.0], [95532.5, 30490.0]]}}}
{"jsonrpc": "2.0", "method": "subscription", "params": {"channel": "book.BTC-16JAN26.none.20.100ms", "data": {"timestamp": 1768386742894, "change_id": 135498752371, "instrument_name": "BTC-16JAN26", "bids": [[95100.0, 10360.0], [95097.5, 10.0], [95092.5, 12090.0], [95090.0, 40500.0], [95087.5, 1530.0], [95085.0, 21380.0], [95082.5, 55200.0], [95080.0, 26940.0], [95077.5, 53800.0], [95075.0, 45630.0], [95065.0, 600.0], [95062.5, 2000.0], [95057.5, 10230.0], [95040.0, 5860.0], [95030.0, 300.0], [95027.5, 20010.0], [94997.5, 4860.0], [94995.0, 16290.0], [94980.0, 6010.0], [94977.5, 20120.0]], "asks": [[95105.0, 10960.0], [95110.0, 27040.0], [95112.5, 40600.0], [95115.0, 50000.0], [95125.0, 300.0], [95147.5, 300.0], [95150.0, 1000.0], [95155.0, 15270.0], [95157.5, 45290.0], [95160.0, 5860.0], [95167.5, 600.0], [95170.0, 2000.0], [95177.5, 300.0], [95180.0, 1000.0], [95192.5, 1340.0], [95195.0, 4490.0], [95197.5, 6610.0], [95200.0, 22130.0], [95207.5, 4990.0], [95210.0, 16850.0]]}}}
{"jsonrpc": "2.0", "method": "subscription", "params": {"channel": "book.BTC-23JAN26.none.20.100ms", "data": {"timestamp": 1768386742699, "change_id": 135498752366, "instrument_name": "BTC-23JAN26", "bids": [[95225.0, 5700.0], [95220.0, 18110.0], [95217.5, 40500.0], [95215.0, 32830.0], [95212.5, 45700.0], [95190.0, 14930.0], [95187.5, 50000.0], [95167.5, 660.0], [95165.0, 2200.0], [95162.5, 2700.0], [95160.0, 5700.0], [95140.0, 2630.0], [95137.5, 8820.0], [95135.0, 1760.0], [95132.5, 6030.0], [95112.5, 600.0], [95110.0, 2000.0], [95102.5, 5870.0], [95100.0, 16310.0], [95070.0, 35300.0]], "asks": [[95230.0, 6300.0], [95232.5, 2000.0], [95235.0, 14930.0], [95237.5, 50000.0], [95240.0, 12090.0], [95242.5, 40500.0], [95245.0, 14120.0], [95247.5, 45290.0], [95287.5, 1700.0], [95290.0, 5700.0], [95312.5, 4780.0], [95315.0, 16000.0], [95317.5, 1390.0], [95320.0, 4670.0], [95335.0, 5100.0], [95390.0, 14910.0], [95460.0, 29470.0], [95497.5, 10.0], [95517.5, 2200.0], [95522.5, 50000.0]]}}}
{"jsonrpc": "2.0", "method": "subscription", "params": {"channel": "book.BTC-16JAN26.none.20.100ms", "data": {"timestamp": 1768386743214, "change_id": 135498752932, "instrument_name": "BTC-16JAN26", "bids": [[95100.0, 10360.0], [95095.0, 10.0], [95092.5, 12090.0], [95090.0, 40500.0], [95087.5, 1530.0], [95085.0, 21380.0], [95082.5, 55200.0], [95080.0, 26940.0], [95077.5, 53800.0], [95075.0, 45630.0], [95065.0, 600.0], [95062.5, 2000.0], [95057.5, 10230.0], [95042.5, 20010.0], [95040.0, 5860.0], [95030.0, 300.0], [95027.5, 20010.0], [94997.5, 4860.0], [94995.0, 16290.0], [94980.0, 6010.0]], "asks": [[95102.5, 4900.0], [95105.0, 5860.0], [95110.0, 27040.0], [95112.5, 40600.0], [95115.0, 50000.0], [95125.0, 300.0], [95147.5, 300.0], [95150.0, 1000.0], [95155.0, 15270.0], [95157.5, 45290.0], [95160.0, 5860.0], [95167.5, 600.0], [95170.0, 2000.0], [95177.5, 300.0], [95180.0, 1000.0], [95192.5, 1340.0], [95195.0, 4490.0], [95197.5, 6610.0], [95200.0, 22130.0], [95207.5, 4990.0]]}}}
{"jsonrpc": "2.0", "method": "subscription", "params": {"channel": "book.BTC-23JAN26.none.20.100ms", "data": {"timestamp": 1768386742975, "change_id": 135498752706, "instrument_name": "BTC-23JAN26", "bids": [[95225.0, 5700.0], [95220.0, 18110.0], [95217.5, 40500.0], [95215.0, 20160.0], [95190.0, 14930.0], [95187.5, 50000.0], [95167.5, 660.0], [95165.0, 2200.0], [95162.5, 2700.0], [95160.0, 5700.0], [95140.0, 2630.0], [95137.5, 8820.0], [95135.0, 1760.0], [95132.5, 6030.0], [95112.5, 600.0], [95110.0, 2000.0], [95102.5, 5870.0], [95100.0, 16310.0], [95070.0, 35300.0], [95055.0, 4910.0]], "asks": [[95230.0, 6300.0], [95232.5, 2000.0], [95235.0, 14930.0], [95237.5, 50000.0], [95240.0, 12090.0], [95242.5, 40500.0], [95245.0, 14120.0], [95247.5, 45290.0], [95287.5, 1700.0], [95290.0, 5700.0], [95312.5, 4780.0], [95315.0, 16000.0], [95317.5, 1390.0], [95320.0, 4670.0], [95335.0, 5100.0], [95390.0, 14910.0], [95460.0, 29470.0], [95497.5, 10.0], [95517.5, 2200.0], [95522.5, 50000.0]]}}}
{"jsonrpc": "2.0", "method": "subscription", "params": {"channel": "book.BTC-16JAN26.none.20.100ms", "data": {"timestamp": 1768386743567, "change_id": 135498753221, "instrument_name": "BTC-16JAN26", "bids": [[95100.0, 10360.0], [95097.5, 10.0], [95092.5, 12090.0], [95090.0, 40500.0], [95087.5, 1530.0], [95085.0, 21380.0], [95082.5, 55200.0], [95080.0, 26940.0], [95077.5, 53800.0], [95075.0, 45630.0], [95065.0, 600.0], [95062.5, 2000.0], [95045.0, 10230.0], [95042.5, 20010.0], [95040.0, 21620.0], [95030.0, 300.0], [95027.5, 20010.0], [94980.0, 6010.0], [94977.5, 20120.0], [94927.5, 2200.0]], "asks": [[95110.0, 27040.0], [95112.5, 40600.0], [95115.0, 50000.0], [95125.0, 300.0], [95147.5, 300.0], [95150.0, 1000.0], [95155.0, 15270.0], [95157.5, 45290.0], [95160.0, 5860.0], [95167.5, 600.0], [95170.0, 2000.0], [95177.5, 300.0], [95180.0, 1000.0], [95192.5, 1340.0], [95195.0, 4490.0], [95197.5, 6610.0], [95200.0, 22130.0], [95207.5, 4990.0], [95210.0, 16850.0], [95227.5, 600.0]]}}}
{"jsonrpc": "2.0", "method": "subscription", "params": {"channel": "book.BTC-23JAN26.none.20.100ms", "data": {"timestamp": 1768386743557, "change_id": 135498753220, "instrument_name": "BTC-23JAN26", "bids": [[95225.0, 5700.0], [95222.5, 13640.0], [95220.0, 63810.0], [95217.5, 40500.0], [95215.0, 20160.0], [95190.0, 14930.0], [95187.5, 50000.0], [95167.5, 660.0], [95165.0, 2200.0], [95162.5, 2700.0], [95160.0, 5700.0], [95145.0, 15740.0], [95140.0, 2630.0], [95137.5, 8820.0], [95135.0, 1760.0], [95132.5, 6030.0], [95112.5, 600.0], [95110.0, 2000.0], [95102.5, 1000.0], [95070.0, 35300.0]], "asks": [[95230.0, 600.0], [95232.5, 2000.0], [95235.0, 14930.0], [95237.5, 50000.0], [95240.0, 12090.0], [95242.5, 40500.0], [95245.0, 14120.0], [95247.5, 45290.0], [95287.5, 1700.0], [95290.0, 5700.0], [95312.5, 4780.0], [95315.0, 16000.0], [95317.5, 1390.0], [95320.0, 4670.0], [95335.0, 5100.0], [95390.0, 14910.0], [95460.0, 29470.0], [95497.5, 10.0], [95517.5, 2200.0], [95522.5, 50000.0]]}}}
{"jsonrpc": "2.0", "method": "subscription", "params": {"channel": "book.BTC-16JAN26.none.20.100ms", "data": {"timestamp": 1768386743907, "change_id": 135498753441, "instrument_name": "BTC-16JAN26", "bids": [[95100.0, 5860.0], [95097.5, 1530.0], [95095.0, 5110.0], [95092.5, 12090.0], [95090.0, 40500.0], [95087.5, 1530.0], [95085.0, 21380.0], [95082.5, 55200.0], [95080.0, 26940.0], [95077.5, 53800.0], [95075.0, 45630.0], [95065.0, 600.0], [95062.5, 2000.0], [95045.0, 22660.0], [95042.5, 20010.0], [95040.0, 21620.0], [95030.0, 300.0], [95027.5, 20010.0], [94980.0, 6010.0], [94977.5, 20120.0]], "asks": [[95102.5, 8300.0], [95105.0, 1460.0], [95107.5, 4900.0], [95110.0, 27040.0], [95112.5, 40600.0], [95115.0, 50000.0], [95125.0, 300.0], [95147.5, 300.0], [95150.0, 1000.0], [95155.0, 15270.0], [95157.5, 45290.0], [95160.0, 5860.0], [95167.5, 600.0], [95170.0, 2000.0], [95177.5, 300.0], [95180.0, 1000.0], [95192.5, 1340.0], [95195.0, 4490.0], [95197.5, 6610.0], [95200.0, 22130.0]]}}}
{"jsonrpc": "2.0", "method": "subscription", "params": {"channel": "book.BTC-23JAN26.none.20.100ms", "data": {"timestamp": 1768386743653, "change_id": 135498753300, "instrument_name": "BTC-23JAN26", "bids": [[95225.0, 5700.0], [95222.5, 13640.0], [95220.0, 63810.0], [95217.5, 40500.0], [95215.0, 20160.0], [95190.0, 14930.0], [95187.5, 50000.0], [95167.5, 660.0], [95165.0, 2200.0], [95162.5, 2700.0], [95160.0, 5700.0], [95145.0, 15740.0], [95140.0, 2630.0], [95137.5, 8820.0], [95135.0, 1760.0], [95132.5, 6030.0], [95112.5, 600.0], [95110.0, 2000.0], [95102.5, 1000.0], [95070.0, 35300.0]], "asks": [[95230.0, 6300.0], [95232.5, 2000.0], [95235.0, 14930.0], [95237.5, 50000.0], [95240.0, 12090.0], [95242.5, 40500.0], [95245.0, 14120.0], [95247.5, 45290.0], [95287.5, 1700.0], [95290.0, 5700.0], [95312.5, 4780.0], [95315.0, 16000.0], [95317.5, 1390.0], [95320.0, 4670.0], [95335.0, 5100.0], [95390.0, 14910.0], [95460.0, 29470.0], [95497.5, 10.0], [95517.5, 2200.0], [95522.5, 50000.0]]}}}
{"jsonrpc": "2.0", "method": "subscription", "params": {"channel": "book.BTC-16JAN26.none.20.100ms", "data": {"timestamp": 1768386744146, "change_id": 135498753917, "instrument_name": "BTC-16JAN26", "bids": [[95100.0, 5860.0], [95097.5, 1530.0], [95095.0, 5110.0], [95092.5, 12090.0], [95090.0, 40500.0], [95087.5, 1530.0], [95085.0, 21380.0], [95082.5, 55200.0], [95080.0, 26940.0], [95077.5, 53800.0], [95075.0, 45630.0], [95065.0, 600.0], [95062.5, 2000.0], [95045.0, 22660.0], [95042.5, 20010.0], [95040.0, 21620.0], [95030.0, 300.0], [95027.5, 20010.0], [94980.0, 6010.0], [94977.5, 20120.0]], "asks": [[95102.5, 8300.0], [95105.0, 1460.0], [95107.5, 4900.0], [95110.0, 27040.0], [95112.5, 40600.0], [95115.0, 50000.0], [95125.0, 300.0], [95147.5, 300.0], [95150.0, 1000.0], [95155.0, 15270.0], [95157.5, 45290.0], [95160.0, 5860.0], [95167.5, 600.0], [95170.0, 2000.0], [95177.5, 300.0], [95180.0, 1000.0], [95192.5, 1340.0], [95195.0, 4490.0], [95197.5, 6610.0], [95200.0, 22130.0]]}}}
{"jsonrpc": "2.0", "method": "subscription", "params": {"channel": "book.BTC-23JAN26.none.20.100ms", "data": {"timestamp": 1768386744147, "change_id": 135498753918, "instrument_name": "BTC-23JAN26", "bids": [[95225.0, 5700.0], [95222.5, 13640.0], [95220.0, 63810.0], [95217.5, 40500.0], [95215.0, 20160.0], [95190.0, 14930.0], [95187.5, 50000.0], [95167.5, 660.0], [95165.0, 2200.0], [95162.5, 2700.0], [95160.0, 5700.0], [95145.0, 15740.0], [95140.0, 2630.0], [95137.5, 8820.0], [95135.0, 1760.0], [95132.5, 6030.0], [95112.5, 600.0], [95110.0, 2000.0], [95102.5, 1000.0], [95070.0, 35300.0]], "asks": [[95230.0, 600.0], [95232.5, 2000.0], [95235.0, 14930.0], [95237.5, 50000.0], [95240.0, 12090.0], [95242.5, 40500.0], [95245.0, 14120.0], [95247.5, 45290.0], [95287.5, 1700.0], [95290.0, 5700.0], [95312.5, 4780.0], [95315.0, 16000.0], [95317.5, 1390.0], [95320.0, 4670.0], [95335.0, 5100.0], [95390.0, 14910.0], [95460.0, 29470.0], [95497.5, 10.0], [95517.5, 2200.0], [95522.5, 50000.0]]}}}
{"jsonrpc": "2.0", "method": "subscription", "params": {"channel": "book.BTC-16JAN26.none.20.100ms", "data": {"timestamp": 1768386744335, "change_id": 135498753995, "instrument_name": "BTC-16JAN26", "bids": [[95100.0, 5860.0], [95097.5, 1530.0], [95095.0, 5110.0], [95092.5, 12090.0], [95090.0, 40500.0], [95087.5, 1530.0], [95085.0, 21380.0], [95082.5, 55200.0], [95080.0, 26940.0], [95077.5, 53800.0], [95075.0, 45630.0], [95065.0, 600.0], [95062.5, 2000.0], [95045.0, 22660.0], [95042.5, 20010.0], [95040.0, 21620.0], [95030.0, 300.0], [95027.5, 20010.0], [94980.0, 6010.0], [94977.5, 20120.0]], "asks": [[95102.5, 10760.0], [95105.0, 1460.0], [95107.5, 4900.0], [95110.0, 27040.0], [95112.5, 40600.0], [95115.0, 50000.0], [95125.0, 300.0], [95147.5, 300.0], [95150.0, 1000.0], [95155.0, 15270.0], [95157.5, 45290.0], [95160.0, 5860.0], [95167.5, 600.0], [95170.0, 2000.0], [95177.5, 300.0], [95180.0, 1000.0], [95192.5, 1340.0], [95195.0, 4490.0], [95197.5, 6610.0], [95200.0, 22130.0]]}}}
{"jsonrpc": "2.0", "method": "subscription", "params": {"channel": "book.BTC-23JAN26.none.20.100ms", "data": {"timestamp": 1768386744482, "change_id": 135498754166, "instrument_name": "BTC-23JAN26", "bids": [[95225.0, 5700.0], [95222.5, 13640.0], [95220.0, 63810.0], [95217.5, 40500.0], [95215.0, 20160.0], [95192.5, 14930.0], [95190.0, 50000.0], [95167.5, 660.0], [95165.0, 2200.0], [95162.5, 2700.0], [95160.0, 5700.0], [95147.5, 4700.0], [95145.0, 15740.0], [95140.0, 2630.0], [95137.5, 8820.0], [95135.0, 1760.0], [95132.5, 6030.0], [95112.5, 600.0], [95110.0, 2000.0], [95102.5, 1000.0]], "asks": [[95227.5, 5700.0], [95230.0, 600.0], [95232.5, 2000.0], [95235.0, 14930.0], [95237.5, 50000.0], [95240.0, 12090.0], [95242.5, 40500.0], [95245.0, 14120.0], [95247.5, 45290.0], [95287.5, 1700.0], [95290.0, 5700.0], [95312.5, 4780.0], [95315.0, 16000.0], [95317.5, 1390.0], [95320.0, 4670.0], [95335.0, 5100.0], [95390.0, 14910.0], [95460.0, 29470.0], [95497.5, 10.0], [95517.5, 2200.0]]}}}
{"jsonrpc": "2.0", "method": "subscription", "params": {"channel": "book.BTC-16JAN26.none.20.100ms", "data": {"timestamp": 1768386744869, "change_id": 135498754524, "instrument_name": "BTC-16JAN26", "bids": [[95100.0, 10960.0], [95097.5, 1530.0], [95095.0, 5110.0], [95092.5, 17190.0], [95090.0, 40500.0], [95087.5, 1530.0], [95085.0, 21380.0], [95082.5, 55200.0], [95080.0, 26940.0], [95077.5, 53800.0], [95075.0, 45630.0], [95065.0, 600.0], [95062.5, 2000.0], [95045.0, 10230.0], [95042.5, 6450.0], [95040.0, 21620.0], [95030.0, 300.0], [94980.0, 6010.0], [94977.5, 20120.0], [94927.5, 2200.0]], "asks": [[95102.5, 10760.0], [95105.0, 1460.0], [95107.5, 4900.0], [95110.0, 27040.0], [95112.5, 40600.0], [95115.0, 50000.0], [95125.0, 300.0], [95147.5, 300.0], [95150.0, 1000.0], [95155.0, 15270.0], [95157.5, 45290.0], [95160.0, 5860.0], [95167.5, 600.0], [95170.0, 2000.0], [95177.5, 300.0], [95180.0, 1000.0], [95192.5, 1340.0], [95195.0, 4490.0], [95197.5, 6610.0], [95200.0, 22130.0]]}}}
{"jsonrpc": "2.0", "method": "subscription", "params": {"channel": "book.BTC-23JAN26.none.20.100ms", "data": {"timestamp": 1768386744669, "change_id": 135498754565, "instrument_name": "BTC-23JAN26", "bids": [[95227.5, 1700.0], [95225.0, 5700.0], [95222.5, 13640.0], [95220.0, 63810.0], [95217.5, 40500.0], [95215.0, 20160.0], [95192.5, 14930.0], [95190.0, 50000.0], [95177.5, 9790.0], [95167.5, 660.0], [95165.0, 2200.0], [95162.5, 2700.0], [95160.0, 5700.0], [95147.5, 4700.0], [95145.0, 15740.0], [95140.0, 2630.0], [95137.5, 8820.0], [95135.0, 1760.0], [95132.5, 6030.0], [95112.5, 600.0]], "asks": [[95232.5, 7700.0], [95235.0, 14930.0], [95237.5, 50000.0], [95240.0, 12090.0], [95242.5, 40500.0], [95245.0, 14120.0], [95247.5, 45290.0], [95287.5, 1700.0], [95290.0, 5700.0], [95312.5, 4780.0], [95315.0, 16000.0], [95317.5, 1390.0], [95320.0, 4670.0], [95335.0, 5100.0], [95390.0, 14910.0], [95460.0, 29470.0], [95497.5, 10.0], [95517.5, 2200.0], [95522.5, 50000.0], [95527.5, 8820.0]]}}}
{"jsonrpc": "2.0", "method": "subscription", "params": {"channel": "book.BTC-16JAN26.none.20.100ms", "data": {"timestamp": 1768386745145, "change_id": 135498755060, "instrument_name": "BTC-16JAN26", "bids": [[95100.0, 5860.0], [95097.5, 1530.0], [95095.0, 5110.0], [95092.5, 17190.0], [95090.0, 40500.0], [95087.5, 1530.0], [95085.0, 21380.0], [95082.5, 50100.0], [95080.0, 26940.0], [95077.5, 53800.0], [95075.0, 45630.0], [95065.0, 600.0], [95062.5, 2000.0], [95045.0, 30240.0], [95042.5, 6450.0], [95040.0, 21620.0], [95032.5, 20010.0], [95030.0, 300.0], [94980.0, 6010.0], [94977.5, 20120.0]], "asks": [[95102.5, 10760.0], [95105.0, 1460.0], [95107.5, 4900.0], [95110.0, 27040.0], [95112.5, 40600.0], [95115.0, 50000.0], [95125.0, 300.0], [95147.5, 300.0], [95150.0, 1000.0], [95155.0, 15270.0], [95157.5, 45290.0], [95160.0, 5860.0], [95167.5, 600.0], [95170.0, 2000.0], [95177.5, 300.0], [95180.0, 1000.0], [95192.5, 1340.0], [95195.0, 4490.0], [95197.5, 6610.0], [95200.0, 22130.0]]}}}
{"jsonrpc": "2.0", "method": "subscription", "params": {"channel": "book.BTC-23JAN26.none.20.100ms", "data": {"timestamp": 1768386744970, "change_id": 135498754765, "instrument_name": "BTC-23JAN26", "bids": [[95227.5, 1700.0], [95225.0, 5700.0], [95222.5, 13640.0], [95220.0, 63810.0], [95217.5, 40500.0], [95215.0, 20160.0], [95187.5, 50000.0], [95177.5, 9790.0], [95167.5, 660.0], [95165.0, 2200.0], [95162.5, 2700.0], [95160.0, 5700.0], [95147.5, 4700.0], [95145.0, 15740.0], [95140.0, 2630.0], [95137.5, 8820.0], [95135.0, 1760.0], [95132.5, 6030.0], [95112.5, 600.0], [95110.0, 2000.0]], "asks": [[95232.5, 7700.0], [95235.0, 14930.0], [95237.5, 50000.0], [95240.0, 12090.0], [95242.5, 40500.0], [95245.0, 14120.0], [95247.5, 45290.0], [95287.5, 1700.0], [95290.0, 5700.0], [95312.5, 4780.0], [95315.0, 16000.0], [95317.5, 1390.0], [95320.0, 4670.0], [95335.0, 5100.0], [95390.0, 14910.0], [95460.0, 29470.0], [95497.5, 10.0], [95517.5, 2200.0], [95522.5, 50000.0], [95527.5, 8820.0]]}}}
{"jsonrpc": "2.0", "method": "subscription", "params": {"channel": "book.BTC-16JAN26.none.20.100ms", "data": {"timestamp": 1768386745351, "change_id": 135498755251, "instrument_name": "BTC-16JAN26", "bids": [[95100.0, 5860.0], [95097.5, 1530.0], [95095.0, 6630.0], [95092.5, 5100.0], [95087.5, 1530.0], [95085.0, 21380.0], [95082.5, 50100.0], [95080.0, 26940.0], [95077.5, 53800.0], [95075.0, 45630.0], [95065.0, 600.0], [95062.5, 2000.0], [95045.0, 30240.0], [95042.5, 6450.0], [95040.0, 21620.0], [95032.5, 20010.0], [95030.0, 300.0], [94980.0, 6010.0], [94977.5, 20120.0], [94927.5, 2200.0]], "asks": [[95102.5, 10760.0], [95105.0, 13370.0], [95107.5, 45400.0], [95112.5, 15030.0], [95115.0, 50000.0], [95125.0, 300.0], [95147.5, 300.0], [95150.0, 1000.0], [95155.0, 15270.0], [95157.5, 45290.0], [95160.0, 5860.0], [95167.5, 600.0], [95170.0, 2000.0], [95177.5, 300.0], [95180.0, 1000.0], [95192.5, 1340.0], [95195.0, 4490.0], [95197.5, 6610.0], [95200.0, 22130.0], [95207.5, 4990.0]]}}}
{"jsonrpc": "2.0", "method": "subscription", "params": {"channel": "book.BTC-23JAN26.none.20.100ms", "data": {"timestamp": 1768386745296, "change_id": 135498755215, "instrument_name": "BTC-23JAN26", "bids": [[95227.5, 1700.0], [95225.0, 5700.0], [95222.5, 13640.0], [95220.0, 63810.0], [95217.5, 40500.0], [95215.0, 20160.0], [95187.5, 50000.0], [95177.5, 9790.0], [95167.5, 660.0], [95165.0, 2200.0], [95162.5, 2700.0], [95160.0, 5700.0], [95147.5, 4700.0], [95145.0, 15740.0], [95140.0, 2630.0], [95137.5, 8820.0], [95135.0, 1760.0], [95132.5, 6030.0], [95112.5, 600.0], [95110.0, 2000.0]], "asks": [[95232.5, 7700.0], [95235.0, 25110.0], [95237.5, 90500.0], [95245.0, 14120.0], [95247.5, 45290.0], [95287.5, 1700.0], [95290.0, 5700.0], [95312.5, 4780.0], [95315.0, 16000.0], [95317.5, 1390.0], [95320.0, 4670.0], [95332.5, 1520.0], [95335.0, 5100.0], [95390.0, 14910.0], [95460.0, 29470.0], [95497.5, 10.0], [95517.5, 2200.0], [95522.5, 50000.0], [95527.5, 8820.0], [95532.5, 30490.0]]}}}
{"jsonrpc": "2.0", "method": "subscription", "params": {"channel": "book.BTC-16JAN26.none.20.100ms", "data": {"timestamp": 1768386745858, "change_id": 135498755734, "instrument_name": "BTC-16JAN26", "bids": [[95100.0, 10360.0], [95097.5, 1530.0], [95095.0, 5110.0], [95090.0, 3040.0], [95087.5, 5100.0], [95085.0, 30060.0], [95082.5, 90600.0], [95080.0, 26940.0], [95077.5, 53800.0], [95075.0, 45630.0], [95065.0, 600.0], [95062.5, 2000.0], [95045.0, 30240.0], [95042.5, 6450.0], [95040.0, 21620.0], [95032.5, 20010.0], [95030.0, 300.0], [94980.0, 6010.0], [94977.5, 20120.0], [94927.5, 2200.0]], "asks": [[95102.5, 15860.0], [95105.0, 13370.0], [95107.5, 40500.0], [95112.5, 15030.0], [95115.0, 50000.0], [95125.0, 300.0], [95147.5, 300.0], [95150.0, 1000.0], [95155.0, 15270.0], [95157.5, 45290.0], [95160.0, 5860.0], [95167.5, 600.0], [95170.0, 2000.0], [95177.5, 300.0], [95180.0, 1000.0], [95192.5, 1340.0], [95195.0, 4490.0], [95197.5, 6610.0], [95200.0, 22130.0], [95207.5, 4990.0]]}}}
{"jsonrpc": "2.0", "method": "subscription", "params": {"channel": "book.BTC-23JAN26.none.20.100ms", "data": {"timestamp": 1768386745701, "change_id": 135498755679, "instrument_name": "BTC-23JAN26", "bids": [[95227.5, 1700.0], [95225.0, 5700.0], [95222.5, 13640.0], [95220.0, 51720.0], [95215.0, 20160.0], [95212.5, 12090.0], [95210.0, 40500.0], [95190.0, 14930.0], [95187.5, 50000.0], [95177.5, 9790.0], [95167.5, 660.0], [95165.0, 2200.0], [95162.5, 2700.0], [95160.0, 5700.0], [95147.5, 4700.0], [95145.0, 15740.0], [95140.0, 2630.0], [95137.5, 8820.0], [95135.0, 1760.0], [95132.5, 6030.0]], "asks": [[95232.5, 48200.0], [95235.0, 14930.0], [95237.5, 50000.0], [95245.0, 14120.0], [95247.5, 45290.0], [95287.5, 1700.0], [95290.0, 5700.0], [95312.5, 4780.0], [95315.0, 16000.0], [95317.5, 1390.0], [95320.0, 4670.0], [95332.5, 1520.0], [95335.0, 5100.0], [95390.0, 14910.0], [95460.0, 29470.0], [95497.5, 10.0], [95517.5, 2200.0], [95522.5, 50000.0], [95527.5, 8820.0], [95532.5, 30490.0]]}}}
{"jsonrpc": "2.0", "method": "subscription", "params": {"channel": "book.BTC-16JAN26.none.20.100ms", "data": {"timestamp": 1768386746197, "change_id": 135498756303, "instrument_name": "BTC-16JAN26", "bids": [[95100.0, 5860.0], [95097.5, 1530.0], [95095.0, 5100.0], [95092.5, 10.0], [95090.0, 3040.0], [95087.5, 5100.0], [95085.0, 30060.0], [95082.5, 90600.0], [95080.0, 26940.0], [95077.5, 53800.0], [95075.0, 45630.0], [95065.0, 600.0], [95062.5, 2000.0], [95047.5, 9030.0], [95045.0, 30240.0], [95042.5, 6450.0], [95040.0, 21620.0], [95032.5, 20010.0], [95030.0, 300.0], [94980.0, 6010.0]], "asks": [[95102.5, 56360.0], [95112.5, 15030.0], [95115.0, 50000.0], [95125.0, 300.0], [95147.5, 300.0], [95150.0, 1000.0], [95155.0, 15270.0], [95157.5, 45290.0], [95160.0, 5860.0], [95167.5, 600.0], [95170.0, 2000.0], [95177.5, 300.0], [95180.0, 1000.0], [95192.5, 1340.0], [95195.0, 4490.0], [95197.5, 6610.0], [95200.0, 22130.0], [95207.5, 4990.0], [95210.0, 16850.0], [95227.5, 600.0]]}}}
{"jsonrpc": "2.0", "method": "subscription", "params": {"channel": "book.BTC-23JAN26.none.20.100ms", "data": {"timestamp": 1768386746172, "change_id": 135498756277, "instrument_name": "BTC-23JAN26", "bids": [[95225.0, 5700.0], [95222.5, 13640.0], [95220.0, 51720.0], [95215.0, 20160.0], [95212.5, 12090.0], [95210.0, 40500.0], [95190.0, 14930.0], [95187.5, 50000.0], [95177.5, 9790.0], [95167.5, 660.0], [95165.0, 2200.0], [95162.5, 2700.0], [95160.0, 5700.0], [95147.5, 4700.0], [95145.0, 15740.0], [95140.0, 3800.0], [95137.5, 13850.0], [95135.0, 300.0], [95132.5, 1000.0], [95112.5, 600.0]], "asks": [[95227.5, 5700.0], [95230.0, 14390.0], [95232.5, 42500.0], [95235.0, 14930.0], [95237.5, 50000.0], [95245.0, 14120.0], [95247.5, 45290.0], [95287.5, 1700.0], [95290.0, 5700.0], [95312.5, 4780.0], [95315.0, 16000.0], [95317.5, 1390.0], [95320.0, 4670.0], [95332.5, 1520.0], [95335.0, 5100.0], [95390.0, 14910.0], [95460.0, 29470.0], [95497.5, 10.0], [95517.5, 2200.0], [95522.5, 50000.0]]}}}
{"jsonrpc": "2.0", "method": "subscription", "params": {"channel": "book.BTC-16JAN26.none.20.100ms", "data": {"timestamp": 1768386746431, "change_id": 135498756629, "instrument_name": "BTC-16JAN26", "bids": [[95097.5, 3080.0], [95095.0, 10960.0], [95092.5, 10.0], [95090.0, 3040.0], [95087.5, 5100.0], [95085.0, 30060.0], [95082.5, 90600.0], [95080.0, 26940.0], [95077.5, 53800.0], [95075.0, 45630.0], [95065.0, 600.0], [95062.5, 2000.0], [95050.0, 10230.0], [95045.0, 20010.0], [95042.5, 6450.0], [95040.0, 21620.0], [95032.5, 20010.0], [95030.0, 300.0], [94985.0, 6010.0], [94982.5, 20120.0]], "asks": [[95102.5, 10760.0], [95112.5, 15030.0], [95115.0, 50000.0], [95125.0, 300.0], [95147.5, 300.0], [95150.0, 1000.0], [95155.0, 15270.0], [95157.5, 45290.0], [95160.0, 5860.0], [95167.5, 600.0], [95170.0, 2000.0], [95177.5, 300.0], [95180.0, 1000.0], [95192.5, 1340.0], [95195.0, 4490.0], [95197.5, 6610.0], [95200.0, 22130.0], [95207.5, 4990.0], [95210.0, 16850.0], [95227.5, 600.0]]}}}
{"jsonrpc": "2.0", "method": "subscription", "params": {"channel": "book.BTC-23JAN26.none.20.100ms", "data": {"timestamp": 1768386746497, "change_id": 135498756631, "instrument_name": "BTC-23JAN26", "bids": [[95222.5, 13640.0], [95220.0, 57420.0], [95215.0, 20160.0], [95212.5, 12090.0], [95210.0, 40500.0], [95190.0, 14930.0], [95187.5, 50000.0], [95177.5, 9790.0], [95167.5, 660.0], [95165.0, 2200.0], [95162.5, 2700.0], [95160.0, 5700.0], [95147.5, 4700.0], [95145.0, 15740.0], [95140.0, 3800.0], [95137.5, 13850.0], [95135.0, 300.0], [95132.5, 1000.0], [95112.5, 600.0], [95110.0, 2000.0]], "asks": [[95227.5, 5700.0], [95230.0, 600.0], [95232.5, 2000.0], [95235.0, 14930.0], [95237.5, 50000.0], [95245.0, 14120.0], [95247.5, 45290.0], [95287.5, 1700.0], [95290.0, 5700.0], [95312.5, 4780.0], [95315.0, 16000.0], [95317.5, 1390.0], [95320.0, 4670.0], [95332.5, 1520.0], [95335.0, 5100.0], [95390.0, 14910.0], [95460.0, 29470.0], [95497.5, 10.0], [95517.5, 2200.0], [95522.5, 50000.0]]}}}
{"jsonrpc": "2.0", "method": "subscription", "params": {"channel": "book.BTC-16JAN26.none.20.100ms", "data": {"timestamp": 1768386746853, "change_id": 135498756962, "instrument_name": "BTC-16JAN26", "bids": [[95097.5, 8180.0], [95095.0, 12500.0], [95092.5, 5100.0], [95090.0, 28170.0], [95087.5, 95600.0], [95082.5, 100.0], [95080.0, 26940.0], [95077.5, 53800.0], [95075.0, 45630.0], [95065.0, 600.0], [95062.5, 2000.0], [95050.0, 10230.0], [95045.0, 20010.0], [95042.5, 6450.0], [95040.0, 21620.0], [95032.5, 20010.0], [95030.0, 300.0], [94985.0, 6010.0], [94982.5, 20120.0], [94927.5, 2200.0]], "asks": [[95102.5, 14460.0], [95107.5, 12090.0], [95110.0, 40500.0], [95112.5, 15030.0], [95115.0, 50000.0], [95125.0, 300.0], [95147.5, 300.0], [95150.0, 1000.0], [95155.0, 15270.0], [95157.5, 45290.0], [95160.0, 5860.0], [95167.5, 600.0], [95170.0, 2000.0], [95177.5, 300.0], [95180.0, 1000.0], [95192.5, 1340.0], [95195.0, 4490.0], [95197.5, 6610.0], [95200.0, 22130.0], [95207.5, 4990.0]]}}}
{"jsonrpc": "2.0", "method": "subscription", "params": {"channel": "book.BTC-23JAN26.none.20.100ms", "data": {"timestamp": 1768386746782, "change_id": 135498756916, "instrument_name": "BTC-23JAN26", "bids": [[95222.5, 13640.0], [95220.0, 57420.0], [95217.5, 40500.0], [95215.0, 20160.0], [95190.0, 14930.0], [95187.5, 50000.0], [95180.0, 2920.0], [95177.5, 9790.0], [95167.5, 660.0], [95165.0, 2200.0], [95162.5, 2700.0], [95160.0, 5700.0], [95147.5, 4700.0], [95145.0, 15740.0], [95140.0, 3800.0], [95137.5, 13850.0], [95135.0, 300.0], [95132.5, 1000.0], [95112.5, 600.0], [95110.0, 2000.0]], "asks": [[95227.5, 5700.0], [95230.0, 600.0], [95232.5, 2000.0], [95235.0, 25110.0], [95237.5, 50000.0], [95240.0, 40500.0], [95245.0, 14120.0], [95247.5, 45290.0], [95287.5, 1700.0], [95290.0, 5700.0], [95312.5, 4780.0], [95315.0, 16000.0], [95317.5, 1390.0], [95320.0, 4670.0], [95332.5, 1520.0], [95335.0, 5100.0], [95390.0, 14910.0], [95460.0, 29470.0], [95497.5, 10.0], [95517.5, 2200.0]]}}}
{"jsonrpc": "2.0", "method": "subscription", "params": {"channel": "book.BTC-16JAN26.none.20.100ms", "data": {"timestamp": 1768386747019, "change_id": 135498757364, "instrument_name": "BTC-16JAN26", "bids": [[95097.5, 8180.0], [95095.0, 12490.0], [95092.5, 5110.0], [95090.0, 28170.0], [95087.5, 95600.0], [95082.5, 100.0], [95080.0, 26940.0], [95077.5, 53800.0], [95075.0, 45630.0], [95065.0, 600.0], [95062.5, 2000.0], [95050.0, 10230.0], [95045.0, 20010.0], [95042.5, 6450.0], [95040.0, 21620.0], [95032.5, 20010.0], [95030.0, 300.0], [94985.0, 6010.0], [94982.5, 20120.0], [94927.5, 2200.0]], "asks": [[95102.5, 14460.0], [95107.5, 12090.0], [95110.0, 40500.0], [95112.5, 15030.0], [95115.0, 50000.0], [95125.0, 300.0], [95147.5, 300.0], [95150.0, 1000.0], [95155.0, 15270.0], [95157.5, 45290.0], [95160.0, 5860.0], [95167.5, 600.0], [95170.0, 2000.0], [95177.5, 300.0], [95180.0, 1000.0], [95192.5, 1340.0], [95195.0, 4490.0], [95197.5, 6610.0], [95200.0, 22130.0], [95207.5, 4990.0]]}}}
{"jsonrpc": "2.0", "method": "subscription", "params": {"channel": "book.BTC-16JAN26.none.20.100ms", "data": {"timestamp": 1768386747548, "change_id": 135498758007, "instrument_name": "BTC-16JAN26", "bids": [[95107.5, 10960.0], [95102.5, 6620.0], [95100.0, 7230.0], [95097.5, 5110.0], [95095.0, 16990.0], [95092.5, 45600.0], [95087.5, 50000.0], [95082.5, 100.0], [95080.0, 26940.0], [95077.5, 53800.0], [95075.0, 45630.0], [95065.0, 600.0], [95062.5, 2000.0], [95050.0, 10230.0], [95045.0, 20010.0], [95040.0, 21620.0], [95032.5, 20010.0], [95030.0, 300.0], [94982.5, 20120.0], [94927.5, 2200.0]], "asks": [[95110.0, 40500.0], [95112.5, 15030.0], [95115.0, 50000.0], [95125.0, 300.0], [95147.5, 300.0], [95150.0, 1000.0], [95155.0, 15270.0], [95157.5, 45290.0], [95160.0, 5860.0], [95167.5, 600.0], [95170.0, 2000.0], [95177.5, 300.0], [95180.0, 1000.0], [95192.5, 1340.0], [95195.0, 4490.0], [95197.5, 6610.0], [95200.0, 22130.0], [95207.5, 4990.0], [95210.0, 16850.0], [95227.5, 600.0]]}}}
{"jsonrpc": "2.0", "method": "subscription", "params": {"channel": "book.BTC-23JAN26.none.20.100ms", "data": {"timestamp": 1768386747521, "change_id": 135498757942, "instrument_name": "BTC-23JAN26", "bids": [[95232.5, 6320.0], [95230.0, 5400.0], [95222.5, 13640.0], [95220.0, 63040.0], [95217.5, 40500.0], [95215.0, 20160.0], [95190.0, 14930.0], [95187.5, 50000.0], [95180.0, 2920.0], [95177.5, 9790.0], [95167.5, 660.0], [95165.0, 2200.0], [95162.5, 2700.0], [95160.0, 5700.0], [95147.5, 4700.0], [95145.0, 15740.0], [95137.5, 13850.0], [95135.0, 300.0], [95132.5, 1000.0], [95112.5, 600.0]], "asks": [[95237.5, 62090.0], [95240.0, 40500.0], [95247.5, 45290.0], [95252.5, 600.0], [95255.0, 2000.0], [95287.5, 1700.0], [95290.0, 5700.0], [95312.5, 4780.0], [95315.0, 16000.0], [95317.5, 1390.0], [95320.0, 4670.0], [95332.5, 1520.0], [95335.0, 5100.0], [95390.0, 14910.0], [95460.0, 29470.0], [95497.5, 10.0], [95517.5, 2200.0], [95522.5, 50000.0], [95527.5, 8820.0], [95532.5, 30490.0]]}}}
{"jsonrpc": "2.0", "method": "subscription", "params": {"channel": "book.BTC-16JAN26.none.20.100ms", "data": {"timestamp": 1768386747841, "change_id": 135498758438, "instrument_name": "BTC-16JAN26", "bids": [[95107.5, 10960.0], [95102.5, 5110.0], [95100.0, 5100.0], [95095.0, 5100.0], [95092.5, 40500.0], [95087.5, 50000.0], [95082.5, 100.0], [95077.5, 10000.0], [95062.5, 2000.0], [95050.0, 10230.0], [95040.0, 21620.0], [95030.0, 300.0], [94982.5, 20120.0], [94927.5, 2200.0], [94922.5, 8820.0], [94920.0, 35300.0], [94902.5, 4640.0], [94900.0, 18990.0], [94845.0, 31940.0], [94822.5, 50000.0]], "asks": [[95110.0, 13260.0], [95112.5, 2900.0], [95115.0, 50000.0], [95117.5, 40500.0], [95125.0, 300.0], [95150.0, 1000.0], [95157.5, 45290.0], [95160.0, 5860.0], [95170.0, 2000.0], [95180.0, 1000.0], [95195.0, 4490.0], [95200.0, 22130.0], [95210.0, 16850.0], [95230.0, 2000.0], [95280.0, 20130.0], [95337.5, 40360.0], [95350.0, 19070.0], [95392.5, 39450.0], [95400.0, 9530.0], [95415.0, 50000.0]]}}}
{"jsonrpc": "2.0", "method": "subscription", "params": {"channel": "book.BTC-23JAN26.none.20.100ms", "data": {"timestamp": 1768386747589, "change_id": 135498758421, "instrument_name": "BTC-23JAN26", "bids": [[95232.5, 6320.0], [95227.5, 12090.0], [95225.0, 40500.0], [95190.0, 14930.0], [95187.5, 50000.0], [95180.0, 2920.0], [95177.5, 9790.0], [95167.5, 660.0], [95165.0, 2200.0], [95162.5, 2700.0], [95160.0, 5700.0], [95147.5, 4700.0], [95145.0, 15740.0], [95140.0, 4130.0], [95137.5, 13850.0], [95135.0, 300.0], [95132.5, 1000.0], [95112.5, 600.0], [95110.0, 2000.0], [95102.5, 1000.0]], "asks": [[95235.0, 5700.0], [95237.5, 50000.0], [95245.0, 23880.0], [95247.5, 85790.0], [95252.5, 600.0], [95255.0, 2000.0], [95287.5, 1700.0], [95290.0, 5700.0], [95312.5, 4780.0], [95315.0, 16000.0], [95317.5, 1390.0], [95320.0, 4670.0], [95332.5, 1520.0], [95335.0, 5100.0], [95390.0, 14910.0], [95460.0, 29470.0], [95497.5, 10.0], [95517.5, 2200.0], [95522.5, 50000.0], [95527.5, 8820.0]]}}}
{"jsonrpc": "2.0", "method": "subscription", "params": {"channel": "book.BTC-16JAN26.none.20.100ms", "data": {"timestamp": 1768386748005, "change_id": 135498758847, "instrument_name": "BTC-16JAN26", "bids": [[95107.5, 10960.0], [95105.0, 3050.0], [95102.5, 5110.0], [95100.0, 5100.0], [95097.5, 1520.0], [95095.0, 17190.0], [95092.5, 40500.0], [95090.0, 14930.0], [95087.5, 50000.0], [95082.5, 100.0], [95077.5, 10000.0], [95062.5, 2000.0], [95050.0, 10230.0], [95047.5, 20010.0], [95040.0, 21620.0], [95035.0, 20010.0], [95030.0, 300.0], [94982.5, 20120.0], [94927.5, 2200.0], [94922.5, 8820.0]], "asks": [[95110.0, 13260.0], [95112.5, 29910.0], [95115.0, 50000.0], [95117.5, 40500.0], [95125.0, 300.0], [95150.0, 1000.0], [95157.5, 45290.0], [95160.0, 5860.0], [95170.0, 2000.0], [95180.0, 1000.0], [95195.0, 4490.0], [95200.0, 22130.0], [95210.0, 16850.0], [95230.0, 2000.0], [95280.0, 20130.0], [95337.5, 40360.0], [95350.0, 19070.0], [95392.5, 39450.0], [95400.0, 9530.0], [95415.0, 50000.0]]}}}
{"jsonrpc": "2.0", "method": "subscription", "params": {"channel": "book.BTC-23JAN26.none.20.100ms", "data": {"timestamp": 1768386748107, "change_id": 135498758855, "instrument_name": "BTC-23JAN26", "bids": [[95232.5, 5700.0], [95227.5, 12090.0], [95225.0, 40500.0], [95190.0, 14930.0], [95187.5, 50000.0], [95180.0, 2920.0], [95177.5, 9790.0], [95167.5, 660.0], [95165.0, 2200.0], [95162.5, 2700.0], [95160.0, 5700.0], [95147.5, 4700.0], [95145.0, 15740.0], [95140.0, 4130.0], [95137.5, 13850.0], [95135.0, 300.0], [95132.5, 1000.0], [95112.5, 600.0], [95110.0, 2000.0], [95102.5, 1000.0]], "asks": [[95235.0, 5700.0], [95237.5, 50000.0], [95245.0, 23880.0], [95247.5, 85790.0], [95252.5, 600.0], [95255.0, 2000.0], [95287.5, 1700.0], [95290.0, 5700.0], [95312.5, 4780.0], [95315.0, 16000.0], [95317.5, 1390.0], [95320.0, 4670.0], [95332.5, 1520.0], [95335.0, 5100.0], [95390.0, 14910.0], [95460.0, 29470.0], [95497.5, 10.0], [95517.5, 2200.0], [95522.5, 50000.0], [95527.5, 8820.0]]}}}
{"jsonrpc": "2.0", "method": "subscription", "params": {"channel": "book.BTC-16JAN26.none.20.100ms", "data": {"timestamp": 1768386748362, "change_id": 135498759131, "instrument_name": "BTC-16JAN26", "bids": [[95107.5, 5100.0], [95105.0, 3050.0], [95102.5, 5110.0], [95100.0, 5100.0], [95097.5, 1520.0], [95095.0, 17190.0], [95092.5, 40500.0], [95090.0, 14930.0], [95087.5, 50000.0], [95082.5, 100.0], [95080.0, 2990.0], [95077.5, 10000.0], [95062.5, 2000.0], [95050.0, 10230.0], [95047.5, 20010.0], [95042.5, 6450.0], [95040.0, 21620.0], [95035.0, 20010.0], [95030.0, 300.0], [94982.5, 20120.0]], "asks": [[95110.0, 13260.0], [95112.5, 29910.0], [95115.0, 50000.0], [95117.5, 40500.0], [95125.0, 300.0], [95150.0, 1000.0], [95157.5, 45290.0], [95160.0, 5860.0], [95170.0, 2000.0], [95180.0, 1000.0], [95195.0, 4490.0], [95200.0, 22130.0], [95210.0, 16850.0], [95230.0, 2000.0], [95280.0, 20130.0], [95337.5, 40360.0], [95350.0, 19070.0], [95392.5, 39450.0], [95400.0, 9530.0], [95415.0, 50000.0]]}}}
{"jsonrpc": "2.0", "method": "subscription", "params": {"channel": "book.BTC-23JAN26.none.20.100ms", "data": {"timestamp": 1768386748510, "change_id": 135498759124, "instrument_name": "BTC-23JAN26", "bids": [[95227.5, 12090.0], [95225.0, 40500.0], [95190.0, 14930.0], [95187.5, 50000.0], [95180.0, 2920.0], [95177.5, 9790.0], [95167.5, 660.0], [95165.0, 2200.0], [95162.5, 2700.0], [95160.0, 5700.0], [95147.5, 4700.0], [95145.0, 15740.0], [95140.0, 4130.0], [95137.5, 13850.0], [95135.0, 300.0], [95132.5, 1000.0], [95112.5, 600.0], [95110.0, 2000.0], [95102.5, 1000.0], [95070.0, 35300.0]], "asks": [[95235.0, 5700.0], [95237.5, 50000.0], [95245.0, 23880.0], [95247.5, 85790.0], [95252.5, 600.0], [95255.0, 2000.0], [95287.5, 1700.0], [95290.0, 5700.0], [95312.5, 4780.0], [95315.0, 16000.0], [95317.5, 1390.0], [95320.0, 4670.0], [95332.5, 1520.0], [95335.0, 5100.0], [95390.0, 14910.0], [95460.0, 29470.0], [95497.5, 10.0], [95517.5, 2200.0], [95522.5, 50000.0], [95527.5, 8820.0]]}}}
{"jsonrpc": "2.0", "method": "subscription", "params": {"channel": "book.BTC-16JAN26.none.20.100ms", "data": {"timestamp": 1768386748842, "change_id": 135498759566, "instrument_name": "BTC-16JAN26", "bids": [[95107.5, 10960.0], [95105.0, 8150.0], [95102.5, 5110.0], [95100.0, 5100.0], [95097.5, 1520.0], [95095.0, 48710.0], [95092.5, 68970.0], [95090.0, 104930.0], [95082.5, 100.0], [95080.0, 2990.0], [95077.5, 10000.0], [95062.5, 2000.0], [95050.0, 10230.0], [95047.5, 20010.0], [95042.5, 6450.0], [95040.0, 21620.0], [95035.0, 20010.0], [95030.0, 300.0], [94982.5, 20120.0], [94927.5, 2200.0]], "asks": [[95110.0, 15560.0], [95112.5, 28010.0], [95115.0, 50000.0], [95117.5, 40500.0], [95125.0, 300.0], [95150.0, 1000.0], [95157.5, 45290.0], [95160.0, 5860.0], [95170.0, 2000.0], [95180.0, 1000.0], [95195.0, 4490.0], [95200.0, 22130.0], [95210.0, 16850.0], [95230.0, 2000.0], [95280.0, 20130.0], [95337.5, 40360.0], [95350.0, 19070.0], [95392.5, 39450.0], [95400.0, 9530.0], [95415.0, 50000.0]]}}}
{"jsonrpc": "2.0", "method": "subscription", "params": {"channel": "book.BTC-23JAN26.none.20.100ms", "data": {"timestamp": 1768386748817, "change_id": 135498759546, "instrument_name": "BTC-23JAN26", "bids": [[95232.5, 34210.0], [95227.5, 52140.0], [95225.0, 40500.0], [95192.5, 14930.0], [95190.0, 50000.0], [95180.0, 2920.0], [95177.5, 9790.0], [95167.5, 660.0], [95165.0, 2200.0], [95162.5, 2700.0], [95160.0, 5700.0], [95147.5, 4700.0], [95145.0, 15740.0], [95140.0, 4130.0], [95137.5, 13850.0], [95135.0, 300.0], [95132.5, 1000.0], [95112.5, 600.0], [95110.0, 2000.0], [95102.5, 1000.0]], "asks": [[95235.0, 5700.0], [95237.5, 50000.0], [95245.0, 23880.0], [95247.5, 85790.0], [95252.5, 600.0], [95255.0, 2000.0], [95287.5, 1700.0], [95290.0, 5700.0], [95312.5, 4780.0], [95315.0, 16000.0], [95317.5, 1390.0], [95320.0, 4670.0], [95332.5, 1520.0], [95335.0, 5100.0], [95390.0, 14910.0], [95460.0, 29470.0], [95497.5, 10.0], [95517.5, 2200.0], [95522.5, 50000.0], [95527.5, 8820.0]]}}}
{"jsonrpc": "2.0", "method": "subscription", "params": {"channel": "book.BTC-16JAN26.none.20.100ms", "data": {"timestamp": 1768386749126, "change_id": 135498760150, "instrument_name": "BTC-16JAN26", "bids": [[95107.5, 10960.0], [95105.0, 8150.0], [95102.5, 5110.0], [95100.0, 5100.0], [95097.5, 1520.0], [95095.0, 48710.0], [95092.5, 68970.0], [95090.0, 104930.0], [95082.5, 100.0], [95080.0, 2990.0], [95077.5, 10000.0], [95062.5, 2000.0], [95050.0, 10230.0], [95047.5, 20010.0], [95042.5, 6450.0], [95040.0, 21620.0], [95035.0, 20010.0], [95030.0, 300.0], [94982.5, 20120.0], [94927.5, 2200.0]], "asks": [[95110.0, 10760.0], [95112.5, 28010.0], [95115.0, 50000.0], [95117.5, 40500.0], [95125.0, 300.0], [95150.0, 1000.0], [95157.5, 45290.0], [95160.0, 5860.0], [95170.0, 2000.0], [95180.0, 1000.0], [95195.0, 4490.0], [95200.0, 22130.0], [95210.0, 16850.0], [95230.0, 2000.0], [95280.0, 20130.0], [95337.5, 40360.0], [95350.0, 19070.0], [95392.5, 39450.0], [95400.0, 9530.0], [95415.0, 50000.0]]}}}
{"jsonrpc": "2.0", "method": "subscription", "params": {"channel": "book.BTC-23JAN26.none.20.100ms", "data": {"timestamp": 1768386749102, "change_id": 135498760038, "instrument_name": "BTC-23JAN26", "bids": [[95232.5, 34210.0], [95227.5, 52140.0], [95225.0, 40500.0], [95192.5, 14930.0], [95190.0, 50000.0], [95180.0, 2920.0], [95177.5, 9790.0], [95167.5, 660.0], [95165.0, 2200.0], [95162.5, 2700.0], [95160.0, 5700.0], [95147.5, 4700.0], [95145.0, 15740.0], [95140.0, 7660.0], [95137.5, 8820.0], [95135.0, 300.0], [95132.5, 1000.0], [95112.5, 600.0], [95110.0, 2000.0], [95102.5, 1000.0]], "asks": [[95235.0, 5700.0], [95237.5, 50000.0], [95245.0, 23880.0], [95247.5, 85790.0], [95252.5, 600.0], [95255.0, 2000.0], [95287.5, 1700.0], [95290.0, 5700.0], [95312.5, 4780.0], [95315.0, 16000.0], [95317.5, 1390.0], [95320.0, 4670.0], [95332.5, 1520.0], [95335.0, 5100.0], [95390.0, 14910.0], [95460.0, 29470.0], [95497.5, 10.0], [95517.5, 2200.0], [95522.5, 50000.0], [95527.5, 8820.0]]}}}
{"jsonrpc": "2.0", "method": "subscription", "params": {"channel": "book.BTC-16JAN26.none.20.100ms", "data": {"timestamp": 1768386749528, "change_id": 135498760870, "instrument_name": "BTC-16JAN26", "bids": [[95107.5, 10960.0], [95105.0, 8150.0], [95102.5, 5110.0], [95100.0, 18710.0], [95097.5, 40500.0], [95095.0, 48710.0], [95092.5, 28470.0], [95090.0, 104930.0], [95082.5, 100.0], [95080.0, 2990.0], [95077.5, 10000.0], [95067.5, 3050.0], [95065.0, 10230.0], [95062.5, 2000.0], [95047.5, 20010.0], [95042.5, 6450.0], [95040.0, 21620.0], [95037.5, 5970.0], [95035.0, 20010.0], [95030.0, 300.0]], "asks": [[95110.0, 4900.0], [95112.5, 100.0], [95115.0, 50000.0], [95122.5, 12180.0], [95125.0, 40800.0], [95150.0, 1000.0], [95155.0, 15270.0], [95157.5, 45290.0], [95160.0, 5860.0], [95170.0, 2000.0], [95180.0, 1000.0], [95195.0, 4490.0], [95197.5, 6610.0], [95200.0, 22130.0], [95205.0, 16230.0], [95210.0, 1000.0], [95230.0, 2000.0], [95280.0, 20130.0], [95337.5, 40360.0], [95350.0, 19070.0]]}}}
{"jsonrpc": "2.0", "method": "subscription", "params": {"channel": "book.BTC-23JAN26.none.20.100ms", "data": {"timestamp": 1768386749517, "change_id": 135498760848, "instrument_name": "BTC-23JAN26", "bids": [[95235.0, 5700.0], [95232.5, 28510.0], [95230.0, 18320.0], [95227.5, 40050.0], [95225.0, 40500.0], [95192.5, 15930.0], [95190.0, 50000.0], [95180.0, 2920.0], [95177.5, 9790.0], [95167.5, 660.0], [95165.0, 2200.0], [95162.5, 2700.0], [95160.0, 5700.0], [95147.5, 4700.0], [95145.0, 15740.0], [95140.0, 7660.0], [95137.5, 8820.0], [95135.0, 300.0], [95132.5, 1000.0], [95112.5, 600.0]], "asks": [[95237.5, 50000.0], [95245.0, 13520.0], [95247.5, 45290.0], [95252.5, 600.0], [95255.0, 2000.0], [95317.5, 1390.0], [95320.0, 4670.0], [95332.5, 1520.0], [95335.0, 5100.0], [95387.5, 4450.0], [95390.0, 14910.0], [95460.0, 29470.0], [95497.5, 10.0], [95517.5, 2200.0], [95522.5, 50000.0], [95527.5, 8820.0], [95532.5, 30490.0], [95582.5, 30320.0], [95640.0, 10.0], [95720.0, 50000.0]]}}}
{"jsonrpc": "2.0", "method": "subscription", "params": {"channel": "book.BTC-16JAN26.none.20.100ms", "data": {"timestamp": 1768386749859, "change_id": 135498761652, "instrument_name": "BTC-16JAN26", "bids": [[95107.5, 10960.0], [95105.0, 48650.0], [95102.5, 5110.0], [95100.0, 1520.0], [95095.0, 48710.0], [95092.5, 78470.0], [95090.0, 40000.0], [95087.5, 100.0], [95080.0, 2990.0], [95077.5, 10000.0], [95067.5, 3050.0], [95065.0, 10230.0], [95062.5, 2000.0], [95057.5, 20010.0], [95045.0, 20010.0], [95042.5, 6450.0], [95040.0, 21620.0], [95030.0, 300.0], [94990.0, 6010.0], [94987.5, 20120.0]], "asks": [[95110.0, 4900.0], [95115.0, 50000.0], [95117.5, 100.0], [95120.0, 5860.0], [95122.5, 12180.0], [95125.0, 40800.0], [95150.0, 1000.0], [95155.0, 15270.0], [95157.5, 45290.0], [95160.0, 5860.0], [95170.0, 2000.0], [95180.0, 1000.0], [95195.0, 4490.0], [95197.5, 6610.0], [95200.0, 22130.0], [95205.0, 16290.0], [95210.0, 1000.0], [95230.0, 2000.0], [95280.0, 20130.0], [95337.5, 40360.0]]}}}
{"jsonrpc": "2.0", "method": "subscription", "params": {"channel": "book.BTC-23JAN26.none.20.100ms", "data": {"timestamp": 1768386749845, "change_id": 135498761610, "instrument_name": "BTC-23JAN26", "bids": [[95235.0, 10100.0], [95232.5, 69010.0], [95195.0, 15220.0], [95192.5, 51000.0], [95180.0, 2920.0], [95177.5, 9790.0], [95167.5, 660.0], [95165.0, 2200.0], [95162.5, 2700.0], [95160.0, 5700.0], [95147.5, 4700.0], [95145.0, 15740.0], [95140.0, 7660.0], [95137.5, 8820.0], [95135.0, 300.0], [95132.5, 1000.0], [95130.0, 2000.0], [95070.0, 35300.0], [95062.5, 4910.0], [95052.5, 4640.0]], "asks": [[95237.5, 50000.0], [95242.5, 5700.0], [95245.0, 13520.0], [95247.5, 45290.0], [95252.5, 12610.0], [95255.0, 42500.0], [95290.0, 5700.0], [95310.0, 16460.0], [95317.5, 1390.0], [95320.0, 4670.0], [95332.5, 1520.0], [95335.0, 5100.0], [95387.5, 4450.0], [95390.0, 14910.0], [95460.0, 29470.0], [95497.5, 10.0], [95517.5, 2200.0], [95522.5, 50000.0], [95527.5, 8820.0], [95532.5, 30490.0]]}}}
{"jsonrpc": "2.0", "method": "subscription", "params": {"channel": "book.BTC-16JAN26.none.20.100ms", "data": {"timestamp": 1768386750188, "change_id": 135498762519, "instrument_name": "BTC-16JAN26", "bids": [[95112.5, 10960.0], [95110.0, 21980.0], [95107.5, 5110.0], [95105.0, 48650.0], [95100.0, 1520.0], [95095.0, 48710.0], [95092.5, 78470.0], [95090.0, 40000.0], [95087.5, 100.0], [95082.5, 12000.0], [95072.5, 10230.0], [95057.5, 20010.0], [95045.0, 20010.0], [95042.5, 6450.0], [95040.0, 21620.0], [95030.0, 300.0], [94995.0, 20120.0], [94927.5, 2200.0], [94922.5, 8820.0], [94920.0, 35300.0]], "asks": [[95115.0, 4900.0], [95117.5, 100.0], [95122.5, 25550.0], [95125.0, 96660.0], [95155.0, 15270.0], [95157.5, 45290.0], [95160.0, 5860.0], [95162.5, 1000.0], [95170.0, 2000.0], [95192.5, 1000.0], [95195.0, 4490.0], [95197.5, 6610.0], [95200.0, 22130.0], [95217.5, 15670.0], [95222.5, 1000.0], [95227.5, 600.0], [95230.0, 2000.0], [95280.0, 20130.0], [95337.5, 40360.0], [95350.0, 19070.0]]}}}
