{"jsonrpc": "2.0", "id": 1, "result": ["book.BTC-19SEP25.none.20.100ms", "book.BTC-12SEP25.none.20.100ms"], "usIn": 1757154068653048, "usOut": 1757154068653287, "usDiff": 239, "testnet": false}
{"jsonrpc": "2.0", "method": "subscription", "params": {"channel": "book.BTC-19SEP25.none.20.100ms", "data": {"timestamp": 1757154068644, "change_id": 116495143106, "instrument_name": "BTC-19SEP25", "bids": [[110922.5, 5000.0], [110920.0, 4270.0], [110917.5, 20.0], [110915.0, 160.0], [110905.0, 1900.0], [110902.5, 620.0], [110900.0, 1890.0], [110897.5, 6300.0], [110895.0, 5430.0], [110892.5, 97580.0], [110885.0, 590.0], [110882.5, 1280.0], [110880.0, 4270.0], [110872.5, 2510.0], [110870.0, 6370.0], [110867.5, 20.0], [110862.5, 1080.0], [110860.0, 3590.0], [110852.5, 1280.0], [110850.0, 4270.0]], "asks": [[110925.0, 4270.0], [110927.5, 4200.0], [110930.0, 5590.0], [110937.5, 1280.0], [110940.0, 5410.0], [110942.5, 1900.0], [110945.0, 2650.0], [110947.5, 2650.0], [110950.0, 2000.0], [110952.5, 6900.0], [110955.0, 230.0], [110960.0, 13890.0], [110962.5, 63990.0], [110965.0, 10.0], [110970.0, 4270.0], [111017.5, 590.0], [111040.0, 5140.0], [111042.5, 17100.0], [111045.0, 620.0], [111047.5, 2000.0]]}}}
{"jsonrpc": "2.0", "method": "subscription", "params": {"channel": "book.BTC-12SEP25.none.20.100ms", "data": {"timestamp": 1757154068641, "change_id": 116495143103, "instrument_name": "BTC-12SEP25", "bids": [[110852.5, 2000.0], [110850.0, 10000.0], [110847.5, 4180.0], [110840.0, 7450.0], [110837.5, 2000.0], [110830.0, 5500.0], [110827.5, 1960.0], [110825.0, 4340.0], [110820.0, 11000.0], [110817.5, 53900.0], [110815.0, 7800.0], [110812.5, 1950.0], [110802.5, 600.0], [110800.0, 3240.0], [110797.5, 4180.0], [110790.0, 610.0], [110787.5, 1990.0], [110782.5, 20.0], [110780.0, 20.0], [110775.0, 4300.0]], "asks": [[110855.0, 18930.0], [110857.5, 3100.0], [110860.0, 5000.0], [110862.5, 5500.0], [110865.0, 19250.0], [110867.5, 55500.0], [110870.0, 5590.0], [110872.5, 1950.0], [110875.0, 3080.0], [110877.5, 10960.0], [110880.0, 4770.0], [110885.0, 1950.0], [110895.0, 7690.0], [110897.5, 25640.0], [110900.0, 600.0], [110902.5, 2000.0], [110905.0, 1250.0], [110907.5, 4180.0], [110912.5, 610.0], [110915.0, 7010.0]]}}}
{"jsonrpc": "2.0", "method": "subscription", "params": {"channel": "book.BTC-19SEP25.none.20.100ms", "data": {"timestamp": 1757154068720, "change_id": 116495143129, "instrument_name": "BTC-19SEP25", "bids": [[110922.5, 5000.0], [110920.0, 4270.0], [110917.5, 20.0], [110915.0, 160.0], [110905.0, 1900.0], [110902.5, 620.0], [110900.0, 1890.0], [110897.5, 6300.0], [110895.0, 5430.0], [110892.5, 97580.0], [110885.0, 590.0], [110882.5, 1280.0], [110880.0, 4270.0], [110872.5, 2510.0], [110870.0, 6370.0], [110867.5, 20.0], [110862.5, 1080.0], [110860.0, 3590.0], [110852.5, 1280.0], [110850.0, 4270.0]], "asks": [[110925.0, 4270.0], [110927.5, 4200.0], [110930.0, 5590.0], [110937.5, 1280.0], [110940.0, 5410.0], [110942.5, 1900.0], [110945.0, 2650.0], [110947.5, 2650.0], [110950.0, 2000.0], [110952.5, 6900.0], [110955.0, 230.0], [110960.0, 13890.0], [110962.5, 63990.0], [110965.0, 10.0], [110970.0, 4270.0], [111017.5, 590.0], [111040.0, 5140.0], [111042.5, 17100.0], [111045.0, 620.0], [111047.5, 2000.0]]}}}
{"jsonrpc": "2.0", "method": "subscription", "params": {"channel": "book.BTC-12SEP25.none.20.100ms", "data": {"timestamp": 1757154068641, "change_id": 116495143103, "instrument_name": "BTC-12SEP25", "bids": [[110852.5, 2000.0], [110850.0, 10000.0], [110847.5, 4180.0], [110840.0, 7450.0], [110837.5, 2000.0], [110830.0, 5500.0], [110827.5, 1960.0], [110825.0, 4340.0], [110820.0, 11000.0], [110817.5, 53900.0], [110815.0, 7800.0], [110812.5, 1950.0], [110802.5, 600.0], [110800.0, 3240.0], [110797.5, 4180.0], [110790.0, 610.0], [110787.5, 1990.0], [110782.5, 20.0], [110780.0, 20.0], [110775.0, 4300.0]], "asks": [[110855.0, 18930.0], [110857.5, 3100.0], [110860.0, 5000.0], [110862.5, 5500.0], [110865.0, 19250.0], [110867.5, 55500.0], [110870.0, 5590.0], [110872.5, 1950.0], [110875.0, 3080.0], [110877.5, 10960.0], [110880.0, 4770.0], [110885.0, 1950.0], [110895.0, 7690.0], [110897.5, 25640.0], [110900.0, 600.0], [110902.5, 2000.0], [110905.0, 1250.0], [110907.5, 4180.0], [110912.5, 610.0], [110915.0, 7010.0]]}}}
{"jsonrpc": "2.0", "method": "subscription", "params": {"channel": "book.BTC-19SEP25.none.20.100ms", "data": {"timestamp": 1757154069212, "change_id": 116495143394, "instrument_name": "BTC-19SEP25", "bids": [[110922.5, 5000.0], [110920.0, 4270.0], [110915.0, 160.0], [110907.5, 20.0], [110905.0, 1900.0], [110902.5, 620.0], [110900.0, 1890.0], [110897.5, 6300.0], [110895.0, 5430.0], [110892.5, 97580.0], [110885.0, 590.0], [110882.5, 1280.0], [110880.0, 4270.0], [110872.5, 2510.0], [110870.0, 6370.0], [110867.5, 20.0], [110862.5, 1080.0], [110860.0, 3590.0], [110852.5, 1280.0], [110850.0, 4270.0]], "asks": [[110925.0, 4270.0], [110927.5, 4200.0], [110930.0, 5590.0], [110937.5, 1280.0], [110940.0, 5410.0], [110942.5, 1900.0], [110945.0, 2650.0], [110947.5, 2650.0], [110950.0, 2000.0], [110952.5, 6900.0], [110955.0, 230.0], [110960.0, 13890.0], [110962.5, 63990.0], [110965.0, 10.0], [110970.0, 4270.0], [111017.5, 590.0], [111040.0, 5140.0], [111042.5, 17100.0], [111045.0, 620.0], [111047.5, 2000.0]]}}}
{"jsonrpc": "2.0", "method": "subscription", "params": {"channel": "book.BTC-12SEP25.none.20.100ms", "data": {"timestamp": 1757154069067, "change_id": 116495143370, "instrument_name": "BTC-12SEP25", "bids": [[110852.5, 2000.0], [110850.0, 10000.0], [110847.5, 4180.0], [110840.0, 7450.0], [110837.5, 2000.0], [110830.0, 5500.0], [110827.5, 1960.0], [110825.0, 4340.0], [110820.0, 11000.0], [110817.5, 53900.0], [110815.0, 7800.0], [110812.5, 1950.0], [110802.5, 600.0], [110800.0, 3240.0], [110797.5, 4180.0], [110790.0, 610.0], [110787.5, 1990.0], [110782.5, 20.0], [110780.0, 20.0], [110775.0, 4300.0]], "asks": [[110855.0, 18930.0], [110857.5, 3100.0], [110860.0, 5000.0], [110862.5, 5500.0], [110865.0, 19250.0], [110867.5, 55500.0], [110870.0, 5590.0], [110872.5, 1950.0], [110875.0, 3080.0], [110877.5, 10960.0], [110880.0, 4770.0], [110885.0, 1950.0], [110895.0, 7690.0], [110897.5, 25640.0], [110900.0, 600.0], [110902.5, 2000.0], [110905.0, 1250.0], [110907.5, 4180.0], [110912.5, 610.0], [110915.0, 7010.0]]}}}
{"jsonrpc": "2.0", "method": "subscription", "params": {"channel": "book.BTC-19SEP25.none.20.100ms", "data": {"timestamp": 1757154069572, "change_id": 116495143884, "instrument_name": "BTC-19SEP25", "bids": [[110922.5, 5000.0], [110920.0, 4270.0], [110915.0, 160.0], [110907.5, 20.0], [110905.0, 2660.0], [110902.5, 2520.0], [110900.0, 3790.0], [110897.5, 6300.0], [110895.0, 5430.0], [110892.5, 97580.0], [110885.0, 590.0], [110882.5, 1280.0], [110880.0, 4270.0], [110872.5, 2510.0], [110870.0, 6370.0], [110867.5, 20.0], [110862.5, 1080.0], [110860.0, 3590.0], [110852.5, 1280.0], [110850.0, 4270.0]], "asks": [[110925.0, 4270.0], [110927.5, 4200.0], [110930.0, 5590.0], [110937.5, 1280.0], [110940.0, 5410.0], [110942.5, 1900.0], [110945.0, 2650.0], [110947.5, 2650.0], [110950.0, 2000.0], [110952.5, 6900.0], [110955.0, 230.0], [110960.0, 13890.0], [110962.5, 63990.0], [110965.0, 10.0], [110970.0, 4270.0], [111017.5, 590.0], [111040.0, 5140.0], [111042.5, 17100.0], [111045.0, 620.0], [111047.5, 2000.0]]}}}
{"jsonrpc": "2.0", "method": "subscription", "params": {"channel": "book.BTC-19SEP25.none.20.100ms", "data": {"timestamp": 1757154070384, "change_id": 116495144412, "instrument_name": "BTC-19SEP25", "bids": [[110922.5, 5000.0], [110920.0, 4270.0], [110915.0, 160.0], [110907.5, 20.0], [110905.0, 2660.0], [110902.5, 2520.0], [110900.0, 3790.0], [110897.5, 6300.0], [110895.0, 5430.0], [110892.5, 97580.0], [110885.0, 590.0], [110882.5, 1280.0], [110880.0, 4270.0], [110872.5, 600.0], [110867.5, 1930.0], [110865.0, 6370.0], [110862.5, 1080.0], [110860.0, 3590.0], [110852.5, 1280.0], [110850.0, 4270.0]], "asks": [[110925.0, 4270.0], [110927.5, 4200.0], [110930.0, 5590.0], [110937.5, 1280.0], [110940.0, 5410.0], [110942.5, 1900.0], [110945.0, 2650.0], [110947.5, 2650.0], [110950.0, 2000.0], [110952.5, 6900.0], [110955.0, 230.0], [110960.0, 13890.0], [110962.5, 63990.0], [110965.0, 10.0], [110970.0, 4270.0], [111017.5, 590.0], [111040.0, 5140.0], [111042.5, 17100.0], [111045.0, 620.0], [111047.5, 2000.0]]}}}
{"jsonrpc": "2.0", "method": "subscription", "params": {"channel": "book.BTC-12SEP25.none.20.100ms", "data": {"timestamp": 1757154070833, "change_id": 116495145124, "instrument_name": "BTC-12SEP25", "bids": [[110852.5, 2000.0], [110850.0, 10000.0], [110847.5, 4180.0], [110840.0, 7450.0], [110837.5, 2000.0], [110830.0, 5500.0], [110827.5, 1960.0], [110825.0, 4340.0], [110820.0, 11000.0], [110817.5, 53900.0], [110815.0, 7800.0], [110812.5, 1950.0], [110802.5, 600.0], [110800.0, 3240.0], [110797.5, 4180.0], [110790.0, 610.0], [110787.5, 1990.0], [110782.5, 20.0], [110780.0, 20.0], [110775.0, 4300.0]], "asks": [[110855.0, 18920.0], [110857.5, 3100.0], [110860.0, 5000.0], [110862.5, 5500.0], [110865.0, 19250.0], [110867.5, 55500.0], [110870.0, 590.0], [110872.5, 1950.0], [110875.0, 5660.0], [110877.5, 10960.0], [110880.0, 9770.0], [110885.0, 1950.0], [110895.0, 7690.0], [110897.5, 25640.0], [110900.0, 600.0], [110902.5, 2000.0], [110905.0, 1250.0], [110907.5, 4180.0], [110912.5, 610.0], [110915.0, 7010.0]]}}}
{"jsonrpc": "2.0", "method": "subscription", "params": {"channel": "book.BTC-19SEP25.none.20.100ms", "data": {"timestamp": 1757154070734, "change_id": 116495144986, "instrument_name": "BTC-19SEP25", "bids": [[110922.5, 5000.0], [110920.0, 4270.0], [110915.0, 160.0], [110907.5, 20.0], [110905.0, 2660.0], [110902.5, 2520.0], [110900.0, 3790.0], [110897.5, 6300.0], [110895.0, 5430.0], [110892.5, 97580.0], [110885.0, 590.0], [110882.5, 1280.0], [110880.0, 4270.0], [110872.5, 600.0], [110867.5, 1930.0], [110865.0, 6370.0], [110862.5, 1080.0], [110860.0, 3590.0], [110852.5, 1280.0], [110850.0, 4270.0]], "asks": [[110925.0, 4270.0], [110927.5, 3580.0], [110930.0, 5590.0], [110937.5, 1280.0], [110940.0, 5410.0], [110942.5, 1900.0], [110945.0, 2650.0], [110947.5, 2650.0], [110950.0, 2000.0], [110952.5, 6900.0], [110955.0, 230.0], [110960.0, 13890.0], [110962.5, 63990.0], [110965.0, 10.0], [110970.0, 4270.0], [111017.5, 590.0], [111040.0, 5140.0], [111042.5, 17100.0], [111045.0, 620.0], [111047.5, 2000.0]]}}}
{"jsonrpc": "2.0", "method": "subscription", "params": {"channel": "book.BTC-12SEP25.none.20.100ms", "data": {"timestamp": 1757154071208, "change_id": 116495145301, "instrument_name": "BTC-12SEP25", "bids": [[110852.5, 2000.0], [110850.0, 10000.0], [110847.5, 4180.0], [110840.0, 7450.0], [110837.5, 2000.0], [110830.0, 5500.0], [110827.5, 1960.0], [110825.0, 4340.0], [110820.0, 11000.0], [110817.5, 53900.0], [110815.0, 7800.0], [110812.5, 1950.0], [110802.5, 600.0], [110800.0, 3240.0], [110797.5, 4180.0], [110790.0, 610.0], [110787.5, 1990.0], [110782.5, 20.0], [110780.0, 20.0], [110775.0, 4300.0]], "asks": [[110855.0, 18920.0], [110857.5, 1810.0], [110862.5, 5500.0], [110865.0, 19250.0], [110867.5, 60500.0], [110870.0, 590.0], [110872.5, 1950.0], [110875.0, 5660.0], [110877.5, 10960.0], [110880.0, 9770.0], [110885.0, 1950.0], [110895.0, 7690.0], [110897.5, 25640.0], [110900.0, 600.0], [110902.5, 2000.0], [110905.0, 1250.0], [110907.5, 4180.0], [110912.5, 610.0], [110915.0, 7010.0], [110917.5, 16560.0]]}}}
{"jsonrpc": "2.0", "method": "subscription", "params": {"channel": "book.BTC-19SEP25.none.20.100ms", "data": {"timestamp": 1757154072548, "change_id": 116495146719, "instrument_name": "BTC-19SEP25", "bids": [[110922.5, 5000.0], [110920.0, 4270.0], [110915.0, 160.0], [110907.5, 590.0], [110905.0, 2660.0], [110902.5, 2520.0], [110900.0, 3790.0], [110897.5, 6300.0], [110895.0, 5430.0], [110892.5, 97580.0], [110885.0, 590.0], [110882.5, 1280.0], [110880.0, 4270.0], [110872.5, 600.0], [110867.5, 1930.0], [110865.0, 6370.0], [110862.5, 1080.0], [110860.0, 3590.0], [110852.5, 1280.0], [110850.0, 4270.0]], "asks": [[110925.0, 4270.0], [110927.5, 3580.0], [110930.0, 5590.0], [110937.5, 1280.0], [110940.0, 5410.0], [110942.5, 1900.0], [110945.0, 2650.0], [110947.5, 2650.0], [110950.0, 2000.0], [110952.5, 6900.0], [110955.0, 230.0], [110960.0, 13890.0], [110962.5, 63990.0], [110965.0, 10.0], [110970.0, 4270.0], [111017.5, 590.0], [111040.0, 5140.0], [111042.5, 17100.0], [111045.0, 620.0], [111047.5, 2000.0]]}}}
{"jsonrpc": "2.0", "method": "subscription", "params": {"channel": "book.BTC-12SEP25.none.20.100ms", "data": {"timestamp": 1757154072904, "change_id": 116495146976, "instrument_name": "BTC-12SEP25", "bids": [[110852.5, 2000.0], [110850.0, 10000.0], [110847.5, 4180.0], [110840.0, 7450.0], [110837.5, 2000.0], [110830.0, 5500.0], [110827.5, 1960.0], [110825.0, 4340.0], [110820.0, 11000.0], [110817.5, 53900.0], [110815.0, 7800.0], [110812.5, 1950.0], [110802.5, 600.0], [110800.0, 3240.0], [110797.5, 4180.0], [110790.0, 610.0], [110787.5, 1990.0], [110782.5, 20.0], [110780.0, 20.0], [110775.0, 4300.0]], "asks": [[110855.0, 18920.0], [110857.5, 1810.0], [110862.5, 5500.0], [110865.0, 19250.0], [110867.5, 60500.0], [110870.0, 2010.0], [110872.5, 6950.0], [110875.0, 5660.0], [110877.5, 10960.0], [110880.0, 4770.0], [110885.0, 1950.0], [110895.0, 7690.0], [110897.5, 25640.0], [110900.0, 600.0], [110902.5, 2000.0], [110905.0, 1250.0], [110907.5, 4180.0], [110912.5, 610.0], [110915.0, 7010.0], [110917.5, 16560.0]]}}}
{"jsonrpc": "2.0", "method": "subscription", "params": {"channel": "book.BTC-12SEP25.none.20.100ms", "data": {"timestamp": 1757154073072, "change_id": 116495147111, "instrument_name": "BTC-12SEP25", "bids": [[110852.5, 2000.0], [110850.0, 10000.0], [110847.5, 4180.0], [110840.0, 7450.0], [110837.5, 2000.0], [110830.0, 5500.0], [110827.5, 1960.0], [110825.0, 4340.0], [110820.0, 11000.0], [110817.5, 53900.0], [110815.0, 7800.0], [110812.5, 1950.0], [110802.5, 600.0], [110800.0, 3240.0], [110797.5, 4180.0], [110790.0, 610.0], [110787.5, 1990.0], [110782.5, 20.0], [110780.0, 20.0], [110775.0, 4300.0]], "asks": [[110855.0, 18920.0], [110857.5, 1810.0], [110862.5, 5500.0], [110865.0, 19250.0], [110867.5, 60500.0], [110870.0, 2010.0], [110872.5, 6950.0], [110875.0, 5660.0], [110877.5, 10960.0], [110880.0, 4770.0], [110885.0, 1950.0], [110895.0, 7690.0], [110897.5, 25640.0], [110900.0, 600.0], [110902.5, 2000.0], [110905.0, 1250.0], [110907.5, 4180.0], [110912.5, 610.0], [110915.0, 7010.0], [110917.5, 16560.0]]}}}
{"jsonrpc": "2.0", "method": "subscription", "params": {"channel": "book.BTC-19SEP25.none.20.100ms", "data": {"timestamp": 1757154073584, "change_id": 116495147737, "instrument_name": "BTC-19SEP25", "bids": [[110922.5, 5000.0], [110920.0, 4270.0], [110915.0, 160.0], [110907.5, 590.0], [110905.0, 2660.0], [110902.5, 2520.0], [110900.0, 3790.0], [110897.5, 6300.0], [110895.0, 5430.0], [110892.5, 97580.0], [110885.0, 590.0], [110882.5, 1280.0], [110880.0, 4270.0], [110872.5, 600.0], [110867.5, 6390.0], [110862.5, 1080.0], [110860.0, 3590.0], [110852.5, 1280.0], [110850.0, 4270.0], [110835.0, 620.0]], "asks": [[110925.0, 4270.0], [110927.5, 3580.0], [110930.0, 5590.0], [110937.5, 1280.0], [110940.0, 5410.0], [110942.5, 1900.0], [110945.0, 2650.0], [110947.5, 2650.0], [110950.0, 2000.0], [110952.5, 6900.0], [110955.0, 230.0], [110960.0, 13890.0], [110962.5, 63990.0], [110965.0, 10.0], [110970.0, 4270.0], [111017.5, 590.0], [111040.0, 5140.0], [111042.5, 17100.0], [111045.0, 620.0], [111047.5, 2000.0]]}}}
{"jsonrpc": "2.0", "method": "subscription", "params": {"channel": "book.BTC-12SEP25.none.20.100ms", "data": {"timestamp": 1757154073577, "change_id": 116495147686, "instrument_name": "BTC-12SEP25", "bids": [[110852.5, 2000.0], [110850.0, 10000.0], [110847.5, 4180.0], [110840.0, 7450.0], [110837.5, 2000.0], [110830.0, 5500.0], [110827.5, 1960.0], [110825.0, 4340.0], [110820.0, 11000.0], [110817.5, 53900.0], [110815.0, 7800.0], [110812.5, 1950.0], [110802.5, 600.0], [110800.0, 3240.0], [110797.5, 4180.0], [110790.0, 610.0], [110787.5, 1990.0], [110782.5, 20.0], [110780.0, 20.0], [110775.0, 4300.0]], "asks": [[110855.0, 18920.0], [110857.5, 3100.0], [110862.5, 10500.0], [110865.0, 19250.0], [110867.5, 55500.0], [110870.0, 2010.0], [110872.5, 6950.0], [110875.0, 5660.0], [110877.5, 10960.0], [110880.0, 4770.0], [110885.0, 1950.0], [110895.0, 7690.0], [110897.5, 25640.0], [110900.0, 600.0], [110902.5, 2000.0], [110905.0, 1250.0], [110907.5, 4180.0], [110912.5, 610.0], [110915.0, 7010.0], [110917.5, 16560.0]]}}}
{"jsonrpc": "2.0", "method": "subscription", "params": {"channel": "book.BTC-19SEP25.none.20.100ms", "data": {"timestamp": 1757154075503, "change_id": 116495149623, "instrument_name": "BTC-19SEP25", "bids": [[110922.5, 5000.0], [110920.0, 4270.0], [110915.0, 160.0], [110907.5, 590.0], [110905.0, 2660.0], [110902.5, 2520.0], [110900.0, 3790.0], [110897.5, 6300.0], [110895.0, 5430.0], [110892.5, 97580.0], [110885.0, 590.0], [110882.5, 1280.0], [110880.0, 4270.0], [110872.5, 600.0], [110867.5, 6390.0], [110862.5, 1080.0], [110860.0, 3590.0], [110852.5, 1280.0], [110850.0, 4270.0], [110835.0, 620.0]], "asks": [[110925.0, 4270.0], [110927.5, 3580.0], [110930.0, 5590.0], [110937.5, 3180.0], [110940.0, 5410.0], [110942.5, 1900.0], [110945.0, 2650.0], [110947.5, 2650.0], [110950.0, 2000.0], [110952.5, 6900.0], [110955.0, 230.0], [110960.0, 13890.0], [110962.5, 63990.0], [110965.0, 10.0], [110970.0, 4270.0], [111017.5, 590.0], [111040.0, 5140.0], [111042.5, 17100.0], [111045.0, 620.0], [111047.5, 2000.0]]}}}
{"jsonrpc": "2.0", "method": "subscription", "params": {"channel": "book.BTC-12SEP25.none.20.100ms", "data": {"timestamp": 1757154075686, "change_id": 116495149820, "instrument_name": "BTC-12SEP25", "bids": [[110852.5, 2000.0], [110850.0, 10000.0], [110847.5, 4180.0], [110840.0, 7450.0], [110837.5, 2000.0], [110830.0, 5500.0], [110827.5, 1960.0], [110825.0, 4340.0], [110820.0, 3330.0], [110817.5, 3900.0], [110815.0, 7800.0], [110812.5, 1950.0], [110802.5, 600.0], [110800.0, 3240.0], [110797.5, 4180.0], [110790.0, 610.0], [110787.5, 1990.0], [110782.5, 20.0], [110780.0, 20.0], [110775.0, 4300.0]], "asks": [[110855.0, 18920.0], [110857.5, 3100.0], [110862.5, 10500.0], [110865.0, 19250.0], [110867.5, 55500.0], [110870.0, 2010.0], [110872.5, 6950.0], [110875.0, 5660.0], [110877.5, 10960.0], [110880.0, 4770.0], [110885.0, 1950.0], [110895.0, 7690.0], [110897.5, 25640.0], [110900.0, 600.0], [110902.5, 2000.0], [110905.0, 1250.0], [110907.5, 4180.0], [110912.5, 610.0], [110915.0, 7010.0], [110917.5, 16560.0]]}}}
{"jsonrpc": "2.0", "method": "subscription", "params": {"channel": "book.BTC-19SEP25.none.20.100ms", "data": {"timestamp": 1757154077140, "change_id": 116495150996, "instrument_name": "BTC-19SEP25", "bids": [[110922.5, 5000.0], [110915.0, 160.0], [110907.5, 590.0], [110905.0, 2660.0], [110902.5, 2520.0], [110900.0, 3790.0], [110897.5, 6300.0], [110895.0, 5430.0], [110892.5, 97580.0], [110885.0, 590.0], [110882.5, 1280.0], [110880.0, 4270.0], [110872.5, 600.0], [110867.5, 6390.0], [110862.5, 1080.0], [110860.0, 3590.0], [110852.5, 1280.0], [110850.0, 4270.0], [110835.0, 620.0], [110832.5, 900.0]], "asks": [[110925.0, 4270.0], [110927.5, 3580.0], [110930.0, 5590.0], [110937.5, 3180.0], [110940.0, 5410.0], [110942.5, 1900.0], [110945.0, 2650.0], [110947.5, 2650.0], [110950.0, 2000.0], [110952.5, 6900.0], [110955.0, 230.0], [110960.0, 13890.0], [110962.5, 63990.0], [110965.0, 10.0], [110970.0, 4270.0], [111017.5, 590.0], [111040.0, 5140.0], [111042.5, 17100.0], [111045.0, 620.0], [111047.5, 2000.0]]}}}
{"jsonrpc": "2.0", "method": "subscription", "params": {"channel": "book.BTC-12SEP25.none.20.100ms", "data": {"timestamp": 1757154077143, "change_id": 116495151000, "instrument_name": "BTC-12SEP25", "bids": [[110852.5, 2000.0], [110850.0, 10000.0], [110840.0, 7450.0], [110837.5, 2000.0], [110830.0, 5500.0], [110827.5, 1960.0], [110825.0, 160.0], [110820.0, 3330.0], [110817.5, 3900.0], [110815.0, 7800.0], [110812.5, 1950.0], [110802.5, 600.0], [110800.0, 3240.0], [110797.5, 4180.0], [110790.0, 610.0], [110787.5, 1990.0], [110782.5, 20.0], [110780.0, 20.0], [110775.0, 4300.0], [110770.0, 14580.0]], "asks": [[110855.0, 18920.0], [110857.5, 3100.0], [110862.5, 10500.0], [110865.0, 19250.0], [110867.5, 55500.0], [110870.0, 2010.0], [110872.5, 6950.0], [110875.0, 5660.0], [110877.5, 10960.0], [110880.0, 4770.0], [110885.0, 1950.0], [110895.0, 7690.0], [110897.5, 25640.0], [110900.0, 600.0], [110902.5, 2000.0], [110905.0, 1250.0], [110907.5, 4180.0], [110912.5, 610.0], [110915.0, 7010.0], [110917.5, 16560.0]]}}}
{"jsonrpc": "2.0", "method": "subscription", "params": {"channel": "book.BTC-19SEP25.none.20.100ms", "data": {"timestamp": 1757154077534, "change_id": 116495151545, "instrument_name": "BTC-19SEP25", "bids": [[110922.5, 5000.0], [110917.5, 4270.0], [110915.0, 160.0], [110907.5, 590.0], [110905.0, 2660.0], [110902.5, 2520.0], [110900.0, 3790.0], [110897.5, 6300.0], [110895.0, 5430.0], [110892.5, 97580.0], [110885.0, 590.0], [110882.5, 1280.0], [110880.0, 4270.0], [110872.5, 600.0], [110870.0, 1920.0], [110867.5, 6390.0], [110862.5, 1080.0], [110860.0, 3590.0], [110852.5, 1280.0], [110850.0, 4270.0]], "asks": [[110925.0, 4270.0], [110927.5, 3580.0], [110930.0, 5590.0], [110937.5, 3180.0], [110940.0, 5410.0], [110942.5, 1900.0], [110945.0, 2650.0], [110947.5, 2650.0], [110950.0, 2000.0], [110952.5, 6900.0], [110955.0, 230.0], [110960.0, 13890.0], [110962.5, 63990.0], [110965.0, 10.0], [110970.0, 4270.0], [111017.5, 590.0], [111040.0, 5140.0], [111042.5, 17100.0], [111045.0, 620.0], [111047.5, 2000.0]]}}}
{"jsonrpc": "2.0", "method": "subscription", "params": {"channel": "book.BTC-12SEP25.none.20.100ms", "data": {"timestamp": 1757154077562, "change_id": 116495151552, "instrument_name": "BTC-12SEP25", "bids": [[110852.5, 2000.0], [110850.0, 10000.0], [110847.5, 4180.0], [110840.0, 7450.0], [110837.5, 2000.0], [110830.0, 5500.0], [110827.5, 1960.0], [110825.0, 4340.0], [110820.0, 3330.0], [110817.5, 3900.0], [110815.0, 7800.0], [110812.5, 1950.0], [110802.5, 600.0], [110800.0, 3240.0], [110797.5, 4180.0], [110790.0, 610.0], [110787.5, 1990.0], [110782.5, 20.0], [110780.0, 20.0], [110775.0, 4300.0]], "asks": [[110855.0, 18920.0], [110857.5, 3100.0], [110862.5, 10500.0], [110865.0, 19250.0], [110867.5, 55500.0], [110870.0, 2010.0], [110872.5, 6950.0], [110875.0, 5660.0], [110877.5, 10960.0], [110880.0, 4770.0], [110885.0, 1950.0], [110895.0, 7690.0], [110897.5, 25640.0], [110900.0, 600.0], [110902.5, 2000.0], [110905.0, 1250.0], [110907.5, 4180.0], [110912.5, 610.0], [110915.0, 7010.0], [110917.5, 16560.0]]}}}
{"jsonrpc": "2.0", "method": "subscription", "params": {"channel": "book.BTC-12SEP25.none.20.100ms", "data": {"timestamp": 1757154077874, "change_id": 116495151814, "instrument_name": "BTC-12SEP25", "bids": [[110852.5, 2000.0], [110850.0, 10000.0], [110847.5, 4180.0], [110840.0, 7450.0], [110837.5, 2000.0], [110830.0, 5500.0], [110827.5, 1960.0], [110825.0, 4340.0], [110820.0, 3330.0], [110817.5, 3900.0], [110815.0, 7800.0], [110812.5, 1950.0], [110802.5, 600.0], [110800.0, 3240.0], [110797.5, 4180.0], [110790.0, 610.0], [110787.5, 1990.0], [110782.5, 20.0], [110780.0, 20.0], [110775.0, 4300.0]], "asks": [[110855.0, 18920.0], [110857.5, 3100.0], [110862.5, 10500.0], [110865.0, 19250.0], [110867.5, 55500.0], [110870.0, 2010.0], [110872.5, 6950.0], [110875.0, 5660.0], [110877.5, 10960.0], [110880.0, 4770.0], [110885.0, 1950.0], [110895.0, 7690.0], [110897.5, 25640.0], [110900.0, 600.0], [110902.5, 2000.0], [110905.0, 1250.0], [110907.5, 4180.0], [110912.5, 610.0], [110915.0, 2040.0], [110917.5, 4970.0]]}}}
{"jsonrpc": "2.0", "method": "subscription", "params": {"channel": "book.BTC-19SEP25.none.20.100ms", "data": {"timestamp": 1757154077713, "change_id": 116495151749, "instrument_name": "BTC-19SEP25", "bids": [[110922.5, 5000.0], [110917.5, 4270.0], [110915.0, 160.0], [110907.5, 570.0], [110905.0, 2680.0], [110902.5, 2520.0], [110900.0, 3790.0], [110897.5, 6300.0], [110895.0, 5430.0], [110892.5, 97580.0], [110885.0, 590.0], [110882.5, 1280.0], [110880.0, 4270.0], [110872.5, 600.0], [110870.0, 1920.0], [110867.5, 6390.0], [110862.5, 1080.0], [110860.0, 3590.0], [110852.5, 1280.0], [110850.0, 4270.0]], "asks": [[110925.0, 4270.0], [110927.5, 3580.0], [110930.0, 5590.0], [110937.5, 3180.0], [110940.0, 5410.0], [110942.5, 1900.0], [110945.0, 2650.0], [110947.5, 2650.0], [110950.0, 2000.0], [110952.5, 6900.0], [110955.0, 230.0], [110960.0, 13890.0], [110962.5, 63990.0], [110965.0, 10.0], [110970.0, 4270.0], [111017.5, 590.0], [111040.0, 5140.0], [111042.5, 17100.0], [111045.0, 620.0], [111047.5, 2000.0]]}}}
{"jsonrpc": "2.0", "method": "subscription", "params": {"channel": "book.BTC-19SEP25.none.20.100ms", "data": {"timestamp": 1757154079208, "change_id": 116495152908, "instrument_name": "BTC-19SEP25", "bids": [[110922.5, 5000.0], [110917.5, 4270.0], [110915.0, 160.0], [110907.5, 590.0], [110905.0, 2660.0], [110902.5, 2520.0], [110900.0, 3790.0], [110897.5, 6300.0], [110895.0, 5430.0], [110892.5, 97580.0], [110885.0, 590.0], [110882.5, 1280.0], [110880.0, 4270.0], [110872.5, 600.0], [110870.0, 1920.0], [110867.5, 6390.0], [110862.5, 1080.0], [110860.0, 3590.0], [110852.5, 1280.0], [110850.0, 4270.0]], "asks": [[110925.0, 4270.0], [110927.5, 3580.0], [110930.0, 5590.0], [110937.5, 3180.0], [110940.0, 5410.0], [110942.5, 1900.0], [110945.0, 2650.0], [110947.5, 2650.0], [110950.0, 2000.0], [110952.5, 6900.0], [110955.0, 230.0], [110960.0, 13890.0], [110962.5, 63990.0], [110965.0, 10.0], [110970.0, 4270.0], [111017.5, 590.0], [111040.0, 5140.0], [111042.5, 17100.0], [111045.0, 620.0], [111047.5, 2000.0]]}}}
{"jsonrpc": "2.0", "method": "subscription", "params": {"channel": "book.BTC-19SEP25.none.20.100ms", "data": {"timestamp": 1757154080050, "change_id": 116495153861, "instrument_name": "BTC-19SEP25", "bids": [[110922.5, 5000.0], [110917.5, 4270.0], [110915.0, 160.0], [110907.5, 590.0], [110905.0, 2660.0], [110902.5, 2520.0], [110900.0, 3790.0], [110897.5, 6300.0], [110895.0, 5430.0], [110892.5, 97580.0], [110885.0, 590.0], [110882.5, 1280.0], [110880.0, 4270.0], [110872.5, 600.0], [110870.0, 1920.0], [110867.5, 6390.0], [110862.5, 1080.0], [110860.0, 3590.0], [110852.5, 1280.0], [110850.0, 4270.0]], "asks": [[110925.0, 4270.0], [110927.5, 3580.0], [110930.0, 5590.0], [110937.5, 3180.0], [110940.0, 5410.0], [110942.5, 1900.0], [110945.0, 2650.0], [110947.5, 2650.0], [110950.0, 2000.0], [110952.5, 6900.0], [110955.0, 230.0], [110960.0, 13890.0], [110962.5, 63990.0], [110965.0, 10.0], [110970.0, 4270.0], [111017.5, 590.0], [111040.0, 5140.0], [111042.5, 17100.0], [111045.0, 620.0], [111047.5, 2000.0]]}}}
{"jsonrpc": "2.0", "method": "subscription", "params": {"channel": "book.BTC-12SEP25.none.20.100ms", "data": {"timestamp": 1757154080044, "change_id": 116495153858, "instrument_name": "BTC-12SEP25", "bids": [[110852.5, 2000.0], [110850.0, 10000.0], [110847.5, 4180.0], [110840.0, 7450.0], [110837.5, 2000.0], [110830.0, 5500.0], [110827.5, 1960.0], [110825.0, 4340.0], [110820.0, 3330.0], [110817.5, 3900.0], [110815.0, 7800.0], [110812.5, 1950.0], [110802.5, 600.0], [110800.0, 3240.0], [110797.5, 4180.0], [110790.0, 610.0], [110787.5, 1990.0], [110782.5, 20.0], [110780.0, 20.0], [110775.0, 4300.0]], "asks": [[110855.0, 18920.0], [110857.5, 3100.0], [110862.5, 10500.0], [110865.0, 19250.0], [110867.5, 55500.0], [110870.0, 2010.0], [110872.5, 6950.0], [110875.0, 5660.0], [110877.5, 10960.0], [110880.0, 4770.0], [110885.0, 1950.0], [110895.0, 7690.0], [110897.5, 25640.0], [110900.0, 600.0], [110902.5, 2000.0], [110905.0, 1250.0], [110907.5, 4180.0], [110912.5, 610.0], [110915.0, 2040.0], [110917.5, 4970.0]]}}}
{"jsonrpc": "2.0", "method": "subscription", "params": {"channel": "book.BTC-19SEP25.none.20.100ms", "data": {"timestamp": 1757154083825, "change_id": 116495157325, "instrument_name": "BTC-19SEP25", "bids": [[110922.5, 5000.0], [110917.5, 4270.0], [110915.0, 160.0], [110907.5, 590.0], [110905.0, 2660.0], [110902.5, 2520.0], [110900.0, 3790.0], [110897.5, 6300.0], [110895.0, 5430.0], [110892.5, 97580.0], [110885.0, 590.0], [110882.5, 1280.0], [110880.0, 4270.0], [110872.5, 600.0], [110870.0, 1920.0], [110867.5, 6390.0], [110862.5, 1080.0], [110860.0, 3590.0], [110852.5, 1280.0], [110850.0, 4270.0]], "asks": [[110925.0, 4270.0], [110927.5, 3580.0], [110930.0, 5590.0], [110937.5, 3180.0], [110940.0, 5410.0], [110942.5, 1900.0], [110945.0, 2650.0], [110947.5, 2650.0], [110950.0, 2000.0], [110952.5, 6900.0], [110955.0, 230.0], [110960.0, 590.0], [110965.0, 10.0], [110967.5, 1280.0], [110970.0, 4270.0], [111017.5, 590.0], [111040.0, 5140.0], [111042.5, 17100.0], [111045.0, 620.0], [111047.5, 2000.0]]}}}
{"jsonrpc": "2.0", "method": "subscription", "params": {"channel": "book.BTC-19SEP25.none.20.100ms", "data": {"timestamp": 1757154084179, "change_id": 116495157480, "instrument_name": "BTC-19SEP25", "bids": [[110922.5, 5000.0], [110917.5, 4270.0], [110915.0, 160.0], [110907.5, 590.0], [110905.0, 2660.0], [110902.5, 2520.0], [110900.0, 3790.0], [110897.5, 6300.0], [110895.0, 5430.0], [110892.5, 97580.0], [110885.0, 590.0], [110882.5, 1280.0], [110880.0, 4270.0], [110872.5, 600.0], [110870.0, 1920.0], [110867.5, 6390.0], [110862.5, 1080.0], [110860.0, 3590.0], [110852.5, 1280.0], [110850.0, 4270.0]], "asks": [[110925.0, 4270.0], [110927.5, 3580.0], [110930.0, 5590.0], [110937.5, 3180.0], [110940.0, 5410.0], [110942.5, 1900.0], [110945.0, 2650.0], [110947.5, 2650.0], [110950.0, 2000.0], [110952.5, 6900.0], [110955.0, 230.0], [110957.5, 11210.0], [110960.0, 590.0], [110965.0, 10.0], [110967.5, 1280.0], [110970.0, 4270.0], [111017.5, 590.0], [111040.0, 5140.0], [111042.5, 17100.0], [111045.0, 620.0]]}}}
{"jsonrpc": "2.0", "method": "subscription", "params": {"channel": "book.BTC-19SEP25.none.20.100ms", "data": {"timestamp": 1757154085092, "change_id": 116495158351, "instrument_name": "BTC-19SEP25", "bids": [[110922.5, 5000.0], [110917.5, 4270.0], [110915.0, 160.0], [110907.5, 590.0], [110905.0, 2660.0], [110902.5, 2520.0], [110900.0, 3790.0], [110897.5, 6300.0], [110895.0, 5430.0], [110892.5, 97580.0], [110885.0, 590.0], [110882.5, 1280.0], [110880.0, 4270.0], [110872.5, 600.0], [110870.0, 1920.0], [110867.5, 6390.0], [110862.5, 1080.0], [110860.0, 3590.0], [110852.5, 1280.0], [110850.0, 4270.0]], "asks": [[110925.0, 4270.0], [110927.5, 3580.0], [110930.0, 5590.0], [110937.5, 3180.0], [110940.0, 5410.0], [110942.5, 1900.0], [110945.0, 2650.0], [110947.5, 2650.0], [110950.0, 2000.0], [110952.5, 6900.0], [110955.0, 3510.0], [110957.5, 11210.0], [110960.0, 590.0], [110965.0, 10.0], [110967.5, 1280.0], [110970.0, 4270.0], [111017.5, 590.0], [111040.0, 5140.0], [111042.5, 17100.0], [111045.0, 620.0]]}}}
{"jsonrpc": "2.0", "method": "subscription", "params": {"channel": "book.BTC-19SEP25.none.20.100ms", "data": {"timestamp": 1757154087155, "change_id": 116495160130, "instrument_name": "BTC-19SEP25", "bids": [[110922.5, 5000.0], [110917.5, 4270.0], [110915.0, 160.0], [110907.5, 590.0], [110905.0, 2660.0], [110902.5, 2520.0], [110900.0, 3790.0], [110897.5, 6300.0], [110895.0, 5430.0], [110892.5, 97580.0], [110885.0, 590.0], [110882.5, 1280.0], [110880.0, 4270.0], [110872.5, 600.0], [110870.0, 1920.0], [110867.5, 6390.0], [110862.5, 1080.0], [110860.0, 3590.0], [110852.5, 1280.0], [110850.0, 4270.0]], "asks": [[110925.0, 4270.0], [110927.5, 3580.0], [110930.0, 5590.0], [110937.5, 3180.0], [110940.0, 5410.0], [110942.5, 1900.0], [110945.0, 2650.0], [110947.5, 2650.0], [110950.0, 2000.0], [110952.5, 6900.0], [110955.0, 3510.0], [110957.5, 11210.0], [110960.0, 590.0], [110965.0, 10.0], [110967.5, 1280.0], [110970.0, 4270.0], [111017.5, 590.0], [111040.0, 5140.0], [111042.5, 17100.0], [111045.0, 620.0]]}}}
{"jsonrpc": "2.0", "method": "subscription", "params": {"channel": "book.BTC-12SEP25.none.20.100ms", "data": {"timestamp": 1757154087155, "change_id": 116495160129, "instrument_name": "BTC-12SEP25", "bids": [[110852.5, 2000.0], [110850.0, 10000.0], [110840.0, 7450.0], [110837.5, 2000.0], [110830.0, 5500.0], [110827.5, 1960.0], [110825.0, 4340.0], [110820.0, 3330.0], [110817.5, 3900.0], [110815.0, 7800.0], [110812.5, 1950.0], [110802.5, 600.0], [110800.0, 3240.0], [110797.5, 4180.0], [110790.0, 610.0], [110787.5, 1990.0], [110782.5, 20.0], [110780.0, 20.0], [110775.0, 4300.0], [110770.0, 14580.0]], "asks": [[110855.0, 18920.0], [110857.5, 3100.0], [110862.5, 10500.0], [110865.0, 19250.0], [110867.5, 55500.0], [110870.0, 2010.0], [110872.5, 6950.0], [110877.5, 10960.0], [110880.0, 4770.0], [110885.0, 1950.0], [110895.0, 7690.0], [110897.5, 25640.0], [110900.0, 600.0], [110902.5, 2000.0], [110905.0, 1250.0], [110907.5, 4180.0], [110912.5, 610.0], [110915.0, 2040.0], [110917.5, 4970.0], [110920.0, 16560.0]]}}}
{"jsonrpc": "2.0", "method": "subscription", "params": {"channel": "book.BTC-19SEP25.none.20.100ms", "data": {"timestamp": 1757154087286, "change_id": 116495160147, "instrument_name": "BTC-19SEP25", "bids": [[110922.5, 5000.0], [110917.5, 4270.0], [110915.0, 160.0], [110907.5, 590.0], [110905.0, 2660.0], [110902.5, 2520.0], [110900.0, 3790.0], [110897.5, 6300.0], [110895.0, 5430.0], [110892.5, 97580.0], [110885.0, 590.0], [110882.5, 1280.0], [110880.0, 4270.0], [110872.5, 600.0], [110870.0, 1920.0], [110867.5, 6390.0], [110862.5, 1080.0], [110860.0, 3590.0], [110852.5, 1280.0], [110850.0, 4270.0]], "asks": [[110925.0, 4870.0], [110927.5, 3580.0], [110930.0, 5590.0], [110937.5, 3180.0], [110940.0, 5410.0], [110942.5, 1900.0], [110945.0, 2650.0], [110947.5, 2650.0], [110950.0, 2000.0], [110952.5, 6900.0], [110955.0, 3510.0], [110957.5, 11210.0], [110960.0, 590.0], [110965.0, 10.0], [110967.5, 1280.0], [110970.0, 4270.0], [111017.5, 590.0], [111040.0, 5140.0], [111042.5, 17100.0], [111045.0, 620.0]]}}}
{"jsonrpc": "2.0", "method": "subscription", "params": {"channel": "book.BTC-12SEP25.none.20.100ms", "data": {"timestamp": 1757154087264, "change_id": 116495160141, "instrument_name": "BTC-12SEP25", "bids": [[110852.5, 2000.0], [110850.0, 10000.0], [110847.5, 4180.0], [110840.0, 7450.0], [110837.5, 2000.0], [110830.0, 5500.0], [110827.5, 1960.0], [110825.0, 4340.0], [110820.0, 3330.0], [110817.5, 3900.0], [110815.0, 7800.0], [110812.5, 1950.0], [110802.5, 600.0], [110800.0, 3240.0], [110797.5, 4180.0], [110790.0, 610.0], [110787.5, 1990.0], [110782.5, 20.0], [110780.0, 20.0], [110775.0, 4300.0]], "asks": [[110855.0, 18920.0], [110857.5, 3100.0], [110862.5, 10500.0], [110865.0, 19250.0], [110867.5, 55500.0], [110870.0, 2010.0], [110872.5, 6950.0], [110875.0, 4540.0], [110877.5, 10960.0], [110880.0, 4770.0], [110885.0, 1950.0], [110895.0, 7690.0], [110897.5, 25640.0], [110900.0, 600.0], [110902.5, 2000.0], [110905.0, 1250.0], [110907.5, 4180.0], [110912.5, 610.0], [110915.0, 2040.0], [110917.5, 4970.0]]}}}
{"jsonrpc": "2.0", "method": "subscription", "params": {"channel": "book.BTC-19SEP25.none.20.100ms", "data": {"timestamp": 1757154089617, "change_id": 116495162715, "instrument_name": "BTC-19SEP25", "bids": [[110922.5, 5000.0], [110917.5, 4270.0], [110915.0, 160.0], [110907.5, 590.0], [110905.0, 2660.0], [110902.5, 2520.0], [110900.0, 3790.0], [110897.5, 6300.0], [110895.0, 5430.0], [110892.5, 97580.0], [110885.0, 590.0], [110882.5, 1280.0], [110880.0, 4270.0], [110872.5, 600.0], [110870.0, 1920.0], [110867.5, 6390.0], [110862.5, 1080.0], [110860.0, 3590.0], [110852.5, 1280.0], [110850.0, 4270.0]], "asks": [[110925.0, 4270.0], [110927.5, 3580.0], [110930.0, 5590.0], [110937.5, 3180.0], [110940.0, 5410.0], [110942.5, 1900.0], [110945.0, 2650.0], [110947.5, 2650.0], [110950.0, 2000.0], [110952.5, 6900.0], [110955.0, 3510.0], [110957.5, 11210.0], [110960.0, 590.0], [110965.0, 10.0], [110967.5, 1280.0], [110970.0, 4270.0], [111017.5, 590.0], [111040.0, 5140.0], [111042.5, 17100.0], [111045.0, 620.0]]}}}
{"jsonrpc": "2.0", "method": "subscription", "params": {"channel": "book.BTC-12SEP25.none.20.100ms", "data": {"timestamp": 1757154090832, "change_id": 116495163705, "instrument_name": "BTC-12SEP25", "bids": [[110852.5, 2000.0], [110850.0, 10000.0], [110847.5, 4180.0], [110840.0, 7450.0], [110837.5, 2000.0], [110830.0, 5500.0], [110827.5, 1960.0], [110825.0, 4340.0], [110820.0, 3330.0], [110817.5, 3900.0], [110815.0, 7800.0], [110812.5, 1950.0], [110802.5, 600.0], [110800.0, 3240.0], [110797.5, 4180.0], [110790.0, 610.0], [110787.5, 1990.0], [110782.5, 20.0], [110780.0, 20.0], [110775.0, 4300.0]], "asks": [[110855.0, 18920.0], [110857.5, 3100.0], [110862.5, 10500.0], [110865.0, 19250.0], [110867.5, 55500.0], [110870.0, 2010.0], [110872.5, 6950.0], [110875.0, 4540.0], [110877.5, 10960.0], [110880.0, 4770.0], [110885.0, 1950.0], [110895.0, 7690.0], [110897.5, 25640.0], [110900.0, 600.0], [110902.5, 2000.0], [110905.0, 1250.0], [110907.5, 4180.0], [110912.5, 610.0], [110915.0, 2040.0], [110917.5, 4970.0]]}}}
{"jsonrpc": "2.0", "method": "subscription", "params": {"channel": "book.BTC-19SEP25.none.20.100ms", "data": {"timestamp": 1757154091573, "change_id": 116495164420, "instrument_name": "BTC-19SEP25", "bids": [[110922.5, 5000.0], [110917.5, 4270.0], [110915.0, 160.0], [110907.5, 590.0], [110905.0, 2660.0], [110902.5, 2520.0], [110900.0, 3790.0], [110897.5, 6300.0], [110885.0, 590.0], [110882.5, 1280.0], [110880.0, 4270.0], [110872.5, 600.0], [110870.0, 1920.0], [110867.5, 6390.0], [110862.5, 1080.0], [110860.0, 3590.0], [110852.5, 1280.0], [110850.0, 4270.0], [110835.0, 620.0], [110832.5, 900.0]], "asks": [[110925.0, 4270.0], [110927.5, 3580.0], [110930.0, 5590.0], [110937.5, 3180.0], [110940.0, 5410.0], [110942.5, 1900.0], [110945.0, 2650.0], [110947.5, 2650.0], [110950.0, 2000.0], [110952.5, 6900.0], [110955.0, 3510.0], [110957.5, 11210.0], [110960.0, 590.0], [110965.0, 10.0], [110967.5, 1280.0], [110970.0, 4270.0], [111017.5, 590.0], [111040.0, 5140.0], [111042.5, 17100.0], [111045.0, 620.0]]}}}
{"jsonrpc": "2.0", "method": "subscription", "params": {"channel": "book.BTC-19SEP25.none.20.100ms", "data": {"timestamp": 1757154092076, "change_id": 116495164806, "instrument_name": "BTC-19SEP25", "bids": [[110922.5, 5000.0], [110917.5, 4270.0], [110915.0, 160.0], [110907.5, 590.0], [110905.0, 2660.0], [110902.5, 2520.0], [110900.0, 3790.0], [110897.5, 6300.0], [110895.0, 97580.0], [110885.0, 590.0], [110882.5, 1280.0], [110880.0, 4270.0], [110872.5, 600.0], [110870.0, 1920.0], [110867.5, 6390.0], [110862.5, 1080.0], [110860.0, 3590.0], [110852.5, 1280.0], [110850.0, 4270.0], [110835.0, 620.0]], "asks": [[110925.0, 4270.0], [110927.5, 3580.0], [110930.0, 5590.0], [110937.5, 3180.0], [110940.0, 5410.0], [110942.5, 1900.0], [110945.0, 2650.0], [110947.5, 2650.0], [110950.0, 2000.0], [110952.5, 6900.0], [110955.0, 3510.0], [110957.5, 11210.0], [110960.0, 590.0], [110965.0, 10.0], [110967.5, 1280.0], [110970.0, 4270.0], [111017.5, 590.0], [111040.0, 5140.0], [111042.5, 17100.0], [111045.0, 620.0]]}}}
{"jsonrpc": "2.0", "method": "subscription", "params": {"channel": "book.BTC-19SEP25.none.20.100ms", "data": {"timestamp": 1757154097023, "change_id": 116495169441, "instrument_name": "BTC-19SEP25", "bids": [[110922.5, 5000.0], [110915.0, 160.0], [110907.5, 590.0], [110905.0, 2660.0], [110902.5, 2520.0], [110900.0, 3790.0], [110897.5, 6300.0], [110895.0, 97580.0], [110885.0, 590.0], [110882.5, 1280.0], [110880.0, 4270.0], [110872.5, 600.0], [110870.0, 1920.0], [110867.5, 6390.0], [110862.5, 1080.0], [110860.0, 3590.0], [110852.5, 1280.0], [110850.0, 4270.0], [110835.0, 620.0], [110832.5, 900.0]], "asks": [[110925.0, 4270.0], [110927.5, 3580.0], [110930.0, 5590.0], [110937.5, 3180.0], [110940.0, 5410.0], [110942.5, 1900.0], [110945.0, 2650.0], [110947.5, 2650.0], [110950.0, 2000.0], [110952.5, 6900.0], [110955.0, 3510.0], [110957.5, 11210.0], [110960.0, 590.0], [110965.0, 10.0], [110967.5, 1280.0], [110970.0, 4270.0], [111017.5, 590.0], [111040.0, 5140.0], [111042.5, 17100.0], [111045.0, 620.0]]}}}
{"jsonrpc": "2.0", "method": "subscription", "params": {"channel": "book.BTC-12SEP25.none.20.100ms", "data": {"timestamp": 1757154097021, "change_id": 116495169438, "instrument_name": "BTC-12SEP25", "bids": [[110852.5, 2000.0], [110850.0, 10000.0], [110840.0, 7450.0], [110837.5, 2000.0], [110830.0, 5500.0], [110827.5, 1960.0], [110825.0, 4340.0], [110820.0, 3330.0], [110817.5, 3900.0], [110815.0, 7800.0], [110812.5, 1950.0], [110802.5, 600.0], [110800.0, 3240.0], [110797.5, 4180.0], [110790.0, 610.0], [110787.5, 1990.0], [110782.5, 20.0], [110780.0, 20.0], [110775.0, 4300.0], [110770.0, 14580.0]], "asks": [[110855.0, 18920.0], [110857.5, 3100.0], [110862.5, 10500.0], [110865.0, 19250.0], [110867.5, 55500.0], [110870.0, 2010.0], [110872.5, 6950.0], [110875.0, 4540.0], [110877.5, 10960.0], [110880.0, 4770.0], [110885.0, 1950.0], [110895.0, 7690.0], [110897.5, 25640.0], [110900.0, 600.0], [110902.5, 2000.0], [110905.0, 1250.0], [110907.5, 4180.0], [110912.5, 610.0], [110915.0, 2040.0], [110917.5, 4970.0]]}}}
{"jsonrpc": "2.0", "method": "subscription", "params": {"channel": "book.BTC-19SEP25.none.20.100ms", "data": {"timestamp": 1757154097126, "change_id": 116495169466, "instrument_name": "BTC-19SEP25", "bids": [[110922.5, 5000.0], [110915.0, 4430.0], [110907.5, 590.0], [110905.0, 2660.0], [110902.5, 2520.0], [110900.0, 3790.0], [110897.5, 6300.0], [110895.0, 97580.0], [110885.0, 590.0], [110882.5, 1280.0], [110880.0, 4270.0], [110872.5, 600.0], [110870.0, 1920.0], [110867.5, 6390.0], [110862.5, 1080.0], [110860.0, 3590.0], [110852.5, 1280.0], [110850.0, 4270.0], [110835.0, 620.0], [110832.5, 900.0]], "asks": [[110925.0, 4270.0], [110927.5, 3580.0], [110930.0, 5590.0], [110937.5, 3180.0], [110940.0, 5410.0], [110942.5, 1900.0], [110945.0, 2650.0], [110947.5, 2650.0], [110950.0, 2000.0], [110952.5, 6900.0], [110955.0, 3510.0], [110957.5, 11210.0], [110960.0, 590.0], [110965.0, 10.0], [110967.5, 1280.0], [110970.0, 4270.0], [111017.5, 590.0], [111040.0, 5140.0], [111042.5, 17100.0], [111045.0, 620.0]]}}}
{"jsonrpc": "2.0", "method": "subscription", "params": {"channel": "book.BTC-12SEP25.none.20.100ms", "data": {"timestamp": 1757154097121, "change_id": 116495169460, "instrument_name": "BTC-12SEP25", "bids": [[110852.5, 2000.0], [110850.0, 10000.0], [110845.0, 4180.0], [110840.0, 7450.0], [110837.5, 2000.0], [110830.0, 5500.0], [110827.5, 1960.0], [110825.0, 4340.0], [110820.0, 3330.0], [110817.5, 3900.0], [110815.0, 7800.0], [110812.5, 1950.0], [110802.5, 600.0], [110800.0, 3240.0], [110797.5, 4180.0], [110790.0, 610.0], [110787.5, 1990.0], [110782.5, 20.0], [110780.0, 20.0], [110775.0, 4300.0]], "asks": [[110855.0, 18920.0], [110857.5, 3100.0], [110862.5, 10500.0], [110865.0, 19250.0], [110867.5, 55500.0], [110870.0, 2010.0], [110872.5, 6950.0], [110875.0, 4540.0], [110877.5, 10960.0], [110880.0, 4770.0], [110885.0, 1950.0], [110895.0, 7690.0], [110897.5, 25640.0], [110900.0, 600.0], [110902.5, 2000.0], [110905.0, 1250.0], [110907.5, 4180.0], [110912.5, 610.0], [110915.0, 2040.0], [110917.5, 4970.0]]}}}
{"jsonrpc": "2.0", "method": "subscription", "params": {"channel": "book.BTC-19SEP25.none.20.100ms", "data": {"timestamp": 1757154097397, "change_id": 116495169584, "instrument_name": "BTC-19SEP25", "bids": [[110922.5, 5000.0], [110915.0, 4430.0], [110907.5, 590.0], [110905.0, 2660.0], [110902.5, 2520.0], [110900.0, 3790.0], [110897.5, 6300.0], [110895.0, 97580.0], [110885.0, 590.0], [110882.5, 1280.0], [110880.0, 4270.0], [110872.5, 600.0], [110867.5, 1930.0], [110865.0, 6370.0], [110862.5, 1080.0], [110860.0, 3590.0], [110852.5, 1280.0], [110850.0, 4270.0], [110835.0, 620.0], [110832.5, 900.0]], "asks": [[110925.0, 4270.0], [110927.5, 3580.0], [110930.0, 5590.0], [110937.5, 3180.0], [110940.0, 5410.0], [110942.5, 1900.0], [110945.0, 2650.0], [110947.5, 2650.0], [110950.0, 2000.0], [110952.5, 6900.0], [110955.0, 3510.0], [110957.5, 11210.0], [110960.0, 590.0], [110965.0, 10.0], [110967.5, 1280.0], [110970.0, 4270.0], [111017.5, 590.0], [111040.0, 5140.0], [111042.5, 17100.0], [111045.0, 620.0]]}}}
{"jsonrpc": "2.0", "method": "subscription", "params": {"channel": "book.BTC-12SEP25.none.20.100ms", "data": {"timestamp": 1757154098216, "change_id": 116495170395, "instrument_name": "BTC-12SEP25", "bids": [[110852.5, 2000.0], [110850.0, 10000.0], [110845.0, 4180.0], [110840.0, 7450.0], [110837.5, 2000.0], [110830.0, 5500.0], [110827.5, 1960.0], [110825.0, 4340.0], [110820.0, 3330.0], [110817.5, 3900.0], [110815.0, 7800.0], [110812.5, 1950.0], [110802.5, 600.0], [110800.0, 3240.0], [110797.5, 4180.0], [110790.0, 610.0], [110787.5, 1990.0], [110782.5, 20.0], [110780.0, 20.0], [110775.0, 4300.0]], "asks": [[110855.0, 18920.0], [110857.5, 4500.0], [110860.0, 5200.0], [110862.5, 10500.0], [110865.0, 19250.0], [110867.5, 55500.0], [110870.0, 2010.0], [110872.5, 6950.0], [110875.0, 4540.0], [110877.5, 10960.0], [110880.0, 4770.0], [110885.0, 1950.0], [110895.0, 7690.0], [110897.5, 25640.0], [110900.0, 600.0], [110902.5, 2000.0], [110905.0, 1250.0], [110907.5, 4180.0], [110912.5, 610.0], [110915.0, 2040.0]]}}}
{"jsonrpc": "2.0", "method": "subscription", "params": {"channel": "book.BTC-12SEP25.none.20.100ms", "data": {"timestamp": 1757154098672, "change_id": 116495171036, "instrument_name": "BTC-12SEP25", "bids": [[110852.5, 2000.0], [110850.0, 10000.0], [110845.0, 4180.0], [110840.0, 7450.0], [110837.5, 2000.0], [110830.0, 5500.0], [110827.5, 1960.0], [110825.0, 4340.0], [110820.0, 3330.0], [110817.5, 3900.0], [110815.0, 7800.0], [110812.5, 1950.0], [110802.5, 600.0], [110800.0, 3240.0], [110797.5, 4180.0], [110790.0, 610.0], [110787.5, 1990.0], [110782.5, 20.0], [110780.0, 20.0], [110775.0, 4300.0]], "asks": [[110855.0, 18920.0], [110857.5, 4500.0], [110860.0, 5200.0], [110862.5, 10500.0], [110865.0, 19250.0], [110867.5, 55500.0], [110870.0, 2010.0], [110872.5, 6950.0], [110875.0, 4540.0], [110877.5, 10960.0], [110880.0, 4770.0], [110885.0, 1950.0], [110895.0, 7690.0], [110897.5, 25640.0], [110900.0, 600.0], [110902.5, 2000.0], [110905.0, 1250.0], [110907.5, 4180.0], [110912.5, 610.0], [110915.0, 2040.0]]}}}
{"jsonrpc": "2.0", "method": "subscription", "params": {"channel": "book.BTC-19SEP25.none.20.100ms", "data": {"timestamp": 1757154099585, "change_id": 116495171806, "instrument_name": "BTC-19SEP25", "bids": [[110922.5, 5000.0], [110915.0, 4430.0], [110907.5, 590.0], [110905.0, 2660.0], [110902.5, 2520.0], [110900.0, 3790.0], [110897.5, 6300.0], [110895.0, 97580.0], [110885.0, 590.0], [110882.5, 1280.0], [110880.0, 4270.0], [110872.5, 600.0], [110867.5, 1930.0], [110865.0, 6370.0], [110862.5, 1080.0], [110860.0, 3590.0], [110852.5, 1280.0], [110850.0, 4270.0], [110835.0, 620.0], [110832.5, 900.0]], "asks": [[110925.0, 4270.0], [110927.5, 3580.0], [110930.0, 5590.0], [110937.5, 3180.0], [110940.0, 5410.0], [110942.5, 1900.0], [110945.0, 2650.0], [110947.5, 2650.0], [110950.0, 2000.0], [110952.5, 6900.0], [110955.0, 3510.0], [110957.5, 11210.0], [110960.0, 590.0], [110965.0, 10.0], [110967.5, 1280.0], [110970.0, 4270.0], [111017.5, 590.0], [111040.0, 5140.0], [111042.5, 17100.0], [111045.0, 620.0]]}}}
{"jsonrpc": "2.0", "method": "subscription", "params": {"channel": "book.BTC-12SEP25.none.20.100ms", "data": {"timestamp": 1757154099579, "change_id": 116495171769, "instrument_name": "BTC-12SEP25", "bids": [[110852.5, 2000.0], [110850.0, 10000.0], [110845.0, 4180.0], [110840.0, 7450.0], [110837.5, 2000.0], [110830.0, 5500.0], [110827.5, 1960.0], [110825.0, 4340.0], [110820.0, 3330.0], [110817.5, 3900.0], [110815.0, 7800.0], [110812.5, 1950.0], [110802.5, 600.0], [110800.0, 3240.0], [110797.5, 4180.0], [110790.0, 610.0], [110787.5, 1990.0], [110782.5, 20.0], [110780.0, 20.0], [110775.0, 4300.0]], "asks": [[110855.0, 18920.0], [110857.5, 4500.0], [110860.0, 5200.0], [110862.5, 10500.0], [110865.0, 19250.0], [110867.5, 50000.0], [110870.0, 2010.0], [110872.5, 6950.0], [110875.0, 4540.0], [110877.5, 10960.0], [110880.0, 4770.0], [110885.0, 1950.0], [110895.0, 7690.0], [110897.5, 25640.0], [110900.0, 600.0], [110902.5, 2000.0], [110905.0, 1250.0], [110907.5, 4180.0], [110912.5, 610.0], [110915.0, 2040.0]]}}}
{"jsonrpc": "2.0", "method": "subscription", "params": {"channel": "book.BTC-12SEP25.none.20.100ms", "data": {"timestamp": 1757154100585, "change_id": 116495172684, "instrument_name": "BTC-12SEP25", "bids": [[110852.5, 2000.0], [110850.0, 10000.0], [110845.0, 4180.0], [110840.0, 5500.0], [110837.5, 2000.0], [110830.0, 5500.0], [110827.5, 1960.0], [110825.0, 4340.0], [110820.0, 3330.0], [110817.5, 3900.0], [110815.0, 7800.0], [110812.5, 1950.0], [110802.5, 600.0], [110800.0, 3240.0], [110797.5, 4180.0], [110790.0, 610.0], [110787.5, 1990.0], [110782.5, 20.0], [110780.0, 20.0], [110775.0, 4300.0]], "asks": [[110855.0, 18920.0], [110857.5, 4500.0], [110860.0, 5200.0], [110862.5, 10500.0], [110865.0, 19250.0], [110867.5, 50000.0], [110870.0, 2010.0], [110872.5, 6950.0], [110875.0, 4540.0], [110877.5, 10960.0], [110880.0, 4770.0], [110885.0, 1950.0], [110895.0, 7690.0], [110897.5, 25640.0], [110900.0, 600.0], [110902.5, 2000.0], [110905.0, 1250.0], [110907.5, 4180.0], [110912.5, 610.0], [110915.0, 2040.0]]}}}
{"jsonrpc": "2.0", "method": "subscription", "params": {"channel": "book.BTC-19SEP25.none.20.100ms", "data": {"timestamp": 1757154100874, "change_id": 116495173277, "instrument_name": "BTC-19SEP25", "bids": [[110922.5, 5000.0], [110915.0, 160.0], [110912.5, 6380.0], [110910.0, 4270.0], [110907.5, 20.0], [110905.0, 2660.0], [110902.5, 2520.0], [110900.0, 3790.0], [110897.5, 6300.0], [110885.0, 590.0], [110882.5, 1280.0], [110880.0, 4270.0], [110872.5, 600.0], [110867.5, 1930.0], [110865.0, 6370.0], [110862.5, 1080.0], [110860.0, 3590.0], [110852.5, 1280.0], [110850.0, 4270.0], [110835.0, 620.0]], "asks": [[110925.0, 4270.0], [110927.5, 3580.0], [110930.0, 5590.0], [110937.5, 3180.0], [110940.0, 5410.0], [110942.5, 1900.0], [110945.0, 2650.0], [110947.5, 2650.0], [110950.0, 2000.0], [110952.5, 6900.0], [110955.0, 3510.0], [110957.5, 11210.0], [110960.0, 590.0], [110965.0, 10.0], [110967.5, 1280.0], [110970.0, 4270.0], [111017.5, 590.0], [111040.0, 5140.0], [111042.5, 17100.0], [111045.0, 620.0]]}}}
{"jsonrpc": "2.0", "method": "subscription", "params": {"channel": "book.BTC-12SEP25.none.20.100ms", "data": {"timestamp": 1757154100867, "change_id": 116495173272, "instrument_name": "BTC-12SEP25", "bids": [[110852.5, 2000.0], [110850.0, 5000.0], [110845.0, 5000.0], [110840.0, 11640.0], [110837.5, 2000.0], [110830.0, 5500.0], [110827.5, 1960.0], [110825.0, 4180.0], [110820.0, 3330.0], [110817.5, 3900.0], [110815.0, 7800.0], [110812.5, 1950.0], [110810.0, 160.0], [110802.5, 600.0], [110800.0, 3240.0], [110797.5, 4180.0], [110790.0, 610.0], [110787.5, 1990.0], [110782.5, 20.0], [110780.0, 20.0]], "asks": [[110855.0, 18920.0], [110857.5, 4500.0], [110860.0, 5200.0], [110862.5, 10500.0], [110865.0, 19250.0], [110867.5, 50000.0], [110870.0, 2010.0], [110872.5, 6950.0], [110875.0, 4540.0], [110877.5, 10960.0], [110880.0, 4770.0], [110885.0, 1950.0], [110895.0, 7690.0], [110897.5, 25640.0], [110900.0, 600.0], [110902.5, 2000.0], [110905.0, 1250.0], [110907.5, 4180.0], [110912.5, 610.0], [110915.0, 2040.0]]}}}
{"jsonrpc": "2.0", "method": "subscription", "params": {"channel": "book.BTC-12SEP25.none.20.100ms", "data": {"timestamp": 1757154101165, "change_id": 116495173502, "instrument_name": "BTC-12SEP25", "bids": [[110852.5, 7000.0], [110850.0, 5000.0], [110840.0, 11640.0], [110837.5, 2000.0], [110830.0, 5500.0], [110827.5, 1960.0], [110825.0, 4180.0], [110820.0, 3330.0], [110817.5, 3900.0], [110815.0, 7800.0], [110812.5, 1950.0], [110810.0, 160.0], [110802.5, 600.0], [110800.0, 3240.0], [110797.5, 4180.0], [110790.0, 610.0], [110787.5, 1990.0], [110782.5, 20.0], [110780.0, 20.0], [110775.0, 4300.0]], "asks": [[110855.0, 18920.0], [110857.5, 4500.0], [110860.0, 5200.0], [110862.5, 10500.0], [110865.0, 19250.0], [110867.5, 50000.0], [110870.0, 2010.0], [110872.5, 6950.0], [110875.0, 4540.0], [110877.5, 10960.0], [110880.0, 4770.0], [110885.0, 1950.0], [110895.0, 7690.0], [110897.5, 25640.0], [110900.0, 600.0], [110902.5, 2000.0], [110905.0, 1250.0], [110907.5, 4180.0], [110912.5, 610.0], [110915.0, 2040.0]]}}}
{"jsonrpc": "2.0", "method": "subscription", "params": {"channel": "book.BTC-19SEP25.none.20.100ms", "data": {"timestamp": 1757154101214, "change_id": 116495173520, "instrument_name": "BTC-19SEP25", "bids": [[110922.5, 5000.0], [110915.0, 2060.0], [110912.5, 6380.0], [110910.0, 4270.0], [110907.5, 20.0], [110905.0, 2660.0], [110902.5, 2520.0], [110900.0, 3790.0], [110897.5, 6300.0], [110885.0, 590.0], [110882.5, 1280.0], [110880.0, 4270.0], [110872.5, 600.0], [110867.5, 1930.0], [110865.0, 6370.0], [110862.5, 1080.0], [110860.0, 3590.0], [110852.5, 1280.0], [110850.0, 4270.0], [110835.0, 620.0]], "asks": [[110925.0, 4270.0], [110927.5, 3580.0], [110930.0, 5590.0], [110937.5, 3180.0], [110940.0, 5410.0], [110942.5, 1900.0], [110945.0, 2650.0], [110947.5, 2650.0], [110950.0, 2000.0], [110952.5, 6900.0], [110955.0, 3510.0], [110957.5, 11210.0], [110960.0, 590.0], [110965.0, 10.0], [110967.5, 1280.0], [110970.0, 4270.0], [111017.5, 590.0], [111040.0, 5140.0], [111042.5, 17100.0], [111045.0, 620.0]]}}}
{"jsonrpc": "2.0", "method": "subscription", "params": {"channel": "book.BTC-12SEP25.none.20.100ms", "data": {"timestamp": 1757154101265, "change_id": 116495173547, "instrument_name": "BTC-12SEP25", "bids": [[110852.5, 7000.0], [110850.0, 5000.0], [110845.0, 4180.0], [110840.0, 7460.0], [110837.5, 2000.0], [110830.0, 5500.0], [110827.5, 1960.0], [110825.0, 4180.0], [110820.0, 3330.0], [110817.5, 3900.0], [110815.0, 7800.0], [110812.5, 1950.0], [110810.0, 160.0], [110802.5, 600.0], [110800.0, 3240.0], [110797.5, 4180.0], [110790.0, 610.0], [110787.5, 1990.0], [110782.5, 20.0], [110780.0, 20.0]], "asks": [[110855.0, 18920.0], [110857.5, 4500.0], [110860.0, 5200.0], [110862.5, 10500.0], [110865.0, 19250.0], [110867.5, 50000.0], [110870.0, 2010.0], [110872.5, 6950.0], [110875.0, 4540.0], [110877.5, 10960.0], [110880.0, 4770.0], [110885.0, 1950.0], [110895.0, 7690.0], [110897.5, 25640.0], [110900.0, 600.0], [110902.5, 2000.0], [110905.0, 1250.0], [110907.5, 4180.0], [110912.5, 610.0], [110915.0, 2040.0]]}}}
{"jsonrpc": "2.0", "method": "subscription", "params": {"channel": "book.BTC-19SEP25.none.20.100ms", "data": {"timestamp": 1757154101274, "change_id": 116495173550, "instrument_name": "BTC-19SEP25", "bids": [[110922.5, 5000.0], [110915.0, 6330.0], [110912.5, 6380.0], [110907.5, 20.0], [110905.0, 2660.0], [110902.5, 2520.0], [110900.0, 3790.0], [110897.5, 6300.0], [110885.0, 590.0], [110882.5, 1280.0], [110880.0, 4270.0], [110872.5, 600.0], [110867.5, 1930.0], [110865.0, 6370.0], [110862.5, 1080.0], [110860.0, 3590.0], [110852.5, 1280.0], [110850.0, 4270.0], [110835.0, 620.0], [110832.5, 900.0]], "asks": [[110925.0, 4270.0], [110927.5, 3580.0], [110930.0, 5590.0], [110937.5, 3180.0], [110940.0, 5410.0], [110942.5, 1900.0], [110945.0, 2650.0], [110947.5, 2650.0], [110950.0, 2000.0], [110952.5, 6900.0], [110955.0, 3510.0], [110957.5, 11210.0], [110960.0, 590.0], [110965.0, 10.0], [110967.5, 1280.0], [110970.0, 4270.0], [111017.5, 590.0], [111040.0, 5140.0], [111042.5, 17100.0], [111045.0, 620.0]]}}}
{"jsonrpc": "2.0", "method": "subscription", "params": {"channel": "book.BTC-19SEP25.none.20.100ms", "data": {"timestamp": 1757154101709, "change_id": 116495174297, "instrument_name": "BTC-19SEP25", "bids": [[110922.5, 5000.0], [110915.0, 6350.0], [110912.5, 6380.0], [110905.0, 2660.0], [110902.5, 2520.0], [110900.0, 3790.0], [110897.5, 6300.0], [110895.0, 2140.0], [110892.5, 72350.0], [110885.0, 590.0], [110882.5, 1280.0], [110880.0, 4270.0], [110872.5, 600.0], [110867.5, 1930.0], [110865.0, 6370.0], [110862.5, 1080.0], [110860.0, 3590.0], [110852.5, 1280.0], [110850.0, 4270.0], [110835.0, 620.0]], "asks": [[110925.0, 4270.0], [110927.5, 3580.0], [110930.0, 5590.0], [110937.5, 3180.0], [110940.0, 5410.0], [110942.5, 1900.0], [110945.0, 2650.0], [110947.5, 2650.0], [110950.0, 2000.0], [110952.5, 6900.0], [110955.0, 3510.0], [110957.5, 11210.0], [110960.0, 590.0], [110965.0, 10.0], [110967.5, 1280.0], [110970.0, 4270.0], [111017.5, 590.0], [111040.0, 5140.0], [111042.5, 17100.0], [111045.0, 620.0]]}}}
{"jsonrpc": "2.0", "method": "subscription", "params": {"channel": "book.BTC-12SEP25.none.20.100ms", "data": {"timestamp": 1757154102107, "change_id": 116495174554, "instrument_name": "BTC-12SEP25", "bids": [[110852.5, 7000.0], [110850.0, 5000.0], [110840.0, 7460.0], [110837.5, 2000.0], [110830.0, 5500.0], [110827.5, 1960.0], [110820.0, 3330.0], [110817.5, 3900.0], [110815.0, 7800.0], [110812.5, 1950.0], [110810.0, 160.0], [110802.5, 600.0], [110800.0, 3240.0], [110797.5, 4180.0], [110790.0, 610.0], [110787.5, 1990.0], [110782.5, 20.0], [110780.0, 20.0], [110775.0, 4300.0], [110770.0, 14580.0]], "asks": [[110855.0, 18920.0], [110857.5, 4500.0], [110860.0, 5200.0], [110862.5, 10500.0], [110865.0, 19250.0], [110867.5, 50000.0], [110870.0, 2010.0], [110872.5, 6950.0], [110875.0, 4540.0], [110877.5, 10960.0], [110880.0, 4770.0], [110885.0, 1950.0], [110895.0, 7690.0], [110897.5, 25640.0], [110900.0, 600.0], [110902.5, 2000.0], [110905.0, 1250.0], [110907.5, 4180.0], [110912.5, 610.0], [110915.0, 2040.0]]}}}
{"jsonrpc": "2.0", "method": "subscription", "params": {"channel": "book.BTC-19SEP25.none.20.100ms", "data": {"timestamp": 1757154102107, "change_id": 116495174553, "instrument_name": "BTC-19SEP25", "bids": [[110922.5, 5000.0], [110915.0, 2080.0], [110912.5, 6380.0], [110905.0, 2660.0], [110902.5, 2520.0], [110900.0, 3790.0], [110897.5, 6300.0], [110895.0, 2140.0], [110892.5, 72350.0], [110885.0, 590.0], [110882.5, 1280.0], [110880.0, 4270.0], [110872.5, 600.0], [110867.5, 1930.0], [110865.0, 6370.0], [110862.5, 1080.0], [110860.0, 3590.0], [110852.5, 1280.0], [110850.0, 4270.0], [110835.0, 620.0]], "asks": [[110925.0, 4270.0], [110927.5, 3580.0], [110930.0, 5590.0], [110937.5, 3180.0], [110940.0, 5410.0], [110942.5, 1900.0], [110945.0, 2650.0], [110947.5, 2650.0], [110950.0, 2000.0], [110952.5, 6900.0], [110955.0, 3510.0], [110957.5, 11210.0], [110960.0, 590.0], [110965.0, 10.0], [110967.5, 1280.0], [110970.0, 4270.0], [111017.5, 590.0], [111040.0, 5140.0], [111042.5, 17100.0], [111045.0, 620.0]]}}}
{"jsonrpc": "2.0", "method": "subscription", "params": {"channel": "book.BTC-12SEP25.none.20.100ms", "data": {"timestamp": 1757154102271, "change_id": 116495174594, "instrument_name": "BTC-12SEP25", "bids": [[110852.5, 7000.0], [110850.0, 5000.0], [110845.0, 4180.0], [110840.0, 7460.0], [110837.5, 2000.0], [110830.0, 5500.0], [110827.5, 1960.0], [110825.0, 4180.0], [110820.0, 3330.0], [110817.5, 3900.0], [110815.0, 7800.0], [110812.5, 1950.0], [110810.0, 160.0], [110802.5, 600.0], [110800.0, 3240.0], [110797.5, 4180.0], [110790.0, 610.0], [110787.5, 1990.0], [110782.5, 20.0], [110780.0, 20.0]], "asks": [[110855.0, 18920.0], [110857.5, 4500.0], [110860.0, 5200.0], [110862.5, 10500.0], [110865.0, 19250.0], [110867.5, 50000.0], [110870.0, 2010.0], [110872.5, 6950.0], [110875.0, 4540.0], [110877.5, 10960.0], [110880.0, 4770.0], [110885.0, 1950.0], [110895.0, 7690.0], [110897.5, 25640.0], [110900.0, 600.0], [110902.5, 2000.0], [110905.0, 1250.0], [110907.5, 4180.0], [110912.5, 610.0], [110915.0, 2040.0]]}}}
{"jsonrpc": "2.0", "method": "subscription", "params": {"channel": "book.BTC-19SEP25.none.20.100ms", "data": {"timestamp": 1757154102275, "change_id": 116495174596, "instrument_name": "BTC-19SEP25", "bids": [[110922.5, 5000.0], [110915.0, 6350.0], [110912.5, 6380.0], [110905.0, 2660.0], [110902.5, 2520.0], [110900.0, 3790.0], [110897.5, 6300.0], [110895.0, 2140.0], [110892.5, 72350.0], [110885.0, 590.0], [110882.5, 1280.0], [110880.0, 4270.0], [110872.5, 600.0], [110867.5, 1930.0], [110865.0, 6370.0], [110862.5, 1080.0], [110860.0, 3590.0], [110852.5, 1280.0], [110850.0, 4270.0], [110835.0, 620.0]], "asks": [[110925.0, 4270.0], [110927.5, 3580.0], [110930.0, 5590.0], [110937.5, 3180.0], [110940.0, 5410.0], [110942.5, 1900.0], [110945.0, 2650.0], [110947.5, 2650.0], [110950.0, 2000.0], [110952.5, 6900.0], [110955.0, 3510.0], [110957.5, 11210.0], [110960.0, 590.0], [110965.0, 10.0], [110967.5, 1280.0], [110970.0, 4270.0], [111017.5, 590.0], [111040.0, 5140.0], [111042.5, 17100.0], [111045.0, 620.0]]}}}
{"jsonrpc": "2.0", "method": "subscription", "params": {"channel": "book.BTC-19SEP25.none.20.100ms", "data": {"timestamp": 1757154103209, "change_id": 116495175559, "instrument_name": "BTC-19SEP25", "bids": [[110922.5, 5000.0], [110917.5, 20.0], [110915.0, 6330.0], [110912.5, 6380.0], [110905.0, 2660.0], [110902.5, 2520.0], [110900.0, 3790.0], [110897.5, 6300.0], [110895.0, 2140.0], [110892.5, 72350.0], [110885.0, 590.0], [110882.5, 1280.0], [110880.0, 4270.0], [110872.5, 600.0], [110867.5, 1930.0], [110865.0, 6370.0], [110862.5, 1080.0], [110860.0, 3590.0], [110852.5, 1280.0], [110850.0, 4270.0]], "asks": [[110927.5, 3580.0], [110930.0, 5590.0], [110935.0, 570.0], [110937.5, 1900.0], [110940.0, 1140.0], [110942.5, 1900.0], [110945.0, 2650.0], [110947.5, 2650.0], [110950.0, 2000.0], [110952.5, 6900.0], [110955.0, 3510.0], [110957.5, 11210.0], [110960.0, 590.0], [110965.0, 10.0], [110967.5, 1280.0], [110970.0, 4270.0], [111017.5, 590.0], [111040.0, 5140.0], [111042.5, 17100.0], [111045.0, 620.0]]}}}
{"jsonrpc": "2.0", "method": "subscription", "params": {"channel": "book.BTC-12SEP25.none.20.100ms", "data": {"timestamp": 1757154103106, "change_id": 116495175527, "instrument_name": "BTC-12SEP25", "bids": [[110852.5, 7000.0], [110850.0, 5000.0], [110845.0, 4180.0], [110840.0, 7460.0], [110837.5, 2000.0], [110830.0, 5500.0], [110827.5, 1960.0], [110825.0, 4180.0], [110820.0, 3330.0], [110817.5, 3900.0], [110815.0, 7800.0], [110812.5, 1950.0], [110810.0, 160.0], [110802.5, 600.0], [110800.0, 3240.0], [110797.5, 4180.0], [110790.0, 610.0], [110787.5, 1990.0], [110782.5, 20.0], [110780.0, 20.0]], "asks": [[110855.0, 14740.0], [110857.5, 4500.0], [110860.0, 5200.0], [110862.5, 10500.0], [110865.0, 19250.0], [110867.5, 50000.0], [110870.0, 2010.0], [110872.5, 6950.0], [110875.0, 4540.0], [110877.5, 10960.0], [110880.0, 4770.0], [110885.0, 1950.0], [110895.0, 7690.0], [110897.5, 25640.0], [110900.0, 600.0], [110902.5, 2000.0], [110905.0, 1250.0], [110907.5, 4180.0], [110912.5, 610.0], [110915.0, 2040.0]]}}}
{"jsonrpc": "2.0", "method": "subscription", "params": {"channel": "book.BTC-12SEP25.none.20.100ms", "data": {"timestamp": 1757154103270, "change_id": 116495175571, "instrument_name": "BTC-12SEP25", "bids": [[110852.5, 7000.0], [110850.0, 5000.0], [110845.0, 4180.0], [110840.0, 7460.0], [110837.5, 2000.0], [110830.0, 5500.0], [110827.5, 1960.0], [110825.0, 4180.0], [110820.0, 3330.0], [110817.5, 3900.0], [110815.0, 7800.0], [110812.5, 1950.0], [110810.0, 160.0], [110802.5, 600.0], [110800.0, 3240.0], [110797.5, 4180.0], [110790.0, 610.0], [110787.5, 1990.0], [110782.5, 20.0], [110780.0, 20.0]], "asks": [[110855.0, 18920.0], [110857.5, 4500.0], [110860.0, 5200.0], [110862.5, 10500.0], [110865.0, 19250.0], [110867.5, 50000.0], [110870.0, 2010.0], [110872.5, 6950.0], [110875.0, 4540.0], [110877.5, 10960.0], [110880.0, 4770.0], [110885.0, 1950.0], [110895.0, 7690.0], [110897.5, 25640.0], [110900.0, 600.0], [110902.5, 2000.0], [110905.0, 1250.0], [110907.5, 4180.0], [110912.5, 610.0], [110915.0, 2040.0]]}}}
{"jsonrpc": "2.0", "method": "subscription", "params": {"channel": "book.BTC-19SEP25.none.20.100ms", "data": {"timestamp": 1757154103401, "change_id": 116495175678, "instrument_name": "BTC-19SEP25", "bids": [[110922.5, 5000.0], [110917.5, 20.0], [110915.0, 6330.0], [110912.5, 6380.0], [110905.0, 2660.0], [110902.5, 2520.0], [110900.0, 3790.0], [110897.5, 6300.0], [110895.0, 2140.0], [110892.5, 72350.0], [110885.0, 590.0], [110882.5, 1280.0], [110880.0, 4270.0], [110872.5, 600.0], [110867.5, 20.0], [110865.0, 2990.0], [110862.5, 6370.0], [110860.0, 3590.0], [110852.5, 1280.0], [110850.0, 4270.0]], "asks": [[110925.0, 4270.0], [110927.5, 4170.0], [110930.0, 5590.0], [110935.0, 1780.0], [110937.5, 1900.0], [110940.0, 5410.0], [110942.5, 1900.0], [110945.0, 2650.0], [110947.5, 2650.0], [110950.0, 2000.0], [110952.5, 6900.0], [110955.0, 3510.0], [110957.5, 11210.0], [110960.0, 590.0], [110965.0, 10.0], [110967.5, 1280.0], [110970.0, 4270.0], [111017.5, 590.0], [111040.0, 5140.0], [111042.5, 17100.0]]}}}
{"jsonrpc": "2.0", "method": "subscription", "params": {"channel": "book.BTC-19SEP25.none.20.100ms", "data": {"timestamp": 1757154103823, "change_id": 116495176399, "instrument_name": "BTC-19SEP25", "bids": [[110922.5, 5000.0], [110917.5, 20.0], [110915.0, 2060.0], [110912.5, 6380.0], [110905.0, 2660.0], [110902.5, 2520.0], [110900.0, 3790.0], [110897.5, 6300.0], [110885.0, 590.0], [110882.5, 1280.0], [110880.0, 4270.0], [110872.5, 600.0], [110867.5, 20.0], [110865.0, 2990.0], [110862.5, 6370.0], [110860.0, 3590.0], [110852.5, 1280.0], [110850.0, 4270.0], [110835.0, 620.0], [110832.5, 900.0]], "asks": [[110925.0, 4860.0], [110927.5, 3580.0], [110930.0, 5590.0], [110935.0, 1780.0], [110937.5, 1900.0], [110940.0, 5410.0], [110942.5, 1900.0], [110945.0, 2650.0], [110947.5, 2650.0], [110950.0, 2000.0], [110952.5, 6900.0], [110955.0, 3510.0], [110957.5, 11210.0], [110960.0, 590.0], [110965.0, 10.0], [110967.5, 1280.0], [110970.0, 4270.0], [111017.5, 590.0], [111040.0, 5140.0], [111042.5, 17100.0]]}}}
{"jsonrpc": "2.0", "method": "subscription", "params": {"channel": "book.BTC-12SEP25.none.20.100ms", "data": {"timestamp": 1757154103895, "change_id": 116495176457, "instrument_name": "BTC-12SEP25", "bids": [[110852.5, 7000.0], [110850.0, 5000.0], [110840.0, 5500.0], [110837.5, 2000.0], [110830.0, 5500.0], [110827.5, 1960.0], [110825.0, 4180.0], [110817.5, 3900.0], [110815.0, 7800.0], [110812.5, 1950.0], [110810.0, 160.0], [110802.5, 600.0], [110800.0, 3240.0], [110797.5, 4180.0], [110790.0, 610.0], [110787.5, 1990.0], [110782.5, 20.0], [110780.0, 20.0], [110775.0, 590.0], [110770.0, 1970.0]], "asks": [[110855.0, 18920.0], [110857.5, 4500.0], [110860.0, 5200.0], [110862.5, 10500.0], [110865.0, 19250.0], [110867.5, 50000.0], [110870.0, 2010.0], [110872.5, 6950.0], [110875.0, 4540.0], [110877.5, 10960.0], [110880.0, 4770.0], [110885.0, 1950.0], [110895.0, 7690.0], [110897.5, 25640.0], [110900.0, 600.0], [110902.5, 2000.0], [110905.0, 1250.0], [110907.5, 4180.0], [110912.5, 610.0], [110915.0, 2040.0]]}}}
{"jsonrpc": "2.0", "method": "subscription", "params": {"channel": "book.BTC-12SEP25.none.20.100ms", "data": {"timestamp": 1757154104045, "change_id": 116495176609, "instrument_name": "BTC-12SEP25", "bids": [[110852.5, 7000.0], [110850.0, 5000.0], [110842.5, 4180.0], [110840.0, 5500.0], [110837.5, 2000.0], [110830.0, 5500.0], [110827.5, 1960.0], [110825.0, 4180.0], [110817.5, 3900.0], [110815.0, 7800.0], [110812.5, 1950.0], [110810.0, 160.0], [110802.5, 600.0], [110800.0, 3240.0], [110797.5, 4180.0], [110790.0, 610.0], [110787.5, 1990.0], [110782.5, 20.0], [110780.0, 20.0], [110775.0, 590.0]], "asks": [[110855.0, 18920.0], [110857.5, 4500.0], [110860.0, 5200.0], [110862.5, 10500.0], [110865.0, 19250.0], [110867.5, 50000.0], [110870.0, 2010.0], [110872.5, 6950.0], [110875.0, 4540.0], [110877.5, 10960.0], [110880.0, 4770.0], [110885.0, 1950.0], [110895.0, 7690.0], [110897.5, 25640.0], [110900.0, 600.0], [110902.5, 2000.0], [110905.0, 1250.0], [110907.5, 4180.0], [110912.5, 610.0], [110915.0, 2040.0]]}}}
{"jsonrpc": "2.0", "method": "subscription", "params": {"channel": "book.BTC-19SEP25.none.20.100ms", "data": {"timestamp": 1757154104180, "change_id": 116495176640, "instrument_name": "BTC-19SEP25", "bids": [[110922.5, 5000.0], [110917.5, 20.0], [110915.0, 2060.0], [110912.5, 10650.0], [110905.0, 1900.0], [110902.5, 2520.0], [110900.0, 3790.0], [110897.5, 6300.0], [110895.0, 1830.0], [110892.5, 35520.0], [110885.0, 590.0], [110882.5, 1280.0], [110880.0, 4270.0], [110872.5, 600.0], [110867.5, 20.0], [110865.0, 2990.0], [110862.5, 6370.0], [110860.0, 3590.0], [110852.5, 1280.0], [110850.0, 4270.0]], "asks": [[110925.0, 6760.0], [110927.5, 3580.0], [110930.0, 5590.0], [110935.0, 1780.0], [110937.5, 1900.0], [110940.0, 5410.0], [110942.5, 1900.0], [110945.0, 2650.0], [110947.5, 2650.0], [110950.0, 2000.0], [110952.5, 5000.0], [110955.0, 3510.0], [110957.5, 11210.0], [110960.0, 590.0], [110965.0, 10.0], [110967.5, 1280.0], [110970.0, 4270.0], [111017.5, 590.0], [111040.0, 5140.0], [111042.5, 17100.0]]}}}
{"jsonrpc": "2.0", "method": "subscription", "params": {"channel": "book.BTC-19SEP25.none.20.100ms", "data": {"timestamp": 1757154104890, "change_id": 116495177507, "instrument_name": "BTC-19SEP25", "bids": [[110922.5, 5000.0], [110915.0, 180.0], [110912.5, 10650.0], [110905.0, 1900.0], [110902.5, 2520.0], [110900.0, 1890.0], [110897.5, 6300.0], [110895.0, 1830.0], [110892.5, 35520.0], [110885.0, 590.0], [110882.5, 1280.0], [110880.0, 4270.0], [110872.5, 600.0], [110867.5, 20.0], [110865.0, 2990.0], [110862.5, 6370.0], [110860.0, 3590.0], [110852.5, 1280.0], [110850.0, 4270.0], [110835.0, 620.0]], "asks": [[110925.0, 6760.0], [110927.5, 3580.0], [110930.0, 5590.0], [110935.0, 1780.0], [110937.5, 1900.0], [110940.0, 5410.0], [110942.5, 1900.0], [110945.0, 7650.0], [110947.5, 2650.0], [110950.0, 2000.0], [110955.0, 3510.0], [110957.5, 11210.0], [110960.0, 590.0], [110965.0, 10.0], [110967.5, 1280.0], [110970.0, 4270.0], [111017.5, 590.0], [111040.0, 5140.0], [111042.5, 17100.0], [111045.0, 620.0]]}}}
{"jsonrpc": "2.0", "method": "subscription", "params": {"channel": "book.BTC-12SEP25.none.20.100ms", "data": {"timestamp": 1757154104890, "change_id": 116495177506, "instrument_name": "BTC-12SEP25", "bids": [[110852.5, 7000.0], [110850.0, 5000.0], [110845.0, 4180.0], [110837.5, 2000.0], [110830.0, 5500.0], [110827.5, 1960.0], [110825.0, 4180.0], [110817.5, 3900.0], [110815.0, 2720.0], [110812.5, 9160.0], [110810.0, 160.0], [110802.5, 600.0], [110800.0, 3240.0], [110797.5, 4180.0], [110790.0, 610.0], [110787.5, 1990.0], [110782.5, 20.0], [110780.0, 20.0], [110775.0, 590.0], [110770.0, 1970.0]], "asks": [[110855.0, 18920.0], [110857.5, 4500.0], [110860.0, 5200.0], [110862.5, 10500.0], [110865.0, 24250.0], [110867.5, 50000.0], [110870.0, 590.0], [110872.5, 1950.0], [110875.0, 4540.0], [110877.5, 10960.0], [110880.0, 4770.0], [110885.0, 1950.0], [110895.0, 7690.0], [110897.5, 25640.0], [110900.0, 600.0], [110902.5, 2000.0], [110905.0, 1250.0], [110907.5, 4180.0], [110912.5, 610.0], [110915.0, 2040.0]]}}}
{"jsonrpc": "2.0", "method": "subscription", "params": {"channel": "book.BTC-19SEP25.none.20.100ms", "data": {"timestamp": 1757154104983, "change_id": 116495177580, "instrument_name": "BTC-19SEP25", "bids": [[110922.5, 5000.0], [110915.0, 180.0], [110912.5, 10650.0], [110905.0, 1900.0], [110902.5, 2520.0], [110900.0, 1890.0], [110897.5, 6300.0], [110895.0, 1830.0], [110892.5, 35520.0], [110885.0, 590.0], [110882.5, 1280.0], [110880.0, 4270.0], [110872.5, 600.0], [110867.5, 20.0], [110865.0, 2990.0], [110862.5, 6370.0], [110860.0, 3590.0], [110852.5, 1280.0], [110850.0, 4270.0], [110835.0, 620.0]], "asks": [[110925.0, 6760.0], [110927.5, 3580.0], [110930.0, 5590.0], [110935.0, 1780.0], [110937.5, 1900.0], [110940.0, 6770.0], [110942.5, 1900.0], [110945.0, 7650.0], [110947.5, 750.0], [110955.0, 3510.0], [110957.5, 11210.0], [110960.0, 590.0], [110965.0, 10.0], [110967.5, 1280.0], [110970.0, 4270.0], [111017.5, 590.0], [111040.0, 5140.0], [111042.5, 17100.0], [111045.0, 620.0], [111047.5, 2000.0]]}}}
{"jsonrpc": "2.0", "method": "subscription", "params": {"channel": "book.BTC-12SEP25.none.20.100ms", "data": {"timestamp": 1757154105873, "change_id": 116495178430, "instrument_name": "BTC-12SEP25", "bids": [[110852.5, 7000.0], [110850.0, 5000.0], [110845.0, 4180.0], [110837.5, 2000.0], [110830.0, 5500.0], [110827.5, 1960.0], [110825.0, 4180.0], [110817.5, 3900.0], [110815.0, 2720.0], [110812.5, 9160.0], [110810.0, 160.0], [110802.5, 600.0], [110800.0, 3240.0], [110797.5, 4180.0], [110790.0, 610.0], [110787.5, 1990.0], [110782.5, 20.0], [110780.0, 20.0], [110775.0, 590.0], [110770.0, 1970.0]], "asks": [[110855.0, 18920.0], [110857.5, 4500.0], [110860.0, 5200.0], [110862.5, 10500.0], [110865.0, 24250.0], [110867.5, 50000.0], [110870.0, 590.0], [110872.5, 1950.0], [110875.0, 4540.0], [110877.5, 10960.0], [110880.0, 4770.0], [110885.0, 1950.0], [110895.0, 7690.0], [110897.5, 25640.0], [110900.0, 600.0], [110902.5, 2000.0], [110905.0, 1250.0], [110907.5, 4180.0], [110912.5, 5500.0], [110915.0, 18600.0]]}}}
{"jsonrpc": "2.0", "method": "subscription", "params": {"channel": "book.BTC-19SEP25.none.20.100ms", "data": {"timestamp": 1757154107070, "change_id": 116495179507, "instrument_name": "BTC-19SEP25", "bids": [[110922.5, 5000.0], [110915.0, 180.0], [110912.5, 10650.0], [110905.0, 1900.0], [110902.5, 2520.0], [110900.0, 1890.0], [110897.5, 6300.0], [110895.0, 1830.0], [110892.5, 35520.0], [110885.0, 590.0], [110882.5, 1280.0], [110880.0, 4270.0], [110872.5, 600.0], [110867.5, 20.0], [110865.0, 2990.0], [110862.5, 6370.0], [110860.0, 3590.0], [110852.5, 1280.0], [110850.0, 4270.0], [110835.0, 620.0]], "asks": [[110925.0, 6760.0], [110927.5, 3580.0], [110930.0, 5590.0], [110935.0, 1780.0], [110937.5, 1900.0], [110940.0, 5410.0], [110942.5, 1900.0], [110945.0, 7650.0], [110947.5, 750.0], [110955.0, 3510.0], [110957.5, 11210.0], [110960.0, 590.0], [110965.0, 10.0], [110967.5, 1280.0], [110970.0, 4270.0], [111017.5, 590.0], [111040.0, 5140.0], [111042.5, 17100.0], [111045.0, 620.0], [111047.5, 2000.0]]}}}
{"jsonrpc": "2.0", "method": "subscription", "params": {"channel": "book.BTC-12SEP25.none.20.100ms", "data": {"timestamp": 1757154107452, "change_id": 116495179703, "instrument_name": "BTC-12SEP25", "bids": [[110852.5, 7000.0], [110850.0, 5000.0], [110845.0, 4180.0], [110837.5, 2000.0], [110830.0, 5500.0], [110827.5, 1960.0], [110825.0, 4180.0], [110817.5, 3900.0], [110815.0, 2720.0], [110812.5, 9160.0], [110810.0, 160.0], [110802.5, 600.0], [110800.0, 3240.0], [110797.5, 4180.0], [110790.0, 610.0], [110787.5, 1990.0], [110782.5, 20.0], [110780.0, 20.0], [110775.0, 590.0], [110770.0, 1970.0]], "asks": [[110855.0, 18920.0], [110857.5, 4500.0], [110860.0, 5200.0], [110862.5, 10500.0], [110865.0, 24250.0], [110867.5, 50000.0], [110870.0, 590.0], [110872.5, 1950.0], [110875.0, 4540.0], [110877.5, 10960.0], [110880.0, 4770.0], [110885.0, 1950.0], [110895.0, 7690.0], [110897.5, 25640.0], [110900.0, 600.0], [110902.5, 2000.0], [110905.0, 1250.0], [110907.5, 4180.0], [110912.5, 4890.0], [110915.0, 18600.0]]}}}
{"jsonrpc": "2.0", "method": "subscription", "params": {"channel": "book.BTC-19SEP25.none.20.100ms", "data": {"timestamp": 1757154107717, "change_id": 116495180206, "instrument_name": "BTC-19SEP25", "bids": [[110922.5, 5000.0], [110915.0, 180.0], [110912.5, 10650.0], [110905.0, 1900.0], [110902.5, 2520.0], [110900.0, 1890.0], [110897.5, 6300.0], [110895.0, 1830.0], [110892.5, 35520.0], [110885.0, 590.0], [110882.5, 1280.0], [110880.0, 4270.0], [110872.5, 600.0], [110867.5, 20.0], [110865.0, 2990.0], [110862.5, 6370.0], [110860.0, 3590.0], [110852.5, 1280.0], [110850.0, 4270.0], [110835.0, 620.0]], "asks": [[110925.0, 6760.0], [110927.5, 3580.0], [110930.0, 5590.0], [110935.0, 1780.0], [110937.5, 1900.0], [110940.0, 6770.0], [110942.5, 1900.0], [110945.0, 7650.0], [110947.5, 750.0], [110955.0, 3510.0], [110957.5, 11210.0], [110960.0, 590.0], [110965.0, 10.0], [110967.5, 1280.0], [110970.0, 4270.0], [111017.5, 590.0], [111040.0, 5140.0], [111042.5, 17100.0], [111045.0, 620.0], [111047.5, 2000.0]]}}}
{"jsonrpc": "2.0", "method": "subscription", "params": {"channel": "book.BTC-12SEP25.none.20.100ms", "data": {"timestamp": 1757154107638, "change_id": 116495180183, "instrument_name": "BTC-12SEP25", "bids": [[110852.5, 7000.0], [110850.0, 5000.0], [110845.0, 4180.0], [110837.5, 2000.0], [110830.0, 5500.0], [110827.5, 1960.0], [110825.0, 4180.0], [110817.5, 3900.0], [110815.0, 2720.0], [110812.5, 9160.0], [110810.0, 160.0], [110800.0, 3240.0], [110797.5, 4180.0], [110790.0, 610.0], [110787.5, 1990.0], [110782.5, 20.0], [110780.0, 20.0], [110775.0, 590.0], [110770.0, 1970.0], [110767.5, 3780.0]], "asks": [[110855.0, 18920.0], [110857.5, 4500.0], [110860.0, 5200.0], [110862.5, 10500.0], [110865.0, 24250.0], [110867.5, 50000.0], [110870.0, 590.0], [110872.5, 1950.0], [110875.0, 4540.0], [110877.5, 10960.0], [110880.0, 4770.0], [110885.0, 1950.0], [110895.0, 7690.0], [110897.5, 25640.0], [110900.0, 600.0], [110902.5, 2000.0], [110907.5, 4180.0], [110912.5, 4890.0], [110915.0, 18600.0], [110920.0, 600.0]]}}}
{"jsonrpc": "2.0", "method": "subscription", "params": {"channel": "book.BTC-19SEP25.none.20.100ms", "data": {"timestamp": 1757154108136, "change_id": 116495180450, "instrument_name": "BTC-19SEP25", "bids": [[110922.5, 5000.0], [110915.0, 2080.0], [110912.5, 10650.0], [110905.0, 1900.0], [110902.5, 2520.0], [110900.0, 3790.0], [110897.5, 6300.0], [110895.0, 1830.0], [110892.5, 35520.0], [110885.0, 590.0], [110882.5, 1280.0], [110880.0, 4270.0], [110872.5, 600.0], [110867.5, 20.0], [110865.0, 2990.0], [110862.5, 6370.0], [110860.0, 3590.0], [110852.5, 1280.0], [110850.0, 4270.0], [110835.0, 620.0]], "asks": [[110925.0, 6760.0], [110927.5, 3580.0], [110930.0, 5590.0], [110935.0, 1780.0], [110937.5, 1900.0], [110940.0, 6770.0], [110942.5, 1900.0], [110945.0, 7650.0], [110947.5, 750.0], [110955.0, 3510.0], [110957.5, 11210.0], [110960.0, 590.0], [110965.0, 10.0], [110967.5, 1280.0], [110970.0, 4270.0], [111017.5, 590.0], [111040.0, 5140.0], [111042.5, 17100.0], [111045.0, 620.0], [111047.5, 2000.0]]}}}
{"jsonrpc": "2.0", "method": "subscription", "params": {"channel": "book.BTC-12SEP25.none.20.100ms", "data": {"timestamp": 1757154108766, "change_id": 116495181108, "instrument_name": "BTC-12SEP25", "bids": [[110852.5, 7000.0], [110850.0, 5000.0], [110845.0, 4180.0], [110837.5, 2000.0], [110830.0, 5500.0], [110827.5, 1960.0], [110825.0, 4180.0], [110817.5, 3900.0], [110815.0, 2720.0], [110812.5, 9160.0], [110810.0, 160.0], [110802.5, 600.0], [110800.0, 3240.0], [110797.5, 4180.0], [110790.0, 610.0], [110787.5, 1990.0], [110782.5, 20.0], [110780.0, 20.0], [110775.0, 590.0], [110770.0, 1970.0]], "asks": [[110855.0, 18920.0], [110857.5, 4500.0], [110860.0, 5200.0], [110862.5, 10500.0], [110865.0, 24250.0], [110867.5, 50000.0], [110870.0, 590.0], [110872.5, 1950.0], [110875.0, 1250.0], [110880.0, 4770.0], [110885.0, 1950.0], [110895.0, 7690.0], [110897.5, 25640.0], [110900.0, 600.0], [110902.5, 2000.0], [110905.0, 1250.0], [110907.5, 4180.0], [110912.5, 4890.0], [110915.0, 18600.0], [110920.0, 600.0]]}}}
{"jsonrpc": "2.0", "method": "subscription", "params": {"channel": "book.BTC-12SEP25.none.20.100ms", "data": {"timestamp": 1757154109128, "change_id": 116495181328, "instrument_name": "BTC-12SEP25", "bids": [[110852.5, 7000.0], [110850.0, 5000.0], [110845.0, 4180.0], [110837.5, 2000.0], [110830.0, 5500.0], [110827.5, 1960.0], [110825.0, 4180.0], [110817.5, 3900.0], [110815.0, 2720.0], [110812.5, 9160.0], [110810.0, 160.0], [110802.5, 600.0], [110800.0, 3240.0], [110797.5, 4180.0], [110790.0, 610.0], [110787.5, 1990.0], [110782.5, 20.0], [110780.0, 20.0], [110775.0, 590.0], [110770.0, 1970.0]], "asks": [[110855.0, 18920.0], [110857.5, 4500.0], [110860.0, 5200.0], [110862.5, 10500.0], [110865.0, 24250.0], [110867.5, 50000.0], [110870.0, 14680.0], [110872.5, 49190.0], [110875.0, 1250.0], [110880.0, 4770.0], [110885.0, 1950.0], [110895.0, 7690.0], [110897.5, 25640.0], [110900.0, 600.0], [110902.5, 2000.0], [110905.0, 1250.0], [110907.5, 4180.0], [110912.5, 4890.0], [110915.0, 18600.0], [110920.0, 600.0]]}}}
{"jsonrpc": "2.0", "method": "subscription", "params": {"channel": "book.BTC-19SEP25.none.20.100ms", "data": {"timestamp": 1757154109462, "change_id": 116495181579, "instrument_name": "BTC-19SEP25", "bids": [[110922.5, 5000.0], [110915.0, 2080.0], [110912.5, 6380.0], [110905.0, 1900.0], [110902.5, 2520.0], [110900.0, 3790.0], [110897.5, 6300.0], [110895.0, 1830.0], [110892.5, 35520.0], [110885.0, 590.0], [110882.5, 1280.0], [110880.0, 4270.0], [110872.5, 600.0], [110867.5, 20.0], [110865.0, 2990.0], [110862.5, 6370.0], [110860.0, 3590.0], [110852.5, 1280.0], [110850.0, 4270.0], [110835.0, 620.0]], "asks": [[110925.0, 6760.0], [110927.5, 3580.0], [110930.0, 5590.0], [110935.0, 1780.0], [110937.5, 1900.0], [110940.0, 6770.0], [110942.5, 1900.0], [110945.0, 7650.0], [110947.5, 750.0], [110955.0, 3510.0], [110957.5, 11210.0], [110960.0, 590.0], [110965.0, 10.0], [110967.5, 1280.0], [110970.0, 4270.0], [111017.5, 590.0], [111040.0, 5140.0], [111042.5, 17100.0], [111045.0, 620.0], [111047.5, 2000.0]]}}}
{"jsonrpc": "2.0", "method": "subscription", "params": {"channel": "book.BTC-12SEP25.none.20.100ms", "data": {"timestamp": 1757154109459, "change_id": 116495181578, "instrument_name": "BTC-12SEP25", "bids": [[110852.5, 7000.0], [110850.0, 5000.0], [110837.5, 2000.0], [110830.0, 5500.0], [110827.5, 1960.0], [110825.0, 4180.0], [110817.5, 3900.0], [110815.0, 2720.0], [110812.5, 9160.0], [110810.0, 160.0], [110802.5, 600.0], [110800.0, 3240.0], [110797.5, 4180.0], [110790.0, 610.0], [110787.5, 1990.0], [110782.5, 20.0], [110780.0, 20.0], [110775.0, 590.0], [110770.0, 1970.0], [110767.5, 3780.0]], "asks": [[110855.0, 18920.0], [110857.5, 4500.0], [110860.0, 5200.0], [110862.5, 10500.0], [110865.0, 24250.0], [110867.5, 50000.0], [110870.0, 14680.0], [110872.5, 49190.0], [110875.0, 1250.0], [110880.0, 4770.0], [110885.0, 1950.0], [110895.0, 7690.0], [110897.5, 25640.0], [110900.0, 600.0], [110902.5, 2000.0], [110905.0, 1250.0], [110907.5, 4180.0], [110912.5, 4890.0], [110915.0, 18600.0], [110920.0, 600.0]]}}}
{"jsonrpc": "2.0", "method": "subscription", "params": {"channel": "book.BTC-19SEP25.none.20.100ms", "data": {"timestamp": 1757154109583, "change_id": 116495181891, "instrument_name": "BTC-19SEP25", "bids": [[110922.5, 5000.0], [110915.0, 6350.0], [110912.5, 6380.0], [110905.0, 1900.0], [110902.5, 2520.0], [110900.0, 3790.0], [110897.5, 6300.0], [110895.0, 1830.0], [110892.5, 35520.0], [110885.0, 590.0], [110882.5, 1280.0], [110880.0, 4270.0], [110872.5, 600.0], [110867.5, 20.0], [110865.0, 2990.0], [110862.5, 6370.0], [110860.0, 3590.0], [110852.5, 1280.0], [110850.0, 4270.0], [110835.0, 620.0]], "asks": [[110925.0, 6760.0], [110927.5, 3580.0], [110930.0, 5590.0], [110935.0, 1780.0], [110937.5, 1900.0], [110940.0, 6770.0], [110942.5, 1900.0], [110945.0, 7650.0], [110947.5, 750.0], [110955.0, 3510.0], [110957.5, 11210.0], [110960.0, 590.0], [110965.0, 10.0], [110967.5, 1280.0], [110970.0, 4270.0], [111017.5, 590.0], [111040.0, 5140.0], [111042.5, 17100.0], [111045.0, 620.0], [111047.5, 2000.0]]}}}
{"jsonrpc": "2.0", "method": "subscription", "params": {"channel": "book.BTC-12SEP25.none.20.100ms", "data": {"timestamp": 1757154109853, "change_id": 116495182079, "instrument_name": "BTC-12SEP25", "bids": [[110852.5, 7000.0], [110850.0, 5000.0], [110845.0, 4180.0], [110840.0, 1960.0], [110837.5, 2000.0], [110830.0, 5500.0], [110827.5, 1960.0], [110825.0, 4180.0], [110817.5, 3900.0], [110815.0, 2720.0], [110812.5, 9160.0], [110810.0, 160.0], [110802.5, 600.0], [110800.0, 3240.0], [110797.5, 4180.0], [110790.0, 610.0], [110787.5, 1990.0], [110782.5, 20.0], [110780.0, 20.0], [110775.0, 590.0]], "asks": [[110855.0, 18920.0], [110857.5, 4500.0], [110860.0, 5200.0], [110862.5, 10500.0], [110865.0, 24250.0], [110867.5, 50000.0], [110870.0, 14680.0], [110872.5, 49190.0], [110875.0, 1250.0], [110880.0, 4770.0], [110885.0, 1950.0], [110895.0, 7690.0], [110897.5, 25640.0], [110900.0, 600.0], [110902.5, 2000.0], [110905.0, 1250.0], [110907.5, 4180.0], [110912.5, 4890.0], [110915.0, 18600.0], [110920.0, 600.0]]}}}
{"jsonrpc": "2.0", "method": "subscription", "params": {"channel": "book.BTC-19SEP25.none.20.100ms", "data": {"timestamp": 1757154109857, "change_id": 116495182082, "instrument_name": "BTC-19SEP25", "bids": [[110922.5, 5000.0], [110915.0, 6350.0], [110912.5, 6380.0], [110905.0, 2800.0], [110902.5, 2520.0], [110900.0, 3790.0], [110897.5, 6300.0], [110895.0, 1830.0], [110892.5, 35520.0], [110885.0, 590.0], [110882.5, 1280.0], [110880.0, 4270.0], [110872.5, 600.0], [110867.5, 20.0], [110865.0, 2990.0], [110862.5, 6370.0], [110860.0, 3590.0], [110852.5, 1280.0], [110850.0, 4270.0], [110835.0, 620.0]], "asks": [[110925.0, 6760.0], [110927.5, 3580.0], [110930.0, 5590.0], [110935.0, 1780.0], [110937.5, 1900.0], [110940.0, 6770.0], [110942.5, 1900.0], [110945.0, 5750.0], [110947.5, 750.0], [110955.0, 3510.0], [110957.5, 11210.0], [110960.0, 590.0], [110965.0, 10.0], [110967.5, 1280.0], [110970.0, 4270.0], [111017.5, 590.0], [111040.0, 5140.0], [111042.5, 17100.0], [111045.0, 620.0], [111047.5, 2000.0]]}}}
{"jsonrpc": "2.0", "method": "subscription", "params": {"channel": "book.BTC-19SEP25.none.20.100ms", "data": {"timestamp": 1757154110210, "change_id": 116495182235, "instrument_name": "BTC-19SEP25", "bids": [[110922.5, 5000.0], [110917.5, 20.0], [110915.0, 6330.0], [110912.5, 6380.0], [110905.0, 2800.0], [110902.5, 2520.0], [110900.0, 3790.0], [110897.5, 6300.0], [110895.0, 1830.0], [110892.5, 35520.0], [110885.0, 590.0], [110882.5, 1280.0], [110880.0, 4270.0], [110872.5, 600.0], [110867.5, 20.0], [110865.0, 2990.0], [110862.5, 6370.0], [110860.0, 3590.0], [110852.5, 1280.0], [110850.0, 4270.0]], "asks": [[110925.0, 6760.0], [110927.5, 3580.0], [110930.0, 5590.0], [110935.0, 1780.0], [110937.5, 1900.0], [110940.0, 6770.0], [110942.5, 1900.0], [110945.0, 5750.0], [110947.5, 750.0], [110955.0, 3510.0], [110957.5, 11210.0], [110960.0, 590.0], [110965.0, 10.0], [110967.5, 1280.0], [110970.0, 4270.0], [111017.5, 590.0], [111040.0, 5140.0], [111042.5, 17100.0], [111045.0, 620.0], [111047.5, 2000.0]]}}}
{"jsonrpc": "2.0", "method": "subscription", "params": {"channel": "book.BTC-12SEP25.none.20.100ms", "data": {"timestamp": 1757154110672, "change_id": 116495182890, "instrument_name": "BTC-12SEP25", "bids": [[110852.5, 7000.0], [110850.0, 5000.0], [110845.0, 4180.0], [110840.0, 1960.0], [110837.5, 2000.0], [110830.0, 5500.0], [110827.5, 1960.0], [110825.0, 4180.0], [110817.5, 3900.0], [110815.0, 2720.0], [110812.5, 9160.0], [110810.0, 160.0], [110802.5, 600.0], [110800.0, 3240.0], [110797.5, 4180.0], [110790.0, 610.0], [110787.5, 1990.0], [110782.5, 20.0], [110780.0, 20.0], [110775.0, 590.0]], "asks": [[110855.0, 18920.0], [110857.5, 4500.0], [110860.0, 5200.0], [110862.5, 10500.0], [110865.0, 24250.0], [110867.5, 50000.0], [110870.0, 14680.0], [110872.5, 49190.0], [110875.0, 1250.0], [110880.0, 4770.0], [110885.0, 1950.0], [110895.0, 7690.0], [110897.5, 25640.0], [110900.0, 600.0], [110902.5, 2000.0], [110905.0, 1250.0], [110907.5, 4180.0], [110912.5, 4890.0], [110915.0, 18600.0], [110920.0, 600.0]]}}}
{"jsonrpc": "2.0", "method": "subscription", "params": {"channel": "book.BTC-12SEP25.none.20.100ms", "data": {"timestamp": 1757154112673, "change_id": 116495184702, "instrument_name": "BTC-12SEP25", "bids": [[110852.5, 7000.0], [110850.0, 5000.0], [110845.0, 4180.0], [110837.5, 2000.0], [110830.0, 5500.0], [110827.5, 1960.0], [110825.0, 4180.0], [110817.5, 3900.0], [110815.0, 2720.0], [110812.5, 9160.0], [110810.0, 160.0], [110802.5, 600.0], [110800.0, 3240.0], [110797.5, 4180.0], [110790.0, 610.0], [110787.5, 1990.0], [110782.5, 20.0], [110780.0, 20.0], [110775.0, 590.0], [110770.0, 1970.0]], "asks": [[110855.0, 18920.0], [110857.5, 4500.0], [110860.0, 5200.0], [110862.5, 10500.0], [110865.0, 24250.0], [110867.5, 50000.0], [110870.0, 14680.0], [110872.5, 49190.0], [110875.0, 1250.0], [110880.0, 4770.0], [110885.0, 1950.0], [110895.0, 7690.0], [110897.5, 25640.0], [110900.0, 600.0], [110902.5, 2000.0], [110905.0, 1250.0], [110907.5, 4180.0], [110912.5, 4890.0], [110915.0, 18600.0], [110920.0, 600.0]]}}}
{"jsonrpc": "2.0", "method": "subscription", "params": {"channel": "book.BTC-19SEP25.none.20.100ms", "data": {"timestamp": 1757154113113, "change_id": 116495184960, "instrument_name": "BTC-19SEP25", "bids": [[110922.5, 5000.0], [110917.5, 20.0], [110915.0, 2060.0], [110912.5, 6380.0], [110905.0, 2800.0], [110902.5, 2520.0], [110900.0, 3790.0], [110897.5, 6300.0], [110885.0, 590.0], [110882.5, 1280.0], [110880.0, 4270.0], [110872.5, 600.0], [110867.5, 20.0], [110865.0, 2990.0], [110862.5, 6370.0], [110860.0, 3590.0], [110852.5, 1280.0], [110850.0, 4270.0], [110835.0, 620.0], [110832.5, 900.0]], "asks": [[110925.0, 6760.0], [110927.5, 3580.0], [110930.0, 5590.0], [110935.0, 1780.0], [110937.5, 1900.0], [110940.0, 6770.0], [110942.5, 1900.0], [110945.0, 5750.0], [110947.5, 750.0], [110955.0, 3510.0], [110957.5, 11210.0], [110960.0, 590.0], [110965.0, 10.0], [110967.5, 1280.0], [110970.0, 4270.0], [111017.5, 590.0], [111040.0, 5140.0], [111042.5, 17100.0], [111045.0, 620.0], [111047.5, 2000.0]]}}}
{"jsonrpc": "2.0", "method": "subscription", "params": {"channel": "book.BTC-12SEP25.none.20.100ms", "data": {"timestamp": 1757154113107, "change_id": 116495184939, "instrument_name": "BTC-12SEP25", "bids": [[110852.5, 7000.0], [110850.0, 5000.0], [110837.5, 2000.0], [110830.0, 5500.0], [110827.5, 1960.0], [110817.5, 3900.0], [110815.0, 2720.0], [110812.5, 9160.0], [110810.0, 160.0], [110802.5, 600.0], [110800.0, 3240.0], [110797.5, 4180.0], [110790.0, 610.0], [110787.5, 1990.0], [110782.5, 20.0], [110780.0, 20.0], [110775.0, 590.0], [110770.0, 1970.0], [110767.5, 3780.0], [110765.0, 12610.0]], "asks": [[110855.0, 18920.0], [110857.5, 4500.0], [110860.0, 5200.0], [110862.5, 10500.0], [110865.0, 24250.0], [110867.5, 50000.0], [110870.0, 14680.0], [110872.5, 49190.0], [110875.0, 1250.0], [110880.0, 4770.0], [110885.0, 1950.0], [110895.0, 7690.0], [110897.5, 25640.0], [110900.0, 600.0], [110902.5, 2000.0], [110905.0, 1250.0], [110907.5, 4180.0], [110912.5, 4890.0], [110915.0, 18600.0], [110920.0, 600.0]]}}}
{"jsonrpc": "2.0", "method": "subscription", "params": {"channel": "book.BTC-19SEP25.none.20.100ms", "data": {"timestamp": 1757154113276, "change_id": 116495184994, "instrument_name": "BTC-19SEP25", "bids": [[110922.5, 5000.0], [110917.5, 20.0], [110915.0, 6330.0], [110912.5, 6380.0], [110905.0, 2800.0], [110902.5, 2520.0], [110900.0, 3790.0], [110897.5, 6300.0], [110885.0, 590.0], [110882.5, 1280.0], [110880.0, 4270.0], [110872.5, 600.0], [110867.5, 20.0], [110865.0, 2990.0], [110862.5, 6370.0], [110860.0, 3590.0], [110852.5, 1280.0], [110850.0, 4270.0], [110835.0, 620.0], [110832.5, 900.0]], "asks": [[110925.0, 6760.0], [110927.5, 3580.0], [110930.0, 5590.0], [110935.0, 1780.0], [110937.5, 1900.0], [110940.0, 6770.0], [110942.5, 1900.0], [110945.0, 5750.0], [110947.5, 750.0], [110955.0, 3510.0], [110957.5, 11210.0], [110960.0, 590.0], [110965.0, 10.0], [110967.5, 1280.0], [110970.0, 4270.0], [111017.5, 590.0], [111040.0, 5140.0], [111042.5, 17100.0], [111045.0, 620.0], [111047.5, 2000.0]]}}}
{"jsonrpc": "2.0", "method": "subscription", "params": {"channel": "book.BTC-12SEP25.none.20.100ms", "data": {"timestamp": 1757154113270, "change_id": 116495184991, "instrument_name": "BTC-12SEP25", "bids": [[110852.5, 7000.0], [110850.0, 5000.0], [110845.0, 4180.0], [110837.5, 2000.0], [110830.0, 5500.0], [110827.5, 1960.0], [110825.0, 4180.0], [110817.5, 3900.0], [110815.0, 2720.0], [110812.5, 9160.0], [110810.0, 160.0], [110802.5, 600.0], [110800.0, 3240.0], [110797.5, 4180.0], [110790.0, 610.0], [110787.5, 1990.0], [110782.5, 20.0], [110780.0, 20.0], [110775.0, 590.0], [110770.0, 1970.0]], "asks": [[110855.0, 18920.0], [110857.5, 4500.0], [110860.0, 5200.0], [110862.5, 10500.0], [110865.0, 24250.0], [110867.5, 50000.0], [110870.0, 14680.0], [110872.5, 49190.0], [110875.0, 1250.0], [110880.0, 4770.0], [110885.0, 1950.0], [110895.0, 7690.0], [110897.5, 25640.0], [110900.0, 600.0], [110902.5, 2000.0], [110905.0, 1250.0], [110907.5, 4180.0], [110912.5, 4890.0], [110915.0, 18600.0], [110920.0, 600.0]]}}}
{"jsonrpc": "2.0", "method": "subscription", "params": {"channel": "book.BTC-19SEP25.none.20.100ms", "data": {"timestamp": 1757154113710, "change_id": 116495185638, "instrument_name": "BTC-19SEP25", "bids": [[110922.5, 5000.0], [110915.0, 6350.0], [110912.5, 6380.0], [110905.0, 2800.0], [110902.5, 2520.0], [110900.0, 3790.0], [110897.5, 6300.0], [110892.5, 29700.0], [110885.0, 590.0], [110882.5, 1280.0], [110880.0, 4270.0], [110872.5, 600.0], [110867.5, 20.0], [110865.0, 2990.0], [110862.5, 6370.0], [110860.0, 3590.0], [110852.5, 1280.0], [110850.0, 4270.0], [110835.0, 620.0], [110832.5, 900.0]], "asks": [[110925.0, 6760.0], [110927.5, 3580.0], [110930.0, 5590.0], [110935.0, 1780.0], [110937.5, 1900.0], [110940.0, 6770.0], [110942.5, 1900.0], [110945.0, 5750.0], [110947.5, 750.0], [110955.0, 3510.0], [110957.5, 11210.0], [110960.0, 590.0], [110965.0, 10.0], [110967.5, 1280.0], [110970.0, 4270.0], [111017.5, 590.0], [111040.0, 5140.0], [111042.5, 17100.0], [111045.0, 620.0], [111047.5, 2000.0]]}}}
{"jsonrpc": "2.0", "method": "subscription", "params": {"channel": "book.BTC-19SEP25.none.20.100ms", "data": {"timestamp": 1757154114047, "change_id": 116495185872, "instrument_name": "BTC-19SEP25", "bids": [[110922.5, 5000.0], [110915.0, 6350.0], [110912.5, 6380.0], [110905.0, 2800.0], [110902.5, 2520.0], [110900.0, 3790.0], [110897.5, 6300.0], [110892.5, 29700.0], [110885.0, 590.0], [110882.5, 1280.0], [110880.0, 4270.0], [110872.5, 600.0], [110867.5, 20.0], [110865.0, 2990.0], [110862.5, 6370.0], [110860.0, 3590.0], [110852.5, 1280.0], [110850.0, 4270.0], [110835.0, 620.0], [110832.5, 900.0]], "asks": [[110925.0, 6760.0], [110927.5, 3580.0], [110930.0, 5590.0], [110935.0, 1780.0], [110937.5, 1900.0], [110940.0, 6770.0], [110942.5, 1900.0], [110945.0, 5750.0], [110947.5, 750.0], [110955.0, 3510.0], [110957.5, 11210.0], [110960.0, 590.0], [110965.0, 10.0], [110967.5, 1280.0], [110970.0, 4270.0], [111017.5, 590.0], [111040.0, 5140.0], [111042.5, 17100.0], [111045.0, 620.0], [111047.5, 2000.0]]}}}
{"jsonrpc": "2.0", "method": "subscription", "params": {"channel": "book.BTC-12SEP25.none.20.100ms", "data": {"timestamp": 1757154114045, "change_id": 116495185871, "instrument_name": "BTC-12SEP25", "bids": [[110852.5, 7000.0], [110850.0, 5000.0], [110845.0, 4180.0], [110837.5, 2000.0], [110830.0, 5500.0], [110827.5, 1960.0], [110825.0, 4180.0], [110817.5, 3900.0], [110815.0, 2720.0], [110812.5, 9160.0], [110810.0, 160.0], [110802.5, 600.0], [110800.0, 3240.0], [110797.5, 4180.0], [110790.0, 610.0], [110787.5, 1990.0], [110782.5, 20.0], [110780.0, 20.0], [110775.0, 590.0], [110770.0, 1970.0]], "asks": [[110855.0, 18920.0], [110857.5, 4500.0], [110860.0, 5200.0], [110862.5, 10500.0], [110865.0, 24250.0], [110867.5, 50000.0], [110870.0, 14680.0], [110872.5, 49190.0], [110875.0, 1250.0], [110880.0, 4770.0], [110885.0, 1950.0], [110895.0, 7690.0], [110897.5, 25640.0], [110900.0, 600.0], [110902.5, 2000.0], [110905.0, 1250.0], [110907.5, 4180.0], [110912.5, 4890.0], [110915.0, 18600.0], [110920.0, 600.0]]}}}
{"jsonrpc": "2.0", "method": "subscription", "params": {"channel": "book.BTC-19SEP25.none.20.100ms", "data": {"timestamp": 1757154114482, "change_id": 116495186098, "instrument_name": "BTC-19SEP25", "bids": [[110922.5, 5000.0], [110915.0, 2080.0], [110912.5, 6380.0], [110905.0, 2800.0], [110902.5, 2520.0], [110900.0, 3790.0], [110897.5, 6300.0], [110892.5, 29700.0], [110885.0, 590.0], [110882.5, 1280.0], [110880.0, 4270.0], [110872.5, 600.0], [110867.5, 20.0], [110865.0, 2990.0], [110862.5, 6370.0], [110860.0, 3590.0], [110852.5, 1280.0], [110850.0, 4270.0], [110835.0, 620.0], [110832.5, 900.0]], "asks": [[110925.0, 6760.0], [110927.5, 3580.0], [110930.0, 5590.0], [110935.0, 1780.0], [110937.5, 1900.0], [110940.0, 6770.0], [110942.5, 1900.0], [110945.0, 5750.0], [110947.5, 750.0], [110955.0, 3510.0], [110957.5, 11210.0], [110960.0, 590.0], [110965.0, 10.0], [110967.5, 1280.0], [110970.0, 4270.0], [111017.5, 590.0], [111040.0, 5140.0], [111042.5, 17100.0], [111045.0, 620.0], [111047.5, 2000.0]]}}}
{"jsonrpc": "2.0", "method": "subscription", "params": {"channel": "book.BTC-12SEP25.none.20.100ms", "data": {"timestamp": 1757154114480, "change_id": 116495186097, "instrument_name": "BTC-12SEP25", "bids": [[110852.5, 7000.0], [110850.0, 5000.0], [110837.5, 2000.0], [110830.0, 5500.0], [110827.5, 1960.0], [110825.0, 4180.0], [110817.5, 3900.0], [110815.0, 2720.0], [110812.5, 9160.0], [110810.0, 160.0], [110802.5, 600.0], [110800.0, 3240.0], [110797.5, 4180.0], [110790.0, 610.0], [110787.5, 1990.0], [110782.5, 20.0], [110780.0, 20.0], [110775.0, 590.0], [110770.0, 1970.0], [110767.5, 3780.0]], "asks": [[110855.0, 18920.0], [110857.5, 4500.0], [110860.0, 5200.0], [110862.5, 10500.0], [110865.0, 24250.0], [110867.5, 50000.0], [110870.0, 14680.0], [110872.5, 49190.0], [110875.0, 1250.0], [110880.0, 4770.0], [110885.0, 1950.0], [110895.0, 7690.0], [110897.5, 25640.0], [110900.0, 600.0], [110902.5, 2000.0], [110905.0, 1250.0], [110907.5, 4180.0], [110912.5, 4890.0], [110915.0, 18600.0], [110920.0, 600.0]]}}}
{"jsonrpc": "2.0", "method": "subscription", "params": {"channel": "book.BTC-12SEP25.none.20.100ms", "data": {"timestamp": 1757154114814, "change_id": 116495187157, "instrument_name": "BTC-12SEP25", "bids": [[110852.5, 2000.0], [110842.5, 5000.0], [110837.5, 2000.0], [110832.5, 5000.0], [110830.0, 5500.0], [110827.5, 1960.0], [110817.5, 3900.0], [110812.5, 1950.0], [110810.0, 2320.0], [110807.5, 7210.0], [110802.5, 600.0], [110800.0, 1990.0], [110790.0, 610.0], [110787.5, 1990.0], [110782.5, 20.0], [110780.0, 20.0], [110772.5, 590.0], [110770.0, 1970.0], [110765.0, 12610.0], [110762.5, 80.0]], "asks": [[110855.0, 15420.0], [110857.5, 6370.0], [110860.0, 5200.0], [110862.5, 10500.0], [110865.0, 15020.0], [110867.5, 50000.0], [110870.0, 14090.0], [110872.5, 49190.0], [110880.0, 590.0], [110885.0, 1950.0], [110895.0, 7690.0], [110897.5, 25640.0], [110902.5, 2000.0], [110915.0, 20600.0], [110925.0, 590.0], [110927.5, 1950.0], [110945.0, 2000.0], [110952.5, 6740.0], [110955.0, 15830.0], [110957.5, 20.0]]}}}
{"jsonrpc": "2.0", "method": "subscription", "params": {"channel": "book.BTC-19SEP25.none.20.100ms", "data": {"timestamp": 1757154114784, "change_id": 116495187154, "instrument_name": "BTC-19SEP25", "bids": [[110915.0, 5020.0], [110912.5, 6380.0], [110905.0, 1900.0], [110902.5, 2520.0], [110900.0, 2060.0], [110897.5, 6300.0], [110885.0, 590.0], [110872.5, 600.0], [110867.5, 20.0], [110865.0, 2090.0], [110862.5, 6370.0], [110860.0, 590.0], [110852.5, 1280.0], [110850.0, 4270.0], [110835.0, 1520.0], [110832.5, 3000.0], [110822.5, 600.0], [110810.0, 610.0], [110805.0, 900.0], [110802.5, 3000.0]], "asks": [[110920.0, 2510.0], [110922.5, 1900.0], [110925.0, 1900.0], [110927.5, 3580.0], [110930.0, 6340.0], [110932.5, 1900.0], [110935.0, 2310.0], [110940.0, 6120.0], [110945.0, 5230.0], [110947.5, 750.0], [110955.0, 3280.0], [110957.5, 11210.0], [110960.0, 590.0], [110965.0, 10.0], [110967.5, 1280.0], [110970.0, 4270.0], [111017.5, 590.0], [111040.0, 5140.0], [111042.5, 17100.0], [111045.0, 620.0]]}}}
{"jsonrpc": "2.0", "method": "subscription", "params": {"channel": "book.BTC-12SEP25.none.20.100ms", "data": {"timestamp": 1757154115042, "change_id": 116495187532, "instrument_name": "BTC-12SEP25", "bids": [[110852.5, 2000.0], [110842.5, 5000.0], [110840.0, 5000.0], [110837.5, 2000.0], [110830.0, 5500.0], [110827.5, 1960.0], [110817.5, 3900.0], [110812.5, 1950.0], [110810.0, 2320.0], [110807.5, 7210.0], [110802.5, 600.0], [110800.0, 3240.0], [110797.5, 4180.0], [110790.0, 610.0], [110787.5, 1990.0], [110782.5, 20.0], [110780.0, 20.0], [110772.5, 590.0], [110770.0, 6150.0], [110765.0, 12610.0]], "asks": [[110855.0, 19600.0], [110857.5, 6370.0], [110860.0, 5200.0], [110862.5, 10500.0], [110865.0, 15020.0], [110867.5, 50000.0], [110870.0, 14090.0], [110872.5, 49190.0], [110877.5, 1250.0], [110880.0, 4770.0], [110885.0, 1950.0], [110895.0, 7690.0], [110897.5, 25640.0], [110902.5, 2000.0], [110907.5, 4180.0], [110915.0, 20600.0], [110925.0, 590.0], [110927.5, 1950.0], [110945.0, 2000.0], [110952.5, 6740.0]]}}}
