{"jsonrpc": "2.0", "method": "subscription", "params": {"channel": "book.BTC-4APR25.none.20.100ms", "data": {"timestamp": 1743693960374, "change_id": 95439341494, "instrument_name": "BTC-4APR25", "bids": [[81682.5, 1110.0], [81680.0, 330.0], [81677.5, 1100.0], [81675.0, 1100.0], [81672.5, 4100.0], [81670.0, 11050.0], [81667.5, 3510.0], [81647.5, 2960.0], [81645.0, 9880.0], [81632.5, 5070.0], [81630.0, 10220.0], [81622.5, 3070.0], [81620.0, 10240.0], [81612.5, 3070.0], [81610.0, 10240.0], [81602.5, 3070.0], [81600.0, 10240.0], [81590.0, 3020.0], [81587.5, 10050.0], [81580.0, 3070.0]], "asks": [[81685.0, 40.0], [81697.5, 1020.0], [81700.0, 9710.0], [81702.5, 1220.0], [81705.0, 21020.0], [81715.0, 3000.0], [81717.5, 10000.0], [81720.0, 17950.0], [81722.5, 50000.0], [81725.0, 9820.0], [81737.5, 2990.0], [81740.0, 9950.0], [81742.5, 7560.0], [81745.0, 25210.0], [81747.5, 3040.0], [81750.0, 10140.0], [81760.0, 2990.0], [81762.5, 9950.0], [81767.5, 2230.0], [81770.0, 11070.0]]}}}
{"jsonrpc": "2.0", "method": "subscription", "params": {"channel": "book.BTC-4APR25.none.20.100ms", "data": {"timestamp": 1743693960851, "change_id": 95439342128, "instrument_name": "BTC-4APR25", "bids": [[81682.5, 1110.0], [81680.0, 330.0], [81675.0, 1100.0], [81672.5, 4100.0], [81670.0, 12150.0], [81667.5, 3510.0], [81647.5, 2960.0], [81645.0, 9880.0], [81632.5, 5070.0], [81630.0, 10220.0], [81622.5, 3070.0], [81620.0, 10240.0], [81612.5, 3070.0], [81610.0, 10240.0], [81602.5, 3070.0], [81600.0, 10240.0], [81590.0, 3020.0], [81587.5, 10050.0], [81580.0, 3070.0], [81577.5, 10240.0]], "asks": [[81685.0, 40.0], [81695.0, 8120.0], [81697.5, 20000.0], [81700.0, 3760.0], [81702.5, 120.0], [81715.0, 3000.0], [81717.5, 10000.0], [81725.0, 9820.0], [81727.5, 50000.0], [81737.5, 2990.0], [81740.0, 9950.0], [81742.5, 7560.0], [81745.0, 25210.0], [81747.5, 3040.0], [81750.0, 10140.0], [81760.0, 2990.0], [81762.5, 9950.0], [81767.5, 2230.0], [81770.0, 11070.0], [81772.5, 45240.0]]}}}
{"jsonrpc": "2.0", "method": "subscription", "params": {"channel": "book.BTC-11APR25.none.20.100ms", "data": {"timestamp": 1743693960846, "change_id": 95439342123, "instrument_name": "BTC-11APR25", "bids": [[81717.5, 2010.0], [81715.0, 2830.0], [81712.5, 9570.0], [81710.0, 720.0], [81707.5, 2000.0], [81705.0, 1130.0], [81702.5, 2000.0], [81700.0, 6990.0], [81697.5, 17570.0], [81695.0, 1020.0], [81692.5, 3390.0], [81690.0, 2210.0], [81687.5, 7360.0], [81680.0, 2250.0], [81677.5, 7490.0], [81675.0, 600.0], [81672.5, 2000.0], [81670.0, 2250.0], [81667.5, 7490.0], [81660.0, 2250.0]], "asks": [[81720.0, 10.0], [81722.5, 9400.0], [81725.0, 2000.0], [81727.5, 23390.0], [81730.0, 47090.0], [81732.5, 50000.0], [81735.0, 87040.0], [81737.5, 10120.0], [81740.0, 7580.0], [81747.5, 2230.0], [81750.0, 7440.0], [81755.0, 2210.0], [81760.0, 7360.0], [81767.5, 2220.0], [81770.0, 7390.0], [81777.5, 2270.0], [81780.0, 7580.0], [81787.5, 2270.0], [81790.0, 7570.0], [81802.5, 1690.0]]}}}
{"jsonrpc": "2.0", "method": "subscription", "params": {"channel": "book.BTC-11APR25.none.20.100ms", "data": {"timestamp": 1743693961195, "change_id": 95439342843, "instrument_name": "BTC-11APR25", "bids": [[81717.5, 2000.0], [81715.0, 2830.0], [81712.5, 9570.0], [81710.0, 720.0], [81707.5, 2000.0], [81705.0, 1130.0], [81702.5, 2000.0], [81700.0, 6990.0], [81697.5, 17570.0], [81695.0, 1020.0], [81692.5, 3390.0], [81690.0, 2210.0], [81687.5, 7360.0], [81680.0, 2250.0], [81677.5, 7490.0], [81675.0, 600.0], [81672.5, 2000.0], [81670.0, 2250.0], [81667.5, 7490.0], [81660.0, 2250.0]], "asks": [[81720.0, 10.0], [81722.5, 9400.0], [81725.0, 2000.0], [81727.5, 23390.0], [81730.0, 47090.0], [81732.5, 50000.0], [81735.0, 87040.0], [81737.5, 10120.0], [81740.0, 7580.0], [81747.5, 2230.0], [81750.0, 7440.0], [81755.0, 2210.0], [81760.0, 7360.0], [81767.5, 2220.0], [81770.0, 7390.0], [81777.5, 2270.0], [81780.0, 7580.0], [81787.5, 2270.0], [81790.0, 7570.0], [81802.5, 1690.0]]}}}
{"jsonrpc": "2.0", "method": "subscription", "params": {"channel": "book.BTC-11APR25.none.20.100ms", "data": {"timestamp": 1743693961503, "change_id": 95439343339, "instrument_name": "BTC-11APR25", "bids": [[81717.5, 2010.0], [81715.0, 2830.0], [81712.5, 9570.0], [81710.0, 720.0], [81707.5, 2000.0], [81705.0, 1130.0], [81702.5, 2000.0], [81700.0, 6990.0], [81697.5, 17570.0], [81695.0, 1020.0], [81692.5, 3390.0], [81690.0, 2210.0], [81687.5, 7360.0], [81680.0, 2250.0], [81677.5, 7490.0], [81675.0, 600.0], [81672.5, 2000.0], [81670.0, 2250.0], [81667.5, 7490.0], [81660.0, 2250.0]], "asks": [[81720.0, 10.0], [81722.5, 9400.0], [81727.5, 23390.0], [81730.0, 47090.0], [81732.5, 50000.0], [81735.0, 87040.0], [81737.5, 10120.0], [81740.0, 7580.0], [81747.5, 2230.0], [81750.0, 7440.0], [81755.0, 2210.0], [81760.0, 7360.0], [81767.5, 2220.0], [81770.0, 7390.0], [81777.5, 2270.0], [81780.0, 7580.0], [81787.5, 2270.0], [81790.0, 7570.0], [81802.5, 1690.0], [81805.0, 8410.0]]}}}
{"jsonrpc": "2.0", "method": "subscription", "params": {"channel": "book.BTC-4APR25.none.20.100ms", "data": {"timestamp": 1743693961503, "change_id": 95439343337, "instrument_name": "BTC-4APR25", "bids": [[81682.5, 11110.0], [81680.0, 330.0], [81675.0, 1100.0], [81672.5, 4100.0], [81670.0, 12150.0], [81667.5, 3510.0], [81647.5, 2960.0], [81645.0, 9880.0], [81632.5, 5070.0], [81630.0, 10220.0], [81622.5, 3070.0], [81620.0, 10240.0], [81612.5, 3070.0], [81610.0, 10240.0], [81602.5, 3070.0], [81600.0, 10240.0], [81590.0, 3020.0], [81587.5, 10050.0], [81580.0, 3070.0], [81577.5, 10240.0]], "asks": [[81685.0, 40.0], [81695.0, 1020.0], [81700.0, 9380.0], [81702.5, 20120.0], [81715.0, 3000.0], [81717.5, 10000.0], [81725.0, 9820.0], [81727.5, 50000.0], [81737.5, 2990.0], [81740.0, 9950.0], [81742.5, 7560.0], [81745.0, 25210.0], [81747.5, 3040.0], [81750.0, 10140.0], [81760.0, 2990.0], [81762.5, 9950.0], [81767.5, 2230.0], [81770.0, 11070.0], [81772.5, 45240.0], [81790.0, 3020.0]]}}}
{"jsonrpc": "2.0", "method": "subscription", "params": {"channel": "book.BTC-4APR25.none.20.100ms", "data": {"timestamp": 1743693961799, "change_id": 95439344476, "instrument_name": "BTC-4APR25", "bids": [[81697.5, 10.0], [81695.0, 660.0], [81692.5, 1100.0], [81690.0, 4760.0], [81687.5, 11100.0], [81685.0, 7430.0], [81682.5, 14490.0], [81680.0, 11310.0], [81675.0, 330.0], [81672.5, 1100.0], [81667.5, 120.0], [81665.0, 2960.0], [81662.5, 9880.0], [81647.5, 2960.0], [81645.0, 9880.0], [81632.5, 5070.0], [81630.0, 10220.0], [81622.5, 3070.0], [81620.0, 10240.0], [81612.5, 3070.0]], "asks": [[81702.5, 120.0], [81710.0, 6000.0], [81712.5, 20000.0], [81715.0, 1020.0], [81717.5, 3390.0], [81727.5, 3000.0], [81730.0, 10000.0], [81735.0, 17990.0], [81737.5, 50000.0], [81740.0, 9950.0], [81742.5, 7560.0], [81745.0, 25210.0], [81747.5, 3040.0], [81750.0, 10140.0], [81760.0, 2990.0], [81762.5, 9950.0], [81767.5, 2230.0], [81770.0, 21190.0], [81772.5, 45240.0], [81790.0, 3020.0]]}}}
{"jsonrpc": "2.0", "method": "subscription", "params": {"channel": "book.BTC-11APR25.none.20.100ms", "data": {"timestamp": 1743693961874, "change_id": 95439344512, "instrument_name": "BTC-11APR25", "bids": [[81727.5, 2010.0], [81725.0, 10170.0], [81722.5, 2000.0], [81720.0, 1130.0], [81717.5, 2000.0], [81715.0, 4830.0], [81712.5, 9570.0], [81710.0, 1660.0], [81707.5, 5390.0], [81700.0, 4990.0], [81697.5, 17570.0], [81690.0, 2210.0], [81687.5, 7360.0], [81680.0, 2250.0], [81677.5, 7490.0], [81675.0, 600.0], [81672.5, 2000.0], [81670.0, 2250.0], [81667.5, 7490.0], [81660.0, 2250.0]], "asks": [[81730.0, 20000.0], [81732.5, 74030.0], [81735.0, 81730.0], [81740.0, 7580.0], [81747.5, 4990.0], [81750.0, 17560.0], [81755.0, 2210.0], [81760.0, 7360.0], [81767.5, 2220.0], [81770.0, 7390.0], [81777.5, 2270.0], [81780.0, 7580.0], [81787.5, 2270.0], [81790.0, 7570.0], [81802.5, 1690.0], [81805.0, 8410.0], [81807.5, 7630.0], [81815.0, 20.0], [81825.0, 2260.0], [81827.5, 7540.0]]}}}
{"jsonrpc": "2.0", "method": "subscription", "params": {"channel": "book.BTC-4APR25.none.20.100ms", "data": {"timestamp": 1743693962185, "change_id": 95439345677, "instrument_name": "BTC-4APR25", "bids": [[81705.0, 10.0], [81700.0, 4100.0], [81697.5, 10000.0], [81695.0, 660.0], [81692.5, 1100.0], [81690.0, 4760.0], [81687.5, 11100.0], [81685.0, 5450.0], [81682.5, 4490.0], [81680.0, 12840.0], [81677.5, 120.0], [81675.0, 9880.0], [81665.0, 2960.0], [81662.5, 9880.0], [81647.5, 2960.0], [81645.0, 9880.0], [81632.5, 5070.0], [81630.0, 10220.0], [81622.5, 3070.0], [81620.0, 10240.0]], "asks": [[81710.0, 6000.0], [81712.5, 20000.0], [81715.0, 1140.0], [81717.5, 3390.0], [81727.5, 3000.0], [81730.0, 10000.0], [81735.0, 17990.0], [81737.5, 50000.0], [81742.5, 7560.0], [81745.0, 25210.0], [81747.5, 3040.0], [81750.0, 10140.0], [81760.0, 2990.0], [81762.5, 9950.0], [81767.5, 2230.0], [81770.0, 21190.0], [81772.5, 45240.0], [81790.0, 3020.0], [81792.5, 10080.0], [81800.0, 3020.0]]}}}
{"jsonrpc": "2.0", "method": "subscription", "params": {"channel": "book.BTC-11APR25.none.20.100ms", "data": {"timestamp": 1743693962187, "change_id": 95439345680, "instrument_name": "BTC-11APR25", "bids": [[81727.5, 9510.0], [81725.0, 10170.0], [81722.5, 2000.0], [81720.0, 1130.0], [81717.5, 2000.0], [81715.0, 4830.0], [81712.5, 9570.0], [81710.0, 1660.0], [81707.5, 5390.0], [81700.0, 4990.0], [81697.5, 17570.0], [81690.0, 2210.0], [81687.5, 7360.0], [81680.0, 2250.0], [81677.5, 7490.0], [81675.0, 600.0], [81672.5, 2000.0], [81670.0, 2250.0], [81667.5, 7490.0], [81660.0, 2250.0]], "asks": [[81730.0, 20000.0], [81742.5, 1020.0], [81745.0, 3390.0], [81747.5, 4990.0], [81750.0, 17560.0], [81755.0, 16930.0], [81757.5, 50000.0], [81760.0, 7360.0], [81767.5, 2220.0], [81770.0, 7390.0], [81777.5, 2270.0], [81780.0, 7580.0], [81787.5, 2270.0], [81790.0, 7570.0], [81802.5, 1690.0], [81805.0, 8410.0], [81807.5, 7630.0], [81815.0, 20.0], [81825.0, 2260.0], [81827.5, 7540.0]]}}}
{"jsonrpc": "2.0", "method": "subscription", "params": {"channel": "book.BTC-11APR25.none.20.100ms", "data": {"timestamp": 1743693962531, "change_id": 95439347573, "instrument_name": "BTC-11APR25", "bids": [[81747.5, 7510.0], [81745.0, 7570.0], [81742.5, 7500.0], [81740.0, 2270.0], [81735.0, 7570.0], [81727.5, 2000.0], [81725.0, 9570.0], [81722.5, 2120.0], [81717.5, 2000.0], [81715.0, 2000.0], [81712.5, 9570.0], [81707.5, 12000.0], [81700.0, 2270.0], [81697.5, 7570.0], [81690.0, 2210.0], [81687.5, 7360.0], [81680.0, 2250.0], [81677.5, 7490.0], [81675.0, 600.0], [81670.0, 2250.0]], "asks": [[81750.0, 30.0], [81755.0, 20000.0], [81762.5, 10120.0], [81767.5, 52220.0], [81770.0, 7390.0], [81777.5, 2270.0], [81780.0, 7580.0], [81787.5, 2270.0], [81790.0, 7570.0], [81805.0, 2290.0], [81807.5, 7630.0], [81815.0, 20.0], [81827.5, 7540.0], [81832.5, 5670.0], [81835.0, 21170.0], [81837.5, 7570.0], [81840.0, 6120.0], [81847.5, 7350.0], [81852.5, 3290.0], [81857.5, 7400.0]]}}}
{"jsonrpc": "2.0", "method": "subscription", "params": {"channel": "book.BTC-4APR25.none.20.100ms", "data": {"timestamp": 1743693962427, "change_id": 95439347523, "instrument_name": "BTC-4APR25", "bids": [[81712.5, 10.0], [81705.0, 10000.0], [81700.0, 1100.0], [81697.5, 10000.0], [81692.5, 10980.0], [81690.0, 11100.0], [81687.5, 1220.0], [81685.0, 1100.0], [81682.5, 1100.0], [81675.0, 9880.0], [81662.5, 9880.0], [81645.0, 9880.0], [81630.0, 10220.0], [81620.0, 10240.0], [81617.5, 40.0], [81610.0, 10240.0], [81600.0, 10240.0], [81587.5, 10050.0], [81577.5, 10240.0], [81567.5, 10050.0]], "asks": [[81727.5, 120.0], [81742.5, 30000.0], [81750.0, 40.0], [81762.5, 9950.0], [81770.0, 58000.0], [81772.5, 45240.0], [81790.0, 25210.0], [81792.5, 10080.0], [81802.5, 10050.0], [81812.5, 10030.0], [81815.0, 40.0], [81822.5, 10030.0], [81832.5, 10220.0], [81837.5, 13180.0], [81840.0, 8000.0], [81842.5, 10220.0], [81857.5, 105000.0], [81870.0, 9840.0], [81875.0, 450.0], [81877.5, 28290.0]]}}}
{"jsonrpc": "2.0", "method": "subscription", "params": {"channel": "book.BTC-4APR25.none.20.100ms", "data": {"timestamp": 1743693962868, "change_id": 95439348970, "instrument_name": "BTC-4APR25", "bids": [[81720.0, 10.0], [81717.5, 3000.0], [81715.0, 10000.0], [81710.0, 3390.0], [81705.0, 20000.0], [81700.0, 120.0], [81692.5, 9880.0], [81690.0, 1100.0], [81675.0, 9880.0], [81662.5, 9880.0], [81652.5, 2000.0], [81645.0, 9880.0], [81630.0, 10220.0], [81620.0, 10240.0], [81617.5, 40.0], [81610.0, 10240.0], [81600.0, 10240.0], [81587.5, 10050.0], [81577.5, 10240.0], [81567.5, 10050.0]], "asks": [[81737.5, 330.0], [81740.0, 1100.0], [81742.5, 3390.0], [81750.0, 40.0], [81757.5, 10000.0], [81762.5, 9950.0], [81770.0, 58000.0], [81772.5, 10240.0], [81790.0, 25210.0], [81792.5, 30080.0], [81802.5, 10050.0], [81812.5, 10030.0], [81815.0, 40.0], [81822.5, 10030.0], [81832.5, 10220.0], [81837.5, 13180.0], [81840.0, 8000.0], [81842.5, 10220.0], [81857.5, 105000.0], [81870.0, 9840.0]]}}}
{"jsonrpc": "2.0", "method": "subscription", "params": {"channel": "book.BTC-11APR25.none.20.100ms", "data": {"timestamp": 1743693962790, "change_id": 95439348973, "instrument_name": "BTC-11APR25", "bids": [[81747.5, 9510.0], [81745.0, 11820.0], [81742.5, 7500.0], [81735.0, 10960.0], [81727.5, 2000.0], [81725.0, 19570.0], [81722.5, 120.0], [81717.5, 2000.0], [81715.0, 2000.0], [81712.5, 7570.0], [81707.5, 81700.0], [81697.5, 7570.0], [81692.5, 2000.0], [81687.5, 7360.0], [81677.5, 7490.0], [81667.5, 7490.0], [81657.5, 7490.0], [81635.0, 7390.0], [81625.0, 7490.0], [81617.5, 20.0]], "asks": [[81750.0, 20.0], [81767.5, 2000.0], [81770.0, 10780.0], [81777.5, 10000.0], [81780.0, 7580.0], [81790.0, 7570.0], [81807.5, 57630.0], [81810.0, 20000.0], [81815.0, 20.0], [81827.5, 7540.0], [81837.5, 7570.0], [81840.0, 6120.0], [81847.5, 7350.0], [81852.5, 3290.0], [81857.5, 7400.0], [81860.0, 13180.0], [81872.5, 7440.0], [81875.0, 18900.0], [81880.0, 20.0], [81882.5, 7390.0]]}}}
{"jsonrpc": "2.0", "method": "subscription", "params": {"channel": "book.BTC-11APR25.none.20.100ms", "data": {"timestamp": 1743693962988, "change_id": 95439350608, "instrument_name": "BTC-11APR25", "bids": [[81747.5, 9510.0], [81745.0, 11820.0], [81742.5, 7500.0], [81737.5, 3290.0], [81735.0, 11080.0], [81727.5, 7870.0], [81725.0, 19570.0], [81720.0, 1200.0], [81717.5, 2000.0], [81715.0, 4270.0], [81712.5, 7570.0], [81700.0, 2270.0], [81697.5, 7570.0], [81695.0, 600.0], [81692.5, 2000.0], [81690.0, 2210.0], [81687.5, 7360.0], [81680.0, 2250.0], [81677.5, 7490.0], [81670.0, 2250.0]], "asks": [[81750.0, 20.0], [81765.0, 20000.0], [81767.5, 63150.0], [81770.0, 58410.0], [81772.5, 3390.0], [81775.0, 5270.0], [81777.5, 10000.0], [81780.0, 7580.0], [81790.0, 7570.0], [81807.5, 7630.0], [81815.0, 20.0], [81827.5, 7540.0], [81837.5, 7570.0], [81840.0, 6120.0], [81847.5, 7350.0], [81852.5, 3290.0], [81857.5, 7400.0], [81860.0, 13180.0], [81872.5, 7440.0], [81875.0, 18900.0]]}}}
{"jsonrpc": "2.0", "method": "subscription", "params": {"channel": "book.BTC-4APR25.none.20.100ms", "data": {"timestamp": 1743693963171, "change_id": 95439350620, "instrument_name": "BTC-4APR25", "bids": [[81735.0, 10.0], [81732.5, 330.0], [81730.0, 1660.0], [81727.5, 1100.0], [81725.0, 6540.0], [81722.5, 11100.0], [81720.0, 10000.0], [81712.5, 1020.0], [81710.0, 3390.0], [81707.5, 3000.0], [81705.0, 10000.0], [81700.0, 120.0], [81695.0, 2960.0], [81692.5, 9880.0], [81677.5, 2960.0], [81675.0, 9880.0], [81665.0, 2960.0], [81662.5, 9880.0], [81655.0, 600.0], [81652.5, 2000.0]], "asks": [[81737.5, 10.0], [81740.0, 1100.0], [81742.5, 9510.0], [81745.0, 38950.0], [81747.5, 63140.0], [81750.0, 40.0], [81755.0, 50000.0], [81757.5, 10000.0], [81770.0, 8000.0], [81772.5, 10240.0], [81782.5, 9880.0], [81790.0, 25210.0], [81792.5, 10080.0], [81802.5, 10050.0], [81812.5, 10030.0], [81815.0, 40.0], [81822.5, 10030.0], [81832.5, 10220.0], [81837.5, 13180.0], [81840.0, 8000.0]]}}}
{"jsonrpc": "2.0", "method": "subscription", "params": {"channel": "book.BTC-4APR25.none.20.100ms", "data": {"timestamp": 1743693963519, "change_id": 95439352174, "instrument_name": "BTC-4APR25", "bids": [[81735.0, 10.0], [81732.5, 11100.0], [81730.0, 11100.0], [81727.5, 1100.0], [81725.0, 1100.0], [81717.5, 3390.0], [81705.0, 10000.0], [81702.5, 9880.0], [81700.0, 120.0], [81692.5, 9880.0], [81675.0, 9880.0], [81662.5, 9880.0], [81652.5, 2000.0], [81645.0, 9880.0], [81630.0, 10220.0], [81620.0, 10240.0], [81617.5, 40.0], [81610.0, 10240.0], [81600.0, 10240.0], [81587.5, 10050.0]], "asks": [[81742.5, 120.0], [81750.0, 3430.0], [81755.0, 20000.0], [81757.5, 10000.0], [81770.0, 8000.0], [81780.0, 50000.0], [81782.5, 9880.0], [81790.0, 25210.0], [81792.5, 10080.0], [81802.5, 10050.0], [81812.5, 10030.0], [81815.0, 40.0], [81822.5, 10030.0], [81832.5, 10220.0], [81837.5, 13180.0], [81840.0, 8000.0], [81842.5, 10220.0], [81857.5, 105000.0], [81870.0, 9840.0], [81877.5, 28290.0]]}}}
{"jsonrpc": "2.0", "method": "subscription", "params": {"channel": "book.BTC-11APR25.none.20.100ms", "data": {"timestamp": 1743693963276, "change_id": 95439352210, "instrument_name": "BTC-11APR25", "bids": [[81747.5, 9510.0], [81745.0, 9570.0], [81742.5, 10890.0], [81735.0, 7690.0], [81727.5, 2000.0], [81725.0, 19570.0], [81717.5, 2000.0], [81715.0, 2000.0], [81712.5, 7570.0], [81697.5, 7570.0], [81692.5, 2000.0], [81687.5, 7360.0], [81677.5, 7490.0], [81667.5, 7490.0], [81657.5, 7490.0], [81635.0, 7390.0], [81625.0, 7490.0], [81617.5, 20.0], [81615.0, 7490.0], [81597.5, 6160.0]], "asks": [[81750.0, 20.0], [81775.0, 20000.0], [81777.5, 10120.0], [81780.0, 7580.0], [81790.0, 7570.0], [81805.0, 50000.0], [81807.5, 7630.0], [81815.0, 20.0], [81827.5, 7540.0], [81837.5, 7570.0], [81840.0, 6120.0], [81847.5, 7350.0], [81852.5, 3290.0], [81857.5, 7400.0], [81860.0, 13180.0], [81872.5, 7440.0], [81875.0, 18900.0], [81880.0, 20.0], [81882.5, 7390.0], [81892.5, 7670.0]]}}}
{"jsonrpc": "2.0", "method": "subscription", "params": {"channel": "book.BTC-4APR25.none.20.100ms", "data": {"timestamp": 1743693963858, "change_id": 95439353910, "instrument_name": "BTC-4APR25", "bids": [[81740.0, 10.0], [81737.5, 3000.0], [81735.0, 3660.0], [81732.5, 11100.0], [81730.0, 1100.0], [81727.5, 1100.0], [81725.0, 3390.0], [81720.0, 120.0], [81715.0, 10000.0], [81705.0, 2960.0], [81702.5, 9880.0], [81692.5, 9880.0], [81675.0, 11880.0], [81665.0, 2960.0], [81662.5, 9880.0], [81647.5, 2960.0], [81645.0, 9880.0], [81630.0, 10220.0], [81620.0, 10240.0], [81617.5, 40.0]], "asks": [[81750.0, 40.0], [81757.5, 330.0], [81760.0, 1100.0], [81767.5, 20000.0], [81770.0, 8000.0], [81782.5, 9880.0], [81787.5, 50000.0], [81790.0, 25210.0], [81792.5, 10080.0], [81802.5, 10050.0], [81812.5, 10030.0], [81815.0, 40.0], [81822.5, 10030.0], [81832.5, 10220.0], [81837.5, 13180.0], [81840.0, 8000.0], [81842.5, 10220.0], [81870.0, 9840.0], [81877.5, 28290.0], [81880.0, 17880.0]]}}}
{"jsonrpc": "2.0", "method": "subscription", "params": {"channel": "book.BTC-11APR25.none.20.100ms", "data": {"timestamp": 1743693963824, "change_id": 95439353840, "instrument_name": "BTC-11APR25", "bids": [[81747.5, 12010.0], [81745.0, 13560.0], [81742.5, 10890.0], [81740.0, 16270.0], [81737.5, 30000.0], [81735.0, 42090.0], [81732.5, 81730.0], [81730.0, 2870.0], [81727.5, 2000.0], [81725.0, 7570.0], [81717.5, 600.0], [81715.0, 4870.0], [81712.5, 9570.0], [81700.0, 2270.0], [81697.5, 7570.0], [81690.0, 2210.0], [81687.5, 7360.0], [81680.0, 2250.0], [81677.5, 7490.0], [81670.0, 2250.0]], "asks": [[81750.0, 20.0], [81780.0, 7580.0], [81787.5, 20000.0], [81790.0, 7570.0], [81802.5, 10000.0], [81805.0, 52290.0], [81807.5, 7630.0], [81815.0, 20.0], [81827.5, 7540.0], [81835.0, 4110.0], [81837.5, 7570.0], [81840.0, 6120.0], [81847.5, 7350.0], [81852.5, 3290.0], [81857.5, 7400.0], [81860.0, 13180.0], [81872.5, 7440.0], [81875.0, 18900.0], [81880.0, 20.0], [81882.5, 7390.0]]}}}
{"jsonrpc": "2.0", "method": "subscription", "params": {"channel": "book.BTC-4APR25.none.20.100ms", "data": {"timestamp": 1743693964166, "change_id": 95439355530, "instrument_name": "BTC-4APR25", "bids": [[81747.5, 10.0], [81745.0, 330.0], [81742.5, 1100.0], [81740.0, 5240.0], [81737.5, 11100.0], [81735.0, 10000.0], [81727.5, 1100.0], [81725.0, 13390.0], [81720.0, 120.0], [81692.5, 9880.0], [81675.0, 11880.0], [81662.5, 9880.0], [81645.0, 9880.0], [81630.0, 10220.0], [81620.0, 10240.0], [81617.5, 40.0], [81610.0, 10240.0], [81600.0, 10240.0], [81587.5, 10050.0], [81577.5, 10240.0]], "asks": [[81750.0, 40.0], [81760.0, 4490.0], [81765.0, 120.0], [81767.5, 20000.0], [81770.0, 8000.0], [81782.5, 9880.0], [81787.5, 60000.0], [81790.0, 25210.0], [81802.5, 10050.0], [81812.5, 10030.0], [81815.0, 40.0], [81822.5, 10030.0], [81832.5, 10220.0], [81837.5, 13180.0], [81840.0, 8000.0], [81842.5, 10220.0], [81870.0, 9840.0], [81877.5, 28290.0], [81880.0, 17880.0], [81890.0, 10210.0]]}}}
{"jsonrpc": "2.0", "method": "subscription", "params": {"channel": "book.BTC-11APR25.none.20.100ms", "data": {"timestamp": 1743693964182, "change_id": 95439355564, "instrument_name": "BTC-11APR25", "bids": [[81770.0, 10.0], [81765.0, 7570.0], [81760.0, 9500.0], [81757.5, 2000.0], [81755.0, 12960.0], [81750.0, 2000.0], [81747.5, 2000.0], [81745.0, 19690.0], [81740.0, 2000.0], [81735.0, 7570.0], [81732.5, 81730.0], [81725.0, 7570.0], [81712.5, 9570.0], [81697.5, 7570.0], [81687.5, 7360.0], [81677.5, 7490.0], [81667.5, 7490.0], [81657.5, 7490.0], [81635.0, 7390.0], [81625.0, 7490.0]], "asks": [[81780.0, 7570.0], [81785.0, 3390.0], [81787.5, 20000.0], [81790.0, 7570.0], [81800.0, 120.0], [81802.5, 10000.0], [81805.0, 50000.0], [81807.5, 7630.0], [81815.0, 20.0], [81827.5, 7540.0], [81837.5, 7570.0], [81840.0, 6120.0], [81847.5, 7350.0], [81852.5, 3290.0], [81857.5, 7400.0], [81860.0, 13180.0], [81872.5, 7440.0], [81875.0, 18900.0], [81880.0, 20.0], [81882.5, 7570.0]]}}}
{"jsonrpc": "2.0", "method": "subscription", "params": {"channel": "book.BTC-4APR25.none.20.100ms", "data": {"timestamp": 1743693964518, "change_id": 95439357036, "instrument_name": "BTC-4APR25", "bids": [[81742.5, 1100.0], [81740.0, 6330.0], [81737.5, 11100.0], [81735.0, 10000.0], [81727.5, 1100.0], [81725.0, 13390.0], [81720.0, 120.0], [81707.5, 9880.0], [81695.0, 2960.0], [81692.5, 9880.0], [81677.5, 3560.0], [81675.0, 11880.0], [81665.0, 2960.0], [81662.5, 9880.0], [81645.0, 9880.0], [81632.5, 3070.0], [81630.0, 10220.0], [81622.5, 3070.0], [81620.0, 10240.0], [81617.5, 40.0]], "asks": [[81745.0, 10.0], [81750.0, 40.0], [81757.5, 1350.0], [81760.0, 4490.0], [81765.0, 8520.0], [81767.5, 20000.0], [81770.0, 8000.0], [81777.5, 15000.0], [81780.0, 52960.0], [81782.5, 9880.0], [81785.0, 10560.0], [81787.5, 10000.0], [81790.0, 25210.0], [81802.5, 10050.0], [81812.5, 10030.0], [81815.0, 40.0], [81822.5, 10030.0], [81832.5, 10220.0], [81837.5, 13180.0], [81840.0, 8000.0]]}}}
{"jsonrpc": "2.0", "method": "subscription", "params": {"channel": "book.BTC-11APR25.none.20.100ms", "data": {"timestamp": 1743693964221, "change_id": 95439356547, "instrument_name": "BTC-11APR25", "bids": [[81770.0, 10.0], [81767.5, 2270.0], [81765.0, 7570.0], [81762.5, 2890.0], [81760.0, 9620.0], [81757.5, 5890.0], [81755.0, 12960.0], [81752.5, 600.0], [81750.0, 2000.0], [81747.5, 2000.0], [81745.0, 19570.0], [81740.0, 2000.0], [81735.0, 32090.0], [81732.5, 81730.0], [81725.0, 7570.0], [81712.5, 9570.0], [81697.5, 7570.0], [81687.5, 7360.0], [81685.0, 20.0], [81677.5, 7490.0]], "asks": [[81775.0, 10.0], [81777.5, 2270.0], [81780.0, 7570.0], [81782.5, 1020.0], [81785.0, 3390.0], [81787.5, 20000.0], [81790.0, 7570.0], [81800.0, 50120.0], [81802.5, 10000.0], [81807.5, 7630.0], [81815.0, 20.0], [81827.5, 7540.0], [81837.5, 7570.0], [81840.0, 6120.0], [81847.5, 7350.0], [81852.5, 3290.0], [81857.5, 7400.0], [81860.0, 13180.0], [81872.5, 7440.0], [81875.0, 18900.0]]}}}
{"jsonrpc": "2.0", "method": "subscription", "params": {"channel": "book.BTC-4APR25.none.20.100ms", "data": {"timestamp": 1743693964846, "change_id": 95439358193, "instrument_name": "BTC-4APR25", "bids": [[81747.5, 1110.0], [81745.0, 1430.0], [81742.5, 1100.0], [81740.0, 7430.0], [81737.5, 11100.0], [81735.0, 11050.0], [81732.5, 3390.0], [81730.0, 120.0], [81727.5, 4100.0], [81725.0, 10000.0], [81720.0, 2960.0], [81717.5, 9880.0], [81710.0, 2960.0], [81707.5, 9880.0], [81695.0, 2960.0], [81692.5, 9880.0], [81677.5, 3560.0], [81675.0, 11880.0], [81665.0, 2960.0], [81662.5, 9880.0]], "asks": [[81750.0, 50.0], [81757.5, 1350.0], [81760.0, 3390.0], [81765.0, 8520.0], [81767.5, 20000.0], [81770.0, 8000.0], [81777.5, 25000.0], [81780.0, 52960.0], [81782.5, 9880.0], [81785.0, 7560.0], [81790.0, 28170.0], [81792.5, 9880.0], [81800.0, 3020.0], [81802.5, 10050.0], [81810.0, 3020.0], [81812.5, 10030.0], [81815.0, 40.0], [81820.0, 3010.0], [81822.5, 10030.0], [81830.0, 3070.0]]}}}
{"jsonrpc": "2.0", "method": "subscription", "params": {"channel": "book.BTC-11APR25.none.20.100ms", "data": {"timestamp": 1743693964846, "change_id": 95439358191, "instrument_name": "BTC-11APR25", "bids": [[81770.0, 10.0], [81767.5, 2270.0], [81765.0, 7570.0], [81762.5, 2890.0], [81760.0, 9620.0], [81757.5, 5890.0], [81755.0, 12960.0], [81747.5, 7870.0], [81745.0, 17570.0], [81737.5, 2270.0], [81735.0, 7570.0], [81727.5, 2270.0], [81725.0, 7570.0], [81715.0, 2870.0], [81712.5, 9570.0], [81700.0, 2270.0], [81697.5, 7570.0], [81690.0, 2210.0], [81687.5, 7360.0], [81685.0, 20.0]], "asks": [[81772.5, 10.0], [81777.5, 2270.0], [81780.0, 9820.0], [81782.5, 7500.0], [81785.0, 8270.0], [81787.5, 20000.0], [81790.0, 7570.0], [81792.5, 18390.0], [81795.0, 74570.0], [81797.5, 81790.0], [81800.0, 3120.0], [81802.5, 10000.0], [81805.0, 2290.0], [81807.5, 7630.0], [81815.0, 20.0], [81825.0, 2260.0], [81827.5, 7540.0], [81835.0, 4110.0], [81837.5, 7570.0], [81840.0, 6120.0]]}}}
{"jsonrpc": "2.0", "method": "subscription", "params": {"channel": "book.BTC-4APR25.none.20.100ms", "data": {"timestamp": 1743693965147, "change_id": 95439359061, "instrument_name": "BTC-4APR25", "bids": [[81742.5, 1100.0], [81740.0, 1100.0], [81737.5, 1100.0], [81735.0, 10000.0], [81730.0, 120.0], [81727.5, 4100.0], [81725.0, 13390.0], [81710.0, 2960.0], [81707.5, 9880.0], [81695.0, 2960.0], [81692.5, 9880.0], [81677.5, 3560.0], [81675.0, 11880.0], [81665.0, 2960.0], [81662.5, 9880.0], [81657.5, 7910.0], [81655.0, 26370.0], [81647.5, 2960.0], [81645.0, 9880.0], [81632.5, 3070.0]], "asks": [[81745.0, 1110.0], [81747.5, 1100.0], [81750.0, 40.0], [81757.5, 1350.0], [81760.0, 3390.0], [81765.0, 8520.0], [81767.5, 20000.0], [81770.0, 23000.0], [81772.5, 50000.0], [81775.0, 3000.0], [81777.5, 10000.0], [81780.0, 2960.0], [81782.5, 9880.0], [81785.0, 7560.0], [81790.0, 28170.0], [81792.5, 9880.0], [81800.0, 3020.0], [81802.5, 10050.0], [81810.0, 3020.0], [81812.5, 10030.0]]}}}
{"jsonrpc": "2.0", "method": "subscription", "params": {"channel": "book.BTC-11APR25.none.20.100ms", "data": {"timestamp": 1743693965165, "change_id": 95439359172, "instrument_name": "BTC-11APR25", "bids": [[81765.0, 9680.0], [81762.5, 640.0], [81760.0, 2120.0], [81757.5, 4270.0], [81755.0, 7570.0], [81747.5, 11260.0], [81745.0, 17570.0], [81737.5, 2270.0], [81735.0, 7570.0], [81727.5, 2270.0], [81725.0, 7570.0], [81715.0, 2870.0], [81712.5, 9570.0], [81700.0, 2270.0], [81697.5, 7570.0], [81690.0, 2210.0], [81687.5, 7360.0], [81685.0, 20.0], [81682.5, 7910.0], [81680.0, 28620.0]], "asks": [[81772.5, 10.0], [81777.5, 2270.0], [81780.0, 16560.0], [81782.5, 27500.0], [81785.0, 3390.0], [81787.5, 2270.0], [81790.0, 7570.0], [81792.5, 15000.0], [81795.0, 74570.0], [81797.5, 81790.0], [81800.0, 3120.0], [81802.5, 10000.0], [81805.0, 2290.0], [81807.5, 7630.0], [81815.0, 20.0], [81825.0, 2260.0], [81827.5, 7540.0], [81835.0, 4110.0], [81837.5, 7570.0], [81840.0, 6120.0]]}}}
{"jsonrpc": "2.0", "method": "subscription", "params": {"channel": "book.BTC-11APR25.none.20.100ms", "data": {"timestamp": 1743693965185, "change_id": 95439359222, "instrument_name": "BTC-11APR25", "bids": [[81765.0, 9680.0], [81762.5, 640.0], [81760.0, 2120.0], [81757.5, 4270.0], [81755.0, 7570.0], [81747.5, 11260.0], [81745.0, 17570.0], [81737.5, 2270.0], [81735.0, 7570.0], [81727.5, 2270.0], [81725.0, 7570.0], [81715.0, 2870.0], [81712.5, 9570.0], [81700.0, 2270.0], [81697.5, 7570.0], [81690.0, 2210.0], [81687.5, 7360.0], [81685.0, 20.0], [81682.5, 7910.0], [81680.0, 28620.0]], "asks": [[81772.5, 10.0], [81777.5, 2270.0], [81780.0, 16560.0], [81782.5, 27500.0], [81785.0, 3390.0], [81787.5, 2270.0], [81790.0, 7570.0], [81792.5, 15000.0], [81795.0, 74570.0], [81797.5, 81790.0], [81800.0, 3120.0], [81802.5, 10000.0], [81805.0, 2290.0], [81807.5, 7630.0], [81815.0, 20.0], [81825.0, 2260.0], [81827.5, 7540.0], [81835.0, 4110.0], [81837.5, 7570.0], [81840.0, 6120.0]]}}}
{"jsonrpc": "2.0", "method": "subscription", "params": {"channel": "book.BTC-4APR25.none.20.100ms", "data": {"timestamp": 1743693965500, "change_id": 95439359991, "instrument_name": "BTC-4APR25", "bids": [[81742.5, 1110.0], [81740.0, 1100.0], [81737.5, 4100.0], [81735.0, 10000.0], [81730.0, 120.0], [81727.5, 4100.0], [81725.0, 13390.0], [81710.0, 2960.0], [81707.5, 9880.0], [81695.0, 2960.0], [81692.5, 9880.0], [81677.5, 3560.0], [81675.0, 11880.0], [81665.0, 2960.0], [81662.5, 9880.0], [81657.5, 7910.0], [81655.0, 26370.0], [81647.5, 2960.0], [81645.0, 9880.0], [81632.5, 3070.0]], "asks": [[81745.0, 10.0], [81747.5, 1100.0], [81750.0, 40.0], [81757.5, 1350.0], [81760.0, 3390.0], [81765.0, 8520.0], [81767.5, 20000.0], [81770.0, 23000.0], [81772.5, 50000.0], [81775.0, 3000.0], [81777.5, 10000.0], [81780.0, 2960.0], [81782.5, 9880.0], [81785.0, 7560.0], [81790.0, 28170.0], [81792.5, 9880.0], [81800.0, 3020.0], [81802.5, 10050.0], [81810.0, 3020.0], [81812.5, 10030.0]]}}}
{"jsonrpc": "2.0", "method": "subscription", "params": {"channel": "book.BTC-4APR25.none.20.100ms", "data": {"timestamp": 1743693965814, "change_id": 95439360535, "instrument_name": "BTC-4APR25", "bids": [[81742.5, 1110.0], [81740.0, 1100.0], [81737.5, 4100.0], [81735.0, 10000.0], [81732.5, 370.0], [81730.0, 1220.0], [81727.5, 4100.0], [81725.0, 13390.0], [81710.0, 2960.0], [81707.5, 9880.0], [81695.0, 2960.0], [81692.5, 9880.0], [81677.5, 3560.0], [81675.0, 11880.0], [81665.0, 2960.0], [81662.5, 9880.0], [81657.5, 7910.0], [81655.0, 26370.0], [81647.5, 2960.0], [81645.0, 9880.0]], "asks": [[81745.0, 10.0], [81750.0, 40.0], [81752.5, 330.0], [81755.0, 1100.0], [81757.5, 1350.0], [81760.0, 9430.0], [81762.5, 20000.0], [81765.0, 22470.0], [81767.5, 50000.0], [81770.0, 8000.0], [81775.0, 3000.0], [81777.5, 10000.0], [81780.0, 2960.0], [81782.5, 9880.0], [81785.0, 7560.0], [81790.0, 28170.0], [81792.5, 9880.0], [81800.0, 3020.0], [81802.5, 10050.0], [81810.0, 3020.0]]}}}
{"jsonrpc": "2.0", "method": "subscription", "params": {"channel": "book.BTC-11APR25.none.20.100ms", "data": {"timestamp": 1743693965722, "change_id": 95439360332, "instrument_name": "BTC-11APR25", "bids": [[81767.5, 2600.0], [81765.0, 2000.0], [81762.5, 640.0], [81760.0, 2120.0], [81757.5, 4270.0], [81755.0, 7570.0], [81747.5, 11260.0], [81745.0, 17570.0], [81737.5, 2270.0], [81735.0, 7570.0], [81727.5, 2270.0], [81725.0, 7570.0], [81715.0, 2870.0], [81712.5, 9570.0], [81700.0, 2270.0], [81697.5, 7570.0], [81690.0, 2210.0], [81687.5, 7360.0], [81685.0, 20.0], [81682.5, 7910.0]], "asks": [[81772.5, 10.0], [81777.5, 2270.0], [81780.0, 16560.0], [81782.5, 27500.0], [81785.0, 3390.0], [81787.5, 2270.0], [81790.0, 7570.0], [81792.5, 15000.0], [81795.0, 74570.0], [81797.5, 81790.0], [81800.0, 3120.0], [81802.5, 10000.0], [81805.0, 2290.0], [81807.5, 7630.0], [81815.0, 20.0], [81825.0, 2260.0], [81827.5, 7540.0], [81835.0, 4110.0], [81837.5, 7570.0], [81840.0, 6120.0]]}}}
{"jsonrpc": "2.0", "method": "subscription", "params": {"channel": "book.BTC-11APR25.none.20.100ms", "data": {"timestamp": 1743693966138, "change_id": 95439361691, "instrument_name": "BTC-11APR25", "bids": [[81772.5, 2000.0], [81770.0, 5510.0], [81767.5, 9680.0], [81765.0, 2000.0], [81762.5, 640.0], [81760.0, 2120.0], [81757.5, 4270.0], [81755.0, 7570.0], [81747.5, 11260.0], [81745.0, 17570.0], [81737.5, 2270.0], [81735.0, 7570.0], [81727.5, 2270.0], [81725.0, 7570.0], [81715.0, 2870.0], [81712.5, 9570.0], [81700.0, 2270.0], [81697.5, 7570.0], [81690.0, 2210.0], [81687.5, 7360.0]], "asks": [[81775.0, 7690.0], [81780.0, 9270.0], [81782.5, 20000.0], [81785.0, 3390.0], [81787.5, 2270.0], [81790.0, 7570.0], [81797.5, 15040.0], [81800.0, 53120.0], [81802.5, 10000.0], [81805.0, 2290.0], [81807.5, 7630.0], [81815.0, 20.0], [81825.0, 2260.0], [81827.5, 7540.0], [81835.0, 4110.0], [81837.5, 7570.0], [81840.0, 6120.0], [81845.0, 2210.0], [81847.5, 7350.0], [81855.0, 2220.0]]}}}
{"jsonrpc": "2.0", "method": "subscription", "params": {"channel": "book.BTC-4APR25.none.20.100ms", "data": {"timestamp": 1743693966143, "change_id": 95439361710, "instrument_name": "BTC-4APR25", "bids": [[81747.5, 1100.0], [81742.5, 1100.0], [81740.0, 1100.0], [81737.5, 4100.0], [81735.0, 10000.0], [81732.5, 370.0], [81730.0, 1220.0], [81727.5, 4100.0], [81725.0, 13390.0], [81710.0, 2960.0], [81707.5, 9880.0], [81695.0, 2960.0], [81692.5, 9880.0], [81677.5, 3560.0], [81675.0, 11880.0], [81665.0, 2960.0], [81662.5, 9880.0], [81657.5, 7910.0], [81655.0, 26370.0], [81647.5, 2960.0]], "asks": [[81750.0, 50.0], [81755.0, 1100.0], [81757.5, 1350.0], [81760.0, 9430.0], [81762.5, 20000.0], [81765.0, 22470.0], [81767.5, 50000.0], [81770.0, 8000.0], [81775.0, 5630.0], [81777.5, 10000.0], [81780.0, 10000.0], [81785.0, 7560.0], [81790.0, 28170.0], [81792.5, 9880.0], [81800.0, 3020.0], [81802.5, 10050.0], [81810.0, 3020.0], [81812.5, 10030.0], [81815.0, 40.0], [81820.0, 3010.0]]}}}
{"jsonrpc": "2.0", "method": "subscription", "params": {"channel": "book.BTC-11APR25.none.20.100ms", "data": {"timestamp": 1743693966475, "change_id": 95439362667, "instrument_name": "BTC-11APR25", "bids": [[81760.0, 2120.0], [81757.5, 4270.0], [81755.0, 7570.0], [81747.5, 11260.0], [81745.0, 17570.0], [81737.5, 2270.0], [81735.0, 7570.0], [81727.5, 2270.0], [81725.0, 7570.0], [81715.0, 2870.0], [81712.5, 9570.0], [81700.0, 2270.0], [81697.5, 7570.0], [81690.0, 2210.0], [81687.5, 7360.0], [81685.0, 20.0], [81682.5, 7910.0], [81680.0, 28620.0], [81677.5, 7490.0], [81670.0, 2250.0]], "asks": [[81765.0, 10.0], [81767.5, 4850.0], [81770.0, 9500.0], [81772.5, 26310.0], [81775.0, 85180.0], [81782.5, 1020.0], [81785.0, 3390.0], [81787.5, 2270.0], [81790.0, 7570.0], [81795.0, 24570.0], [81797.5, 81790.0], [81800.0, 3120.0], [81802.5, 10000.0], [81805.0, 2290.0], [81807.5, 7630.0], [81815.0, 20.0], [81825.0, 2260.0], [81827.5, 7540.0], [81835.0, 4110.0], [81837.5, 7570.0]]}}}
{"jsonrpc": "2.0", "method": "subscription", "params": {"channel": "book.BTC-4APR25.none.20.100ms", "data": {"timestamp": 1743693966468, "change_id": 95439362671, "instrument_name": "BTC-4APR25", "bids": [[81732.5, 1110.0], [81730.0, 1220.0], [81727.5, 4100.0], [81725.0, 10000.0], [81720.0, 1020.0], [81717.5, 3390.0], [81695.0, 2960.0], [81692.5, 9880.0], [81677.5, 3560.0], [81675.0, 11880.0], [81665.0, 2960.0], [81662.5, 9880.0], [81657.5, 7910.0], [81655.0, 26370.0], [81647.5, 2960.0], [81645.0, 9880.0], [81632.5, 3070.0], [81630.0, 10220.0], [81622.5, 3070.0], [81620.0, 10240.0]], "asks": [[81735.0, 1110.0], [81740.0, 1100.0], [81750.0, 1390.0], [81752.5, 3390.0], [81755.0, 8120.0], [81757.5, 20000.0], [81765.0, 120.0], [81770.0, 8000.0], [81775.0, 5630.0], [81777.5, 60000.0], [81780.0, 10000.0], [81785.0, 7560.0], [81790.0, 28170.0], [81792.5, 9880.0], [81800.0, 3020.0], [81802.5, 10050.0], [81810.0, 3020.0], [81812.5, 10030.0], [81815.0, 40.0], [81820.0, 3010.0]]}}}
{"jsonrpc": "2.0", "method": "subscription", "params": {"channel": "book.BTC-4APR25.none.20.100ms", "data": {"timestamp": 1743693966835, "change_id": 95439363842, "instrument_name": "BTC-4APR25", "bids": [[81747.5, 1110.0], [81740.0, 1100.0], [81737.5, 1100.0], [81730.0, 1100.0], [81727.5, 1100.0], [81725.0, 10000.0], [81717.5, 120.0], [81710.0, 3390.0], [81702.5, 10000.0], [81692.5, 9880.0], [81675.0, 11880.0], [81662.5, 9880.0], [81655.0, 26370.0], [81645.0, 9880.0], [81630.0, 10220.0], [81620.0, 10240.0], [81617.5, 40.0], [81610.0, 10240.0], [81600.0, 10240.0], [81587.5, 10050.0]], "asks": [[81750.0, 50.0], [81755.0, 1220.0], [81765.0, 20000.0], [81767.5, 60000.0], [81770.0, 8000.0], [81780.0, 10000.0], [81790.0, 25210.0], [81792.5, 9880.0], [81802.5, 10050.0], [81812.5, 10030.0], [81815.0, 40.0], [81822.5, 10030.0], [81832.5, 10220.0], [81840.0, 8000.0], [81842.5, 10220.0], [81845.0, 35000.0], [81852.5, 10000.0], [81870.0, 9840.0], [81877.5, 25000.0], [81880.0, 17880.0]]}}}
{"jsonrpc": "2.0", "method": "subscription", "params": {"channel": "book.BTC-11APR25.none.20.100ms", "data": {"timestamp": 1743693966818, "change_id": 95439363803, "instrument_name": "BTC-11APR25", "bids": [[81767.5, 10.0], [81765.0, 9680.0], [81762.5, 2000.0], [81760.0, 2120.0], [81757.5, 2000.0], [81755.0, 7570.0], [81750.0, 2000.0], [81747.5, 2000.0], [81745.0, 17570.0], [81735.0, 10960.0], [81725.0, 7570.0], [81712.5, 9570.0], [81697.5, 7570.0], [81687.5, 7360.0], [81685.0, 20.0], [81680.0, 26370.0], [81677.5, 7490.0], [81667.5, 7490.0], [81657.5, 7490.0], [81635.0, 7390.0]], "asks": [[81780.0, 7680.0], [81787.5, 20000.0], [81790.0, 17690.0], [81805.0, 50000.0], [81807.5, 7630.0], [81815.0, 20.0], [81827.5, 7540.0], [81837.5, 7570.0], [81840.0, 6120.0], [81847.5, 7350.0], [81857.5, 7400.0], [81872.5, 7440.0], [81875.0, 18900.0], [81880.0, 20.0], [81882.5, 7570.0], [81892.5, 7670.0], [81935.0, 7490.0], [81945.0, 7440.0], [81960.0, 105000.0], [81962.5, 38160.0]]}}}
{"jsonrpc": "2.0", "method": "subscription", "params": {"channel": "book.BTC-11APR25.none.20.100ms", "data": {"timestamp": 1743693967111, "change_id": 95439364922, "instrument_name": "BTC-11APR25", "bids": [[81772.5, 2000.0], [81767.5, 7150.0], [81765.0, 17180.0], [81760.0, 2990.0], [81757.5, 2000.0], [81755.0, 7570.0], [81747.5, 8290.0], [81745.0, 20960.0], [81737.5, 2270.0], [81735.0, 7570.0], [81727.5, 2270.0], [81725.0, 7570.0], [81715.0, 2870.0], [81712.5, 9570.0], [81700.0, 2270.0], [81697.5, 7570.0], [81690.0, 2210.0], [81687.5, 7360.0], [81685.0, 20.0], [81682.5, 7910.0]], "asks": [[81777.5, 10.0], [81785.0, 16700.0], [81787.5, 20000.0], [81790.0, 17690.0], [81802.5, 15000.0], [81805.0, 52290.0], [81807.5, 7630.0], [81815.0, 20.0], [81825.0, 2260.0], [81827.5, 7540.0], [81835.0, 4110.0], [81837.5, 7570.0], [81840.0, 6120.0], [81847.5, 7350.0], [81857.5, 7400.0], [81872.5, 7440.0], [81875.0, 18900.0], [81880.0, 20.0], [81882.5, 7570.0], [81892.5, 7670.0]]}}}
{"jsonrpc": "2.0", "method": "subscription", "params": {"channel": "book.BTC-4APR25.none.20.100ms", "data": {"timestamp": 1743693967115, "change_id": 95439364916, "instrument_name": "BTC-4APR25", "bids": [[81747.5, 1110.0], [81740.0, 1100.0], [81737.5, 1100.0], [81730.0, 1100.0], [81727.5, 1100.0], [81725.0, 13390.0], [81717.5, 120.0], [81702.5, 10000.0], [81692.5, 9880.0], [81675.0, 11880.0], [81662.5, 9880.0], [81655.0, 26370.0], [81645.0, 9880.0], [81630.0, 10220.0], [81620.0, 10240.0], [81617.5, 40.0], [81610.0, 10240.0], [81600.0, 10240.0], [81587.5, 10050.0], [81577.5, 10240.0]], "asks": [[81750.0, 50.0], [81755.0, 1220.0], [81757.5, 3390.0], [81765.0, 20000.0], [81767.5, 10000.0], [81770.0, 8000.0], [81780.0, 10000.0], [81787.5, 50000.0], [81790.0, 25210.0], [81792.5, 9880.0], [81802.5, 10050.0], [81812.5, 10030.0], [81815.0, 40.0], [81822.5, 10030.0], [81832.5, 10220.0], [81840.0, 8000.0], [81842.5, 10220.0], [81845.0, 35000.0], [81852.5, 10000.0], [81870.0, 9840.0]]}}}
{"jsonrpc": "2.0", "method": "subscription", "params": {"channel": "book.BTC-11APR25.none.20.100ms", "data": {"timestamp": 1743693967493, "change_id": 95439365850, "instrument_name": "BTC-11APR25", "bids": [[81772.5, 2010.0], [81767.5, 4900.0], [81765.0, 9680.0], [81760.0, 2990.0], [81757.5, 2000.0], [81755.0, 7570.0], [81747.5, 8290.0], [81745.0, 20960.0], [81737.5, 2270.0], [81735.0, 7570.0], [81727.5, 2270.0], [81725.0, 7570.0], [81715.0, 2870.0], [81712.5, 9570.0], [81700.0, 2270.0], [81697.5, 7570.0], [81690.0, 2210.0], [81687.5, 7360.0], [81685.0, 20.0], [81682.5, 7910.0]], "asks": [[81775.0, 10.0], [81782.5, 1620.0], [81785.0, 16700.0], [81787.5, 20000.0], [81790.0, 17690.0], [81802.5, 15000.0], [81805.0, 52290.0], [81807.5, 7630.0], [81815.0, 20.0], [81825.0, 2260.0], [81827.5, 7540.0], [81835.0, 4110.0], [81837.5, 7570.0], [81840.0, 6120.0], [81847.5, 7350.0], [81857.5, 7400.0], [81872.5, 7440.0], [81875.0, 18900.0], [81880.0, 20.0], [81882.5, 7570.0]]}}}
{"jsonrpc": "2.0", "method": "subscription", "params": {"channel": "book.BTC-4APR25.none.20.100ms", "data": {"timestamp": 1743693967445, "change_id": 95439365723, "instrument_name": "BTC-4APR25", "bids": [[81747.5, 1100.0], [81740.0, 1430.0], [81737.5, 1100.0], [81732.5, 330.0], [81730.0, 1100.0], [81727.5, 5240.0], [81725.0, 13390.0], [81702.5, 10000.0], [81692.5, 9880.0], [81675.0, 11880.0], [81662.5, 9880.0], [81655.0, 26370.0], [81645.0, 9880.0], [81630.0, 10220.0], [81620.0, 10240.0], [81617.5, 40.0], [81610.0, 10240.0], [81600.0, 10240.0], [81587.5, 10050.0], [81577.5, 10240.0]], "asks": [[81750.0, 50.0], [81752.5, 1380.0], [81755.0, 1220.0], [81757.5, 3390.0], [81762.5, 6000.0], [81765.0, 39730.0], [81767.5, 60000.0], [81770.0, 8000.0], [81780.0, 10000.0], [81790.0, 25210.0], [81792.5, 9880.0], [81802.5, 10050.0], [81812.5, 10030.0], [81815.0, 40.0], [81820.0, 3010.0], [81822.5, 10030.0], [81832.5, 10220.0], [81840.0, 8000.0], [81842.5, 10220.0], [81845.0, 35000.0]]}}}
{"jsonrpc": "2.0", "method": "subscription", "params": {"channel": "book.BTC-4APR25.none.20.100ms", "data": {"timestamp": 1743693967759, "change_id": 95439366420, "instrument_name": "BTC-4APR25", "bids": [[81747.5, 1110.0], [81745.0, 330.0], [81742.5, 1100.0], [81732.5, 330.0], [81730.0, 1100.0], [81727.5, 5240.0], [81725.0, 13390.0], [81702.5, 10000.0], [81692.5, 9880.0], [81675.0, 11880.0], [81662.5, 9880.0], [81655.0, 26370.0], [81645.0, 9880.0], [81630.0, 10220.0], [81620.0, 10240.0], [81617.5, 40.0], [81610.0, 10240.0], [81600.0, 10240.0], [81587.5, 10050.0], [81577.5, 10240.0]], "asks": [[81750.0, 40.0], [81755.0, 1220.0], [81757.5, 3390.0], [81760.0, 1100.0], [81762.5, 6000.0], [81765.0, 39730.0], [81767.5, 60000.0], [81770.0, 32530.0], [81772.5, 81770.0], [81780.0, 10000.0], [81790.0, 25210.0], [81792.5, 9880.0], [81802.5, 10050.0], [81812.5, 10030.0], [81815.0, 40.0], [81820.0, 3010.0], [81822.5, 10030.0], [81832.5, 10220.0], [81840.0, 8000.0], [81842.5, 10220.0]]}}}
{"jsonrpc": "2.0", "method": "subscription", "params": {"channel": "book.BTC-11APR25.none.20.100ms", "data": {"timestamp": 1743693967759, "change_id": 95439366439, "instrument_name": "BTC-11APR25", "bids": [[81777.5, 10.0], [81775.0, 2000.0], [81767.5, 4900.0], [81765.0, 7680.0], [81760.0, 2990.0], [81757.5, 2000.0], [81755.0, 7570.0], [81747.5, 8290.0], [81745.0, 20960.0], [81737.5, 2270.0], [81735.0, 7570.0], [81727.5, 2270.0], [81725.0, 7570.0], [81715.0, 2870.0], [81712.5, 9570.0], [81700.0, 2270.0], [81697.5, 7570.0], [81690.0, 2210.0], [81687.5, 7360.0], [81685.0, 20.0]], "asks": [[81780.0, 10.0], [81782.5, 41440.0], [81785.0, 5390.0], [81787.5, 50000.0], [81790.0, 17690.0], [81792.5, 24540.0], [81795.0, 81790.0], [81805.0, 2290.0], [81807.5, 7630.0], [81815.0, 20.0], [81825.0, 2260.0], [81827.5, 7540.0], [81835.0, 4110.0], [81837.5, 7570.0], [81840.0, 6120.0], [81845.0, 2210.0], [81847.5, 7350.0], [81857.5, 7400.0], [81872.5, 7440.0], [81875.0, 18900.0]]}}}
{"jsonrpc": "2.0", "method": "subscription", "params": {"channel": "book.BTC-4APR25.none.20.100ms", "data": {"timestamp": 1743693968138, "change_id": 95439367343, "instrument_name": "BTC-4APR25", "bids": [[81747.5, 1110.0], [81745.0, 330.0], [81742.5, 1100.0], [81732.5, 330.0], [81730.0, 1100.0], [81727.5, 5240.0], [81725.0, 13390.0], [81702.5, 10000.0], [81692.5, 9880.0], [81675.0, 11880.0], [81662.5, 9880.0], [81655.0, 26370.0], [81645.0, 9880.0], [81630.0, 10220.0], [81620.0, 10240.0], [81617.5, 40.0], [81610.0, 10240.0], [81600.0, 10240.0], [81587.5, 10050.0], [81577.5, 10240.0]], "asks": [[81750.0, 50.0], [81752.5, 1710.0], [81755.0, 1220.0], [81757.5, 3390.0], [81760.0, 1100.0], [81762.5, 6000.0], [81765.0, 39730.0], [81767.5, 50000.0], [81770.0, 32530.0], [81772.5, 81770.0], [81780.0, 20000.0], [81790.0, 25210.0], [81792.5, 9880.0], [81802.5, 10050.0], [81812.5, 10030.0], [81815.0, 40.0], [81820.0, 3010.0], [81822.5, 10030.0], [81832.5, 10220.0], [81840.0, 8000.0]]}}}
{"jsonrpc": "2.0", "method": "subscription", "params": {"channel": "book.BTC-11APR25.none.20.100ms", "data": {"timestamp": 1743693968138, "change_id": 95439367342, "instrument_name": "BTC-11APR25", "bids": [[81780.0, 2000.0], [81777.5, 2000.0], [81767.5, 4900.0], [81765.0, 7680.0], [81760.0, 2990.0], [81757.5, 2000.0], [81755.0, 7570.0], [81752.5, 3390.0], [81747.5, 8290.0], [81745.0, 17570.0], [81737.5, 2270.0], [81735.0, 7570.0], [81727.5, 2270.0], [81725.0, 7570.0], [81715.0, 2870.0], [81712.5, 9570.0], [81700.0, 2270.0], [81697.5, 7570.0], [81690.0, 2210.0], [81687.5, 7360.0]], "asks": [[81782.5, 20010.0], [81785.0, 23700.0], [81787.5, 50000.0], [81790.0, 17690.0], [81792.5, 24540.0], [81795.0, 81790.0], [81805.0, 2290.0], [81807.5, 7630.0], [81815.0, 20.0], [81825.0, 2260.0], [81827.5, 7540.0], [81835.0, 4110.0], [81837.5, 7570.0], [81840.0, 6120.0], [81845.0, 2210.0], [81847.5, 7350.0], [81857.5, 7400.0], [81872.5, 7440.0], [81875.0, 18900.0], [81880.0, 20.0]]}}}
{"jsonrpc": "2.0", "method": "subscription", "params": {"channel": "book.BTC-11APR25.none.20.100ms", "data": {"timestamp": 1743693968491, "change_id": 95439368373, "instrument_name": "BTC-11APR25", "bids": [[81775.0, 8880.0], [81772.5, 2000.0], [81770.0, 2010.0], [81767.5, 4310.0], [81765.0, 7680.0], [81760.0, 2990.0], [81757.5, 2000.0], [81755.0, 7570.0], [81752.5, 3390.0], [81747.5, 8290.0], [81745.0, 17570.0], [81737.5, 2270.0], [81735.0, 7570.0], [81727.5, 2270.0], [81725.0, 7570.0], [81715.0, 2870.0], [81712.5, 9570.0], [81700.0, 2270.0], [81697.5, 7570.0], [81690.0, 2210.0]], "asks": [[81780.0, 7020.0], [81782.5, 20000.0], [81785.0, 23700.0], [81787.5, 50000.0], [81790.0, 7570.0], [81792.5, 24540.0], [81795.0, 81790.0], [81805.0, 5000.0], [81807.5, 17750.0], [81815.0, 20.0], [81825.0, 2260.0], [81827.5, 7540.0], [81835.0, 4110.0], [81837.5, 7570.0], [81840.0, 6120.0], [81845.0, 2210.0], [81857.5, 7400.0], [81872.5, 7440.0], [81875.0, 18900.0], [81880.0, 20.0]]}}}
{"jsonrpc": "2.0", "method": "subscription", "params": {"channel": "book.BTC-4APR25.none.20.100ms", "data": {"timestamp": 1743693968378, "change_id": 95439368178, "instrument_name": "BTC-4APR25", "bids": [[81747.5, 10.0], [81745.0, 660.0], [81742.5, 1100.0], [81740.0, 1760.0], [81737.5, 1100.0], [81735.0, 4430.0], [81732.5, 10000.0], [81730.0, 1100.0], [81727.5, 5240.0], [81725.0, 13390.0], [81712.5, 10000.0], [81692.5, 9880.0], [81675.0, 11880.0], [81662.5, 9880.0], [81657.5, 7910.0], [81655.0, 26370.0], [81645.0, 9880.0], [81630.0, 10220.0], [81622.5, 3070.0], [81620.0, 10240.0]], "asks": [[81750.0, 40.0], [81755.0, 1100.0], [81757.5, 3390.0], [81760.0, 1100.0], [81762.5, 6000.0], [81765.0, 39730.0], [81767.5, 50000.0], [81770.0, 8120.0], [81777.5, 3000.0], [81780.0, 10000.0], [81787.5, 7560.0], [81790.0, 25210.0], [81802.5, 10050.0], [81812.5, 10030.0], [81815.0, 40.0], [81820.0, 3010.0], [81822.5, 10030.0], [81832.5, 10220.0], [81840.0, 21570.0], [81842.5, 10220.0]]}}}
{"jsonrpc": "2.0", "method": "subscription", "params": {"channel": "book.BTC-11APR25.none.20.100ms", "data": {"timestamp": 1743693968766, "change_id": 95439369081, "instrument_name": "BTC-11APR25", "bids": [[81780.0, 2010.0], [81775.0, 8880.0], [81772.5, 2000.0], [81770.0, 4910.0], [81767.5, 2000.0], [81765.0, 7680.0], [81760.0, 2990.0], [81757.5, 2000.0], [81755.0, 8590.0], [81752.5, 3390.0], [81747.5, 6290.0], [81745.0, 17570.0], [81737.5, 2270.0], [81735.0, 7570.0], [81727.5, 2270.0], [81725.0, 7570.0], [81715.0, 2870.0], [81712.5, 9570.0], [81700.0, 2270.0], [81697.5, 7570.0]], "asks": [[81782.5, 20000.0], [81785.0, 15000.0], [81790.0, 50000.0], [81792.5, 35610.0], [81795.0, 81790.0], [81805.0, 5000.0], [81807.5, 17750.0], [81815.0, 20.0], [81825.0, 2260.0], [81827.5, 7540.0], [81835.0, 4110.0], [81837.5, 7570.0], [81840.0, 6120.0], [81857.5, 7400.0], [81870.0, 7900.0], [81872.5, 7440.0], [81875.0, 18900.0], [81880.0, 20.0], [81882.5, 7570.0], [81890.0, 2300.0]]}}}
{"jsonrpc": "2.0", "method": "subscription", "params": {"channel": "book.BTC-4APR25.none.20.100ms", "data": {"timestamp": 1743693968766, "change_id": 95439369045, "instrument_name": "BTC-4APR25", "bids": [[81747.5, 10010.0], [81745.0, 660.0], [81742.5, 1100.0], [81740.0, 1760.0], [81737.5, 1100.0], [81735.0, 4430.0], [81732.5, 13390.0], [81730.0, 1100.0], [81727.5, 4220.0], [81725.0, 10000.0], [81712.5, 10000.0], [81692.5, 9880.0], [81675.0, 11880.0], [81662.5, 9880.0], [81657.5, 7910.0], [81655.0, 26370.0], [81645.0, 9880.0], [81630.0, 10220.0], [81622.5, 3070.0], [81620.0, 10240.0]], "asks": [[81750.0, 40.0], [81762.5, 6000.0], [81765.0, 43120.0], [81767.5, 50000.0], [81770.0, 8120.0], [81777.5, 3000.0], [81780.0, 10000.0], [81787.5, 7560.0], [81790.0, 25210.0], [81802.5, 10050.0], [81812.5, 10030.0], [81815.0, 40.0], [81820.0, 3010.0], [81822.5, 10030.0], [81832.5, 10220.0], [81840.0, 21570.0], [81842.5, 10220.0], [81845.0, 35000.0], [81852.5, 10000.0], [81870.0, 9840.0]]}}}
{"jsonrpc": "2.0", "method": "subscription", "params": {"channel": "book.BTC-11APR25.none.20.100ms", "data": {"timestamp": 1743693969123, "change_id": 95439369935, "instrument_name": "BTC-11APR25", "bids": [[81780.0, 2010.0], [81775.0, 8880.0], [81772.5, 2000.0], [81770.0, 4910.0], [81767.5, 2000.0], [81765.0, 7680.0], [81760.0, 2990.0], [81757.5, 2000.0], [81755.0, 18590.0], [81752.5, 3390.0], [81745.0, 7570.0], [81737.5, 2270.0], [81735.0, 7570.0], [81727.5, 2270.0], [81725.0, 7570.0], [81715.0, 2870.0], [81712.5, 9570.0], [81700.0, 2270.0], [81697.5, 7570.0], [81690.0, 2210.0]], "asks": [[81782.5, 20000.0], [81785.0, 15000.0], [81790.0, 50000.0], [81792.5, 35610.0], [81795.0, 81790.0], [81805.0, 5000.0], [81807.5, 17750.0], [81815.0, 20.0], [81825.0, 2260.0], [81827.5, 7540.0], [81835.0, 4110.0], [81837.5, 7570.0], [81840.0, 6120.0], [81857.5, 7400.0], [81870.0, 7900.0], [81872.5, 7440.0], [81875.0, 18900.0], [81880.0, 20.0], [81882.5, 7570.0], [81890.0, 2300.0]]}}}
{"jsonrpc": "2.0", "method": "subscription", "params": {"channel": "book.BTC-4APR25.none.20.100ms", "data": {"timestamp": 1743693969100, "change_id": 95439369903, "instrument_name": "BTC-4APR25", "bids": [[81747.5, 10010.0], [81745.0, 660.0], [81742.5, 1100.0], [81740.0, 4680.0], [81737.5, 1100.0], [81735.0, 14430.0], [81732.5, 13390.0], [81730.0, 1470.0], [81727.5, 1220.0], [81712.5, 10000.0], [81692.5, 9880.0], [81675.0, 11880.0], [81662.5, 9880.0], [81657.5, 7910.0], [81655.0, 26370.0], [81645.0, 9880.0], [81630.0, 10220.0], [81622.5, 3070.0], [81620.0, 10240.0], [81617.5, 40.0]], "asks": [[81750.0, 40.0], [81762.5, 6000.0], [81765.0, 43120.0], [81767.5, 50000.0], [81770.0, 8120.0], [81777.5, 3000.0], [81780.0, 10000.0], [81787.5, 7560.0], [81790.0, 25210.0], [81802.5, 10050.0], [81812.5, 10030.0], [81815.0, 40.0], [81820.0, 3010.0], [81822.5, 10030.0], [81832.5, 10220.0], [81840.0, 21570.0], [81842.5, 10220.0], [81845.0, 35000.0], [81852.5, 10000.0], [81870.0, 9840.0]]}}}
{"jsonrpc": "2.0", "method": "subscription", "params": {"channel": "book.BTC-11APR25.none.20.100ms", "data": {"timestamp": 1743693969327, "change_id": 95439370446, "instrument_name": "BTC-11APR25", "bids": [[81780.0, 2010.0], [81775.0, 8880.0], [81772.5, 2000.0], [81770.0, 5030.0], [81767.5, 2000.0], [81765.0, 7680.0], [81760.0, 2870.0], [81757.5, 2000.0], [81755.0, 18590.0], [81752.5, 3390.0], [81745.0, 7570.0], [81737.5, 2270.0], [81735.0, 7570.0], [81727.5, 2270.0], [81725.0, 7570.0], [81715.0, 2870.0], [81712.5, 9570.0], [81700.0, 2270.0], [81697.5, 7570.0], [81690.0, 2210.0]], "asks": [[81782.5, 10.0], [81787.5, 6000.0], [81790.0, 23320.0], [81792.5, 11070.0], [81800.0, 15000.0], [81802.5, 50000.0], [81805.0, 5000.0], [81807.5, 17750.0], [81815.0, 20.0], [81825.0, 2260.0], [81827.5, 7540.0], [81835.0, 4110.0], [81837.5, 7570.0], [81840.0, 6120.0], [81857.5, 7400.0], [81870.0, 7900.0], [81872.5, 7440.0], [81875.0, 18900.0], [81880.0, 20.0], [81882.5, 7570.0]]}}}
{"jsonrpc": "2.0", "method": "subscription", "params": {"channel": "book.BTC-4APR25.none.20.100ms", "data": {"timestamp": 1743693969773, "change_id": 95439371045, "instrument_name": "BTC-4APR25", "bids": [[81747.5, 11110.0], [81745.0, 330.0], [81742.5, 1100.0], [81740.0, 3580.0], [81737.5, 1100.0], [81735.0, 14430.0], [81732.5, 14490.0], [81730.0, 1100.0], [81727.5, 120.0], [81715.0, 3000.0], [81712.5, 10000.0], [81692.5, 9880.0], [81677.5, 3560.0], [81675.0, 11880.0], [81662.5, 9880.0], [81657.5, 7910.0], [81655.0, 26370.0], [81645.0, 9880.0], [81632.5, 3070.0], [81630.0, 10220.0]], "asks": [[81750.0, 40.0], [81760.0, 1100.0], [81762.5, 6000.0], [81765.0, 43120.0], [81767.5, 50000.0], [81770.0, 8120.0], [81777.5, 3000.0], [81780.0, 10000.0], [81787.5, 7560.0], [81790.0, 25210.0], [81800.0, 3020.0], [81802.5, 10050.0], [81812.5, 10030.0], [81815.0, 40.0], [81820.0, 3010.0], [81822.5, 10030.0], [81830.0, 3070.0], [81832.5, 10220.0], [81840.0, 21570.0], [81842.5, 10220.0]]}}}
{"jsonrpc": "2.0", "method": "subscription", "params": {"channel": "book.BTC-11APR25.none.20.100ms", "data": {"timestamp": 1743693969812, "change_id": 95439371131, "instrument_name": "BTC-11APR25", "bids": [[81787.5, 2010.0], [81785.0, 2000.0], [81782.5, 600.0], [81780.0, 2000.0], [81777.5, 4300.0], [81775.0, 8320.0], [81772.5, 2000.0], [81770.0, 3030.0], [81767.5, 2000.0], [81765.0, 7680.0], [81760.0, 5510.0], [81757.5, 2000.0], [81755.0, 18590.0], [81752.5, 3390.0], [81747.5, 2270.0], [81745.0, 7570.0], [81737.5, 2270.0], [81735.0, 7570.0], [81727.5, 2270.0], [81725.0, 7570.0]], "asks": [[81790.0, 23320.0], [81792.5, 11070.0], [81795.0, 39540.0], [81797.5, 50000.0], [81800.0, 96790.0], [81805.0, 5000.0], [81807.5, 17750.0], [81815.0, 20.0], [81825.0, 2260.0], [81827.5, 7540.0], [81835.0, 4110.0], [81837.5, 7570.0], [81840.0, 6120.0], [81845.0, 2300.0], [81847.5, 7680.0], [81855.0, 2220.0], [81857.5, 7400.0], [81870.0, 7900.0], [81872.5, 7440.0], [81875.0, 18900.0]]}}}
{"jsonrpc": "2.0", "method": "subscription", "params": {"channel": "book.BTC-11APR25.none.20.100ms", "data": {"timestamp": 1743693970144, "change_id": 95439371971, "instrument_name": "BTC-11APR25", "bids": [[81780.0, 2000.0], [81777.5, 4300.0], [81775.0, 8320.0], [81772.5, 2000.0], [81770.0, 3030.0], [81767.5, 2000.0], [81765.0, 7680.0], [81760.0, 5510.0], [81757.5, 2000.0], [81755.0, 18590.0], [81752.5, 3390.0], [81747.5, 2270.0], [81745.0, 7570.0], [81737.5, 2270.0], [81735.0, 7570.0], [81727.5, 2270.0], [81725.0, 7570.0], [81715.0, 2870.0], [81712.5, 9570.0], [81700.0, 2270.0]], "asks": [[81782.5, 2010.0], [81785.0, 7100.0], [81787.5, 27500.0], [81790.0, 25410.0], [81792.5, 61070.0], [81797.5, 24540.0], [81800.0, 96790.0], [81805.0, 5000.0], [81807.5, 17750.0], [81815.0, 20.0], [81825.0, 2260.0], [81827.5, 7540.0], [81835.0, 4110.0], [81837.5, 7570.0], [81840.0, 6120.0], [81845.0, 2300.0], [81847.5, 7680.0], [81855.0, 2220.0], [81857.5, 7400.0], [81870.0, 7900.0]]}}}
{"jsonrpc": "2.0", "method": "subscription", "params": {"channel": "book.BTC-4APR25.none.20.100ms", "data": {"timestamp": 1743693970136, "change_id": 95439371919, "instrument_name": "BTC-4APR25", "bids": [[81747.5, 1110.0], [81745.0, 330.0], [81742.5, 1100.0], [81740.0, 3580.0], [81737.5, 1100.0], [81735.0, 14430.0], [81732.5, 14490.0], [81730.0, 1100.0], [81727.5, 120.0], [81715.0, 3000.0], [81712.5, 10000.0], [81692.5, 9880.0], [81677.5, 3560.0], [81675.0, 11880.0], [81662.5, 9880.0], [81657.5, 7910.0], [81655.0, 26370.0], [81645.0, 9880.0], [81632.5, 3070.0], [81630.0, 10220.0]], "asks": [[81750.0, 40.0], [81757.5, 330.0], [81760.0, 1100.0], [81762.5, 6000.0], [81765.0, 43120.0], [81767.5, 50000.0], [81770.0, 8120.0], [81777.5, 3000.0], [81780.0, 10000.0], [81787.5, 7560.0], [81790.0, 25210.0], [81800.0, 3020.0], [81802.5, 10050.0], [81812.5, 10030.0], [81815.0, 40.0], [81820.0, 3010.0], [81822.5, 10030.0], [81830.0, 3070.0], [81832.5, 10220.0], [81840.0, 21570.0]]}}}
{"jsonrpc": "2.0", "method": "subscription", "params": {"channel": "book.BTC-4APR25.none.20.100ms", "data": {"timestamp": 1743693970414, "change_id": 95439372540, "instrument_name": "BTC-4APR25", "bids": [[81747.5, 10.0], [81745.0, 330.0], [81742.5, 1100.0], [81740.0, 3580.0], [81737.5, 1220.0], [81735.0, 14430.0], [81732.5, 14490.0], [81730.0, 1100.0], [81715.0, 3000.0], [81712.5, 10000.0], [81692.5, 9880.0], [81677.5, 3560.0], [81675.0, 11880.0], [81662.5, 9880.0], [81657.5, 7910.0], [81655.0, 26370.0], [81645.0, 9880.0], [81632.5, 3070.0], [81630.0, 10220.0], [81622.5, 3070.0]], "asks": [[81750.0, 50.0], [81757.5, 330.0], [81760.0, 1100.0], [81762.5, 6000.0], [81765.0, 43120.0], [81767.5, 50000.0], [81770.0, 8120.0], [81777.5, 3000.0], [81780.0, 10000.0], [81787.5, 7560.0], [81790.0, 25210.0], [81800.0, 3020.0], [81802.5, 10050.0], [81812.5, 10030.0], [81815.0, 40.0], [81820.0, 3010.0], [81822.5, 10030.0], [81830.0, 3070.0], [81832.5, 10220.0], [81840.0, 21570.0]]}}}
{"jsonrpc": "2.0", "method": "subscription", "params": {"channel": "book.BTC-11APR25.none.20.100ms", "data": {"timestamp": 1743693970443, "change_id": 95439372597, "instrument_name": "BTC-11APR25", "bids": [[81775.0, 2010.0], [81772.5, 2000.0], [81770.0, 3030.0], [81767.5, 2000.0], [81765.0, 7680.0], [81760.0, 5510.0], [81757.5, 2000.0], [81755.0, 18590.0], [81752.5, 3390.0], [81747.5, 2270.0], [81745.0, 7570.0], [81737.5, 2270.0], [81735.0, 7570.0], [81727.5, 2270.0], [81725.0, 7570.0], [81715.0, 2870.0], [81712.5, 9570.0], [81700.0, 2270.0], [81697.5, 7570.0], [81690.0, 2210.0]], "asks": [[81777.5, 2000.0], [81780.0, 2000.0], [81782.5, 2000.0], [81785.0, 2250.0], [81787.5, 20000.0], [81790.0, 25410.0], [81792.5, 61070.0], [81797.5, 24540.0], [81800.0, 96790.0], [81805.0, 5000.0], [81807.5, 17750.0], [81815.0, 20.0], [81825.0, 2260.0], [81827.5, 7540.0], [81835.0, 4110.0], [81837.5, 7570.0], [81840.0, 6120.0], [81845.0, 2300.0], [81847.5, 7680.0], [81855.0, 2220.0]]}}}
{"jsonrpc": "2.0", "method": "subscription", "params": {"channel": "book.BTC-4APR25.none.20.100ms", "data": {"timestamp": 1743693970791, "change_id": 95439373363, "instrument_name": "BTC-4APR25", "bids": [[81737.5, 120.0], [81735.0, 13330.0], [81732.5, 10000.0], [81730.0, 1100.0], [81727.5, 1020.0], [81725.0, 3390.0], [81702.5, 10000.0], [81695.0, 2960.0], [81692.5, 9880.0], [81677.5, 3560.0], [81675.0, 11880.0], [81665.0, 2960.0], [81662.5, 9880.0], [81657.5, 7910.0], [81655.0, 26370.0], [81645.0, 9880.0], [81632.5, 3070.0], [81630.0, 10220.0], [81622.5, 3070.0], [81620.0, 10240.0]], "asks": [[81740.0, 1110.0], [81742.5, 1100.0], [81750.0, 370.0], [81752.5, 1100.0], [81755.0, 1350.0], [81757.5, 3390.0], [81760.0, 1100.0], [81762.5, 6000.0], [81765.0, 39730.0], [81767.5, 50000.0], [81770.0, 8120.0], [81775.0, 10000.0], [81777.5, 3000.0], [81780.0, 10000.0], [81782.5, 3000.0], [81785.0, 10000.0], [81787.5, 7560.0], [81790.0, 25210.0], [81795.0, 10000.0], [81810.0, 3020.0]]}}}
{"jsonrpc": "2.0", "method": "subscription", "params": {"channel": "book.BTC-11APR25.none.20.100ms", "data": {"timestamp": 1743693970734, "change_id": 95439373398, "instrument_name": "BTC-11APR25", "bids": [[81770.0, 120.0], [81760.0, 5510.0], [81757.5, 2000.0], [81755.0, 17570.0], [81747.5, 2270.0], [81745.0, 7570.0], [81742.5, 3390.0], [81737.5, 2270.0], [81735.0, 7570.0], [81727.5, 2270.0], [81725.0, 7570.0], [81715.0, 2870.0], [81712.5, 9570.0], [81700.0, 2270.0], [81697.5, 7570.0], [81690.0, 2210.0], [81687.5, 7360.0], [81685.0, 20.0], [81682.5, 7910.0], [81680.0, 28620.0]], "asks": [[81775.0, 15190.0], [81777.5, 2010.0], [81780.0, 2000.0], [81782.5, 2000.0], [81785.0, 5640.0], [81787.5, 20000.0], [81790.0, 25410.0], [81792.5, 57680.0], [81797.5, 24540.0], [81800.0, 96790.0], [81805.0, 5000.0], [81807.5, 17750.0], [81815.0, 20.0], [81825.0, 2260.0], [81827.5, 7540.0], [81835.0, 4110.0], [81837.5, 7570.0], [81840.0, 6120.0], [81845.0, 2300.0], [81847.5, 7680.0]]}}}
{"jsonrpc": "2.0", "method": "subscription", "params": {"channel": "book.BTC-4APR25.none.20.100ms", "data": {"timestamp": 1743693971078, "change_id": 95439374564, "instrument_name": "BTC-4APR25", "bids": [[81732.5, 1110.0], [81730.0, 1100.0], [81727.5, 4140.0], [81725.0, 13120.0], [81722.5, 10000.0], [81702.5, 10000.0], [81695.0, 2960.0], [81692.5, 9880.0], [81677.5, 3560.0], [81675.0, 9880.0], [81665.0, 2960.0], [81662.5, 9880.0], [81657.5, 7910.0], [81655.0, 26370.0], [81650.0, 2000.0], [81645.0, 9880.0], [81632.5, 3070.0], [81630.0, 10220.0], [81622.5, 3070.0], [81620.0, 10240.0]], "asks": [[81735.0, 10.0], [81737.5, 1430.0], [81740.0, 1100.0], [81747.5, 1030.0], [81750.0, 3760.0], [81752.5, 1100.0], [81755.0, 6370.0], [81757.5, 20000.0], [81760.0, 1220.0], [81767.5, 50000.0], [81770.0, 18000.0], [81775.0, 10000.0], [81782.5, 3000.0], [81785.0, 10000.0], [81787.5, 7560.0], [81790.0, 25210.0], [81795.0, 10000.0], [81810.0, 3020.0], [81812.5, 10030.0], [81815.0, 40.0]]}}}
{"jsonrpc": "2.0", "method": "subscription", "params": {"channel": "book.BTC-11APR25.none.20.100ms", "data": {"timestamp": 1743693971059, "change_id": 95439374221, "instrument_name": "BTC-11APR25", "bids": [[81765.0, 10.0], [81762.5, 2000.0], [81757.5, 2390.0], [81755.0, 7570.0], [81747.5, 2270.0], [81745.0, 11460.0], [81742.5, 10000.0], [81737.5, 2270.0], [81735.0, 7570.0], [81727.5, 2270.0], [81725.0, 7570.0], [81715.0, 2870.0], [81712.5, 7570.0], [81700.0, 2270.0], [81697.5, 7570.0], [81690.0, 2210.0], [81687.5, 9360.0], [81685.0, 20.0], [81682.5, 7910.0], [81680.0, 28620.0]], "asks": [[81767.5, 10.0], [81775.0, 7680.0], [81777.5, 5390.0], [81780.0, 2000.0], [81782.5, 22000.0], [81790.0, 17910.0], [81792.5, 57680.0], [81797.5, 34660.0], [81800.0, 96790.0], [81805.0, 2290.0], [81807.5, 7630.0], [81815.0, 20.0], [81825.0, 2260.0], [81827.5, 7540.0], [81835.0, 4110.0], [81837.5, 7570.0], [81840.0, 6120.0], [81845.0, 2300.0], [81847.5, 7680.0], [81855.0, 2220.0]]}}}
{"jsonrpc": "2.0", "method": "subscription", "params": {"channel": "book.BTC-11APR25.none.20.100ms", "data": {"timestamp": 1743693971401, "change_id": 95439375300, "instrument_name": "BTC-11APR25", "bids": [[81760.0, 10.0], [81757.5, 2390.0], [81755.0, 7570.0], [81747.5, 2270.0], [81745.0, 11460.0], [81742.5, 10000.0], [81740.0, 3390.0], [81737.5, 2270.0], [81735.0, 7570.0], [81727.5, 2270.0], [81725.0, 7570.0], [81715.0, 2870.0], [81712.5, 7570.0], [81700.0, 2270.0], [81697.5, 7570.0], [81690.0, 2210.0], [81687.5, 9360.0], [81685.0, 20.0], [81682.5, 7910.0], [81680.0, 28620.0]], "asks": [[81762.5, 10.0], [81765.0, 2600.0], [81767.5, 2000.0], [81770.0, 4550.0], [81772.5, 7500.0], [81775.0, 28700.0], [81777.5, 23390.0], [81780.0, 50000.0], [81790.0, 2300.0], [81792.5, 7680.0], [81797.5, 34660.0], [81800.0, 96790.0], [81805.0, 2290.0], [81807.5, 7630.0], [81815.0, 20.0], [81825.0, 2260.0], [81827.5, 7540.0], [81835.0, 4110.0], [81837.5, 7570.0], [81840.0, 6120.0]]}}}
{"jsonrpc": "2.0", "method": "subscription", "params": {"channel": "book.BTC-4APR25.none.20.100ms", "data": {"timestamp": 1743693971384, "change_id": 95439375268, "instrument_name": "BTC-4APR25", "bids": [[81732.5, 1110.0], [81730.0, 1100.0], [81727.5, 4140.0], [81725.0, 13120.0], [81722.5, 10000.0], [81712.5, 1020.0], [81710.0, 3390.0], [81702.5, 10000.0], [81695.0, 2960.0], [81692.5, 9880.0], [81677.5, 3560.0], [81675.0, 9880.0], [81665.0, 2960.0], [81662.5, 9880.0], [81657.5, 7910.0], [81655.0, 26370.0], [81650.0, 2000.0], [81645.0, 9880.0], [81632.5, 3070.0], [81630.0, 10220.0]], "asks": [[81735.0, 10.0], [81737.5, 1430.0], [81740.0, 1100.0], [81747.5, 1030.0], [81750.0, 3760.0], [81752.5, 1100.0], [81755.0, 6370.0], [81757.5, 20000.0], [81760.0, 1220.0], [81767.5, 50000.0], [81770.0, 18000.0], [81775.0, 10000.0], [81782.5, 3000.0], [81785.0, 10000.0], [81787.5, 7560.0], [81790.0, 25210.0], [81795.0, 10000.0], [81810.0, 3020.0], [81812.5, 10030.0], [81815.0, 40.0]]}}}
{"jsonrpc": "2.0", "method": "subscription", "params": {"channel": "book.BTC-11APR25.none.20.100ms", "data": {"timestamp": 1743693971787, "change_id": 95439375804, "instrument_name": "BTC-11APR25", "bids": [[81767.5, 2000.0], [81762.5, 600.0], [81760.0, 2000.0], [81757.5, 2390.0], [81755.0, 7570.0], [81747.5, 2270.0], [81745.0, 11460.0], [81742.5, 10000.0], [81740.0, 3390.0], [81737.5, 2270.0], [81735.0, 7570.0], [81727.5, 2270.0], [81725.0, 7570.0], [81715.0, 2870.0], [81712.5, 7570.0], [81700.0, 2270.0], [81697.5, 7570.0], [81690.0, 2210.0], [81687.5, 9360.0], [81685.0, 20.0]], "asks": [[81770.0, 10.0], [81775.0, 56200.0], [81777.5, 3390.0], [81780.0, 50000.0], [81785.0, 3040.0], [81787.5, 10120.0], [81790.0, 2300.0], [81792.5, 7680.0], [81797.5, 24540.0], [81800.0, 96790.0], [81805.0, 2290.0], [81807.5, 7630.0], [81815.0, 20.0], [81825.0, 2260.0], [81827.5, 7540.0], [81835.0, 4110.0], [81837.5, 7570.0], [81840.0, 6120.0], [81845.0, 2300.0], [81847.5, 7680.0]]}}}
{"jsonrpc": "2.0", "method": "subscription", "params": {"channel": "book.BTC-4APR25.none.20.100ms", "data": {"timestamp": 1743693971787, "change_id": 95439375812, "instrument_name": "BTC-4APR25", "bids": [[81737.5, 1110.0], [81732.5, 1100.0], [81730.0, 1100.0], [81727.5, 4140.0], [81725.0, 14220.0], [81722.5, 10000.0], [81712.5, 1020.0], [81710.0, 3390.0], [81705.0, 3000.0], [81702.5, 10000.0], [81695.0, 2960.0], [81692.5, 9880.0], [81677.5, 3560.0], [81675.0, 9880.0], [81665.0, 2960.0], [81662.5, 9880.0], [81657.5, 7910.0], [81655.0, 26370.0], [81650.0, 2000.0], [81647.5, 2960.0]], "asks": [[81740.0, 10.0], [81742.5, 1320.0], [81745.0, 1100.0], [81750.0, 3760.0], [81752.5, 1100.0], [81755.0, 6370.0], [81757.5, 20000.0], [81760.0, 120.0], [81767.5, 50000.0], [81770.0, 18000.0], [81775.0, 10000.0], [81782.5, 3000.0], [81785.0, 10000.0], [81787.5, 7560.0], [81790.0, 25210.0], [81795.0, 10000.0], [81810.0, 3020.0], [81812.5, 10030.0], [81815.0, 40.0], [81820.0, 3010.0]]}}}
{"jsonrpc": "2.0", "method": "subscription", "params": {"channel": "book.BTC-11APR25.none.20.100ms", "data": {"timestamp": 1743693972126, "change_id": 95439376628, "instrument_name": "BTC-11APR25", "bids": [[81760.0, 2000.0], [81757.5, 2390.0], [81755.0, 7570.0], [81747.5, 2270.0], [81745.0, 11460.0], [81742.5, 10000.0], [81740.0, 3390.0], [81737.5, 2270.0], [81735.0, 7570.0], [81727.5, 2270.0], [81725.0, 7570.0], [81715.0, 2870.0], [81712.5, 7570.0], [81700.0, 2270.0], [81697.5, 7570.0], [81690.0, 2210.0], [81687.5, 9360.0], [81685.0, 20.0], [81682.5, 7910.0], [81680.0, 28620.0]], "asks": [[81762.5, 7690.0], [81765.0, 600.0], [81767.5, 2000.0], [81772.5, 10550.0], [81775.0, 56200.0], [81777.5, 3390.0], [81780.0, 50000.0], [81785.0, 3040.0], [81787.5, 10120.0], [81790.0, 2300.0], [81792.5, 7680.0], [81797.5, 24540.0], [81800.0, 96790.0], [81805.0, 2290.0], [81807.5, 7630.0], [81815.0, 20.0], [81825.0, 2260.0], [81827.5, 7540.0], [81835.0, 4110.0], [81837.5, 7570.0]]}}}
{"jsonrpc": "2.0", "method": "subscription", "params": {"channel": "book.BTC-4APR25.none.20.100ms", "data": {"timestamp": 1743693971988, "change_id": 95439376110, "instrument_name": "BTC-4APR25", "bids": [[81732.5, 1100.0], [81730.0, 1100.0], [81727.5, 4140.0], [81725.0, 14220.0], [81722.5, 10000.0], [81712.5, 1020.0], [81710.0, 3390.0], [81695.0, 2960.0], [81692.5, 9880.0], [81677.5, 3560.0], [81675.0, 9880.0], [81665.0, 2960.0], [81662.5, 9880.0], [81657.5, 7910.0], [81655.0, 26370.0], [81650.0, 2000.0], [81647.5, 2960.0], [81645.0, 9880.0], [81632.5, 3070.0], [81630.0, 10220.0]], "asks": [[81740.0, 10.0], [81742.5, 330.0], [81745.0, 1100.0], [81747.5, 1030.0], [81750.0, 3760.0], [81752.5, 1100.0], [81755.0, 6370.0], [81757.5, 20000.0], [81760.0, 120.0], [81767.5, 50000.0], [81770.0, 18000.0], [81775.0, 10000.0], [81782.5, 3000.0], [81785.0, 10000.0], [81787.5, 7560.0], [81790.0, 25210.0], [81795.0, 10000.0], [81810.0, 3020.0], [81812.5, 10030.0], [81815.0, 40.0]]}}}
{"jsonrpc": "2.0", "method": "subscription", "params": {"channel": "book.BTC-11APR25.none.20.100ms", "data": {"timestamp": 1743693972431, "change_id": 95439378152, "instrument_name": "BTC-11APR25", "bids": [[81740.0, 2120.0], [81725.0, 7570.0], [81712.5, 7570.0], [81697.5, 7570.0], [81687.5, 9360.0], [81685.0, 20.0], [81680.0, 26370.0], [81677.5, 7490.0], [81667.5, 7490.0], [81625.0, 7490.0], [81617.5, 20.0], [81615.0, 7490.0], [81595.0, 7580.0], [81592.5, 6160.0], [81585.0, 26000.0], [81580.0, 143050.0], [81562.5, 7380.0], [81555.0, 500.0], [81552.5, 7400.0], [81522.5, 7570.0]], "asks": [[81742.5, 17190.0], [81745.0, 2000.0], [81752.5, 7680.0], [81755.0, 3390.0], [81762.5, 7680.0], [81767.5, 12000.0], [81770.0, 20000.0], [81775.0, 7680.0], [81780.0, 50000.0], [81787.5, 120.0], [81792.5, 7680.0], [81807.5, 7630.0], [81815.0, 20.0], [81827.5, 7540.0], [81837.5, 7570.0], [81840.0, 6120.0], [81847.5, 7680.0], [81857.5, 7400.0], [81872.5, 7440.0], [81875.0, 18900.0]]}}}
{"jsonrpc": "2.0", "method": "subscription", "params": {"channel": "book.BTC-4APR25.none.20.100ms", "data": {"timestamp": 1743693972442, "change_id": 95439378197, "instrument_name": "BTC-4APR25", "bids": [[81705.0, 120.0], [81692.5, 10000.0], [81680.0, 17860.0], [81675.0, 9880.0], [81662.5, 9880.0], [81655.0, 26370.0], [81650.0, 2000.0], [81645.0, 9880.0], [81630.0, 10220.0], [81620.0, 10240.0], [81617.5, 40.0], [81610.0, 10240.0], [81600.0, 10240.0], [81587.5, 10050.0], [81577.5, 10240.0], [81575.0, 25570.0], [81557.5, 10190.0], [81552.5, 105040.0], [81547.5, 34690.0], [81535.0, 50590.0]], "asks": [[81715.0, 10.0], [81720.0, 10000.0], [81725.0, 14490.0], [81727.5, 1100.0], [81732.5, 1100.0], [81735.0, 1100.0], [81742.5, 20000.0], [81745.0, 11100.0], [81747.5, 10120.0], [81750.0, 40.0], [81765.0, 10000.0], [81767.5, 50000.0], [81770.0, 8000.0], [81775.0, 10000.0], [81785.0, 10000.0], [81790.0, 25210.0], [81795.0, 10000.0], [81812.5, 10030.0], [81815.0, 40.0], [81822.5, 10030.0]]}}}
{"jsonrpc": "2.0", "method": "subscription", "params": {"channel": "book.BTC-11APR25.none.20.100ms", "data": {"timestamp": 1743693972717, "change_id": 95439379839, "instrument_name": "BTC-11APR25", "bids": [[81740.0, 2000.0], [81730.0, 2870.0], [81727.5, 2000.0], [81725.0, 7570.0], [81715.0, 5270.0], [81712.5, 17570.0], [81707.5, 1020.0], [81705.0, 3390.0], [81700.0, 2270.0], [81697.5, 7570.0], [81690.0, 2210.0], [81687.5, 7360.0], [81685.0, 20.0], [81682.5, 7910.0], [81680.0, 28620.0], [81677.5, 7490.0], [81670.0, 2850.0], [81667.5, 7490.0], [81665.0, 2000.0], [81660.0, 2300.0]], "asks": [[81742.5, 12900.0], [81750.0, 2300.0], [81752.5, 7680.0], [81757.5, 600.0], [81760.0, 4300.0], [81762.5, 7680.0], [81765.0, 9640.0], [81767.5, 32120.0], [81772.5, 2300.0], [81775.0, 22680.0], [81777.5, 50000.0], [81790.0, 2300.0], [81792.5, 7680.0], [81805.0, 2290.0], [81807.5, 7630.0], [81815.0, 20.0], [81825.0, 2260.0], [81827.5, 7540.0], [81835.0, 4110.0], [81837.5, 7570.0]]}}}
{"jsonrpc": "2.0", "method": "subscription", "params": {"channel": "book.BTC-4APR25.none.20.100ms", "data": {"timestamp": 1743693972725, "change_id": 95439379702, "instrument_name": "BTC-4APR25", "bids": [[81705.0, 10.0], [81692.5, 10000.0], [81680.0, 13390.0], [81662.5, 9880.0], [81655.0, 26370.0], [81645.0, 9880.0], [81630.0, 10220.0], [81627.5, 2000.0], [81620.0, 10240.0], [81617.5, 40.0], [81610.0, 10240.0], [81600.0, 10240.0], [81587.5, 10050.0], [81577.5, 10240.0], [81575.0, 25570.0], [81557.5, 10190.0], [81552.5, 105040.0], [81547.5, 10000.0], [81537.5, 10000.0], [81535.0, 50590.0]], "asks": [[81712.5, 3390.0], [81720.0, 10000.0], [81725.0, 11100.0], [81727.5, 120.0], [81732.5, 1100.0], [81735.0, 1100.0], [81740.0, 20000.0], [81742.5, 50000.0], [81745.0, 10000.0], [81747.5, 10000.0], [81750.0, 40.0], [81765.0, 10000.0], [81770.0, 8000.0], [81775.0, 10000.0], [81785.0, 10000.0], [81790.0, 25210.0], [81795.0, 10000.0], [81812.5, 10030.0], [81815.0, 40.0], [81822.5, 10030.0]]}}}
{"jsonrpc": "2.0", "method": "subscription", "params": {"channel": "book.BTC-4APR25.none.20.100ms", "data": {"timestamp": 1743693973088, "change_id": 95439381512, "instrument_name": "BTC-4APR25", "bids": [[81695.0, 3000.0], [81692.5, 10000.0], [81685.0, 120.0], [81682.5, 4020.0], [81680.0, 13390.0], [81665.0, 2960.0], [81662.5, 9880.0], [81657.5, 7910.0], [81655.0, 26370.0], [81647.5, 2960.0], [81645.0, 9880.0], [81632.5, 3070.0], [81630.0, 10820.0], [81627.5, 2000.0], [81622.5, 3070.0], [81620.0, 10240.0], [81617.5, 40.0], [81612.5, 3070.0], [81610.0, 10240.0], [81602.5, 3070.0]], "asks": [[81707.5, 340.0], [81710.0, 2120.0], [81712.5, 3390.0], [81717.5, 3000.0], [81720.0, 10000.0], [81722.5, 3330.0], [81725.0, 31380.0], [81727.5, 70120.0], [81730.0, 330.0], [81732.5, 1100.0], [81735.0, 3000.0], [81737.5, 10000.0], [81742.5, 3000.0], [81745.0, 13010.0], [81747.5, 10000.0], [81750.0, 40.0], [81762.5, 3000.0], [81765.0, 10000.0], [81767.5, 2400.0], [81770.0, 8000.0]]}}}
{"jsonrpc": "2.0", "method": "subscription", "params": {"channel": "book.BTC-11APR25.none.20.100ms", "data": {"timestamp": 1743693973077, "change_id": 95439381472, "instrument_name": "BTC-11APR25", "bids": [[81732.5, 2000.0], [81727.5, 2000.0], [81725.0, 7570.0], [81717.5, 120.0], [81715.0, 5270.0], [81712.5, 17570.0], [81707.5, 1020.0], [81705.0, 3390.0], [81700.0, 2270.0], [81697.5, 7570.0], [81690.0, 2210.0], [81687.5, 7360.0], [81685.0, 20.0], [81682.5, 7910.0], [81680.0, 28620.0], [81677.5, 7490.0], [81670.0, 2850.0], [81667.5, 7490.0], [81665.0, 2000.0], [81660.0, 2300.0]], "asks": [[81735.0, 10.0], [81740.0, 9500.0], [81742.5, 18570.0], [81750.0, 5720.0], [81752.5, 7680.0], [81755.0, 20000.0], [81757.5, 15600.0], [81760.0, 78830.0], [81762.5, 89440.0], [81765.0, 3040.0], [81767.5, 10120.0], [81775.0, 7680.0], [81792.5, 7680.0], [81805.0, 2290.0], [81807.5, 7630.0], [81815.0, 20.0], [81825.0, 2260.0], [81827.5, 7540.0], [81837.5, 7570.0], [81840.0, 6120.0]]}}}
{"jsonrpc": "2.0", "method": "subscription", "params": {"channel": "book.BTC-11APR25.none.20.100ms", "data": {"timestamp": 1743693973409, "change_id": 95439383224, "instrument_name": "BTC-11APR25", "bids": [[81732.5, 2010.0], [81727.5, 2000.0], [81722.5, 7680.0], [81715.0, 2270.0], [81712.5, 7570.0], [81697.5, 11080.0], [81687.5, 7360.0], [81685.0, 20.0], [81682.5, 10000.0], [81680.0, 26370.0], [81677.5, 7490.0], [81667.5, 7490.0], [81665.0, 2000.0], [81657.5, 7680.0], [81627.5, 2250.0], [81625.0, 7490.0], [81617.5, 20.0], [81615.0, 7490.0], [81597.5, 13180.0], [81595.0, 7580.0]], "asks": [[81735.0, 3400.0], [81740.0, 9500.0], [81742.5, 7680.0], [81752.5, 51680.0], [81755.0, 60000.0], [81757.5, 120.0], [81760.0, 2000.0], [81762.5, 89440.0], [81775.0, 7680.0], [81792.5, 7680.0], [81807.5, 7630.0], [81815.0, 20.0], [81827.5, 7540.0], [81835.0, 4110.0], [81837.5, 7570.0], [81840.0, 6120.0], [81847.5, 7680.0], [81857.5, 7400.0], [81872.5, 7440.0], [81875.0, 18900.0]]}}}
{"jsonrpc": "2.0", "method": "subscription", "params": {"channel": "book.BTC-4APR25.none.20.100ms", "data": {"timestamp": 1743693973262, "change_id": 95439383324, "instrument_name": "BTC-4APR25", "bids": [[81700.0, 10.0], [81697.5, 330.0], [81695.0, 1100.0], [81682.5, 3000.0], [81680.0, 10000.0], [81675.0, 1020.0], [81672.5, 3390.0], [81665.0, 5590.0], [81662.5, 10000.0], [81660.0, 10000.0], [81657.5, 7910.0], [81655.0, 26370.0], [81647.5, 2960.0], [81645.0, 9880.0], [81632.5, 3070.0], [81630.0, 10820.0], [81627.5, 2000.0], [81622.5, 3070.0], [81620.0, 10240.0], [81617.5, 40.0]], "asks": [[81705.0, 3390.0], [81707.5, 330.0], [81710.0, 1100.0], [81717.5, 3120.0], [81720.0, 10000.0], [81722.5, 9330.0], [81725.0, 31100.0], [81730.0, 330.0], [81732.5, 51100.0], [81735.0, 10000.0], [81737.5, 10000.0], [81747.5, 10000.0], [81750.0, 40.0], [81762.5, 25210.0], [81765.0, 10000.0], [81770.0, 8000.0], [81775.0, 10000.0], [81785.0, 10000.0], [81792.5, 3000.0], [81795.0, 10000.0]]}}}
{"jsonrpc": "2.0", "method": "subscription", "params": {"channel": "book.BTC-11APR25.none.20.100ms", "data": {"timestamp": 1743693973778, "change_id": 95439384615, "instrument_name": "BTC-11APR25", "bids": [[81732.5, 9690.0], [81730.0, 600.0], [81727.5, 2000.0], [81725.0, 2300.0], [81722.5, 7680.0], [81715.0, 2310.0], [81712.5, 7690.0], [81700.0, 6290.0], [81697.5, 20960.0], [81687.5, 7360.0], [81685.0, 20.0], [81682.5, 7910.0], [81680.0, 26370.0], [81677.5, 7490.0], [81670.0, 2850.0], [81667.5, 7490.0], [81665.0, 2000.0], [81657.5, 7680.0], [81625.0, 7490.0], [81617.5, 20.0]], "asks": [[81735.0, 3400.0], [81740.0, 2300.0], [81742.5, 7680.0], [81750.0, 2000.0], [81752.5, 27680.0], [81755.0, 60000.0], [81757.5, 120.0], [81762.5, 89440.0], [81775.0, 7680.0], [81792.5, 7680.0], [81807.5, 7630.0], [81815.0, 20.0], [81827.5, 7540.0], [81837.5, 7570.0], [81840.0, 6120.0], [81847.5, 7680.0], [81857.5, 7400.0], [81872.5, 7440.0], [81875.0, 18900.0], [81880.0, 20.0]]}}}
{"jsonrpc": "2.0", "method": "subscription", "params": {"channel": "book.BTC-4APR25.none.20.100ms", "data": {"timestamp": 1743693973706, "change_id": 95439384343, "instrument_name": "BTC-4APR25", "bids": [[81702.5, 1110.0], [81682.5, 3000.0], [81680.0, 13120.0], [81677.5, 10000.0], [81675.0, 1020.0], [81672.5, 3390.0], [81665.0, 2960.0], [81662.5, 9880.0], [81657.5, 7910.0], [81655.0, 26370.0], [81647.5, 2960.0], [81645.0, 9880.0], [81632.5, 3070.0], [81630.0, 10820.0], [81627.5, 2000.0], [81622.5, 3070.0], [81620.0, 10240.0], [81617.5, 40.0], [81612.5, 3070.0], [81610.0, 10240.0]], "asks": [[81705.0, 3390.0], [81712.5, 330.0], [81715.0, 1100.0], [81717.5, 3120.0], [81720.0, 10000.0], [81722.5, 9330.0], [81725.0, 30000.0], [81730.0, 18290.0], [81732.5, 51100.0], [81735.0, 13000.0], [81737.5, 10000.0], [81745.0, 3010.0], [81747.5, 10000.0], [81750.0, 40.0], [81760.0, 10560.0], [81762.5, 25210.0], [81765.0, 10000.0], [81767.5, 2400.0], [81770.0, 8000.0], [81772.5, 3000.0]]}}}
{"jsonrpc": "2.0", "method": "subscription", "params": {"channel": "book.BTC-11APR25.none.20.100ms", "data": {"timestamp": 1743693974103, "change_id": 95439385873, "instrument_name": "BTC-11APR25", "bids": [[81745.0, 2010.0], [81742.5, 2000.0], [81735.0, 2000.0], [81732.5, 15180.0], [81722.5, 7800.0], [81712.5, 7570.0], [81707.5, 13390.0], [81697.5, 7570.0], [81687.5, 9360.0], [81685.0, 20.0], [81680.0, 26370.0], [81677.5, 7490.0], [81667.5, 7490.0], [81657.5, 7680.0], [81625.0, 7490.0], [81617.5, 20.0], [81615.0, 7490.0], [81595.0, 7580.0], [81585.0, 26000.0], [81580.0, 143050.0]], "asks": [[81747.5, 10.0], [81750.0, 7500.0], [81752.5, 27680.0], [81755.0, 10000.0], [81757.5, 120.0], [81762.5, 7680.0], [81772.5, 50000.0], [81775.0, 7680.0], [81792.5, 7680.0], [81807.5, 7630.0], [81815.0, 20.0], [81827.5, 7540.0], [81837.5, 7570.0], [81840.0, 6120.0], [81847.5, 7680.0], [81857.5, 7400.0], [81872.5, 7440.0], [81875.0, 18900.0], [81880.0, 20.0], [81892.5, 7670.0]]}}}
{"jsonrpc": "2.0", "method": "subscription", "params": {"channel": "book.BTC-4APR25.none.20.100ms", "data": {"timestamp": 1743693974063, "change_id": 95439385804, "instrument_name": "BTC-4APR25", "bids": [[81712.5, 10.0], [81710.0, 330.0], [81707.5, 1100.0], [81705.0, 3330.0], [81702.5, 10000.0], [81690.0, 3000.0], [81687.5, 10000.0], [81680.0, 10120.0], [81662.5, 9880.0], [81657.5, 7910.0], [81655.0, 26370.0], [81650.0, 2000.0], [81645.0, 9880.0], [81630.0, 10220.0], [81620.0, 10240.0], [81617.5, 40.0], [81612.5, 3070.0], [81610.0, 10240.0], [81600.0, 10240.0], [81587.5, 10050.0]], "asks": [[81722.5, 20000.0], [81725.0, 10000.0], [81730.0, 120.0], [81732.5, 1100.0], [81735.0, 10000.0], [81745.0, 50000.0], [81747.5, 10000.0], [81750.0, 40.0], [81760.0, 10560.0], [81762.5, 25210.0], [81765.0, 10000.0], [81770.0, 8000.0], [81775.0, 10000.0], [81780.0, 35000.0], [81785.0, 10000.0], [81795.0, 10000.0], [81812.5, 10030.0], [81815.0, 40.0], [81822.5, 10030.0], [81832.5, 10220.0]]}}}
{"jsonrpc": "2.0", "method": "subscription", "params": {"channel": "book.BTC-4APR25.none.20.100ms", "data": {"timestamp": 1743693974271, "change_id": 95439386649, "instrument_name": "BTC-4APR25", "bids": [[81710.0, 10.0], [81707.5, 1100.0], [81702.5, 10000.0], [81692.5, 120.0], [81690.0, 3390.0], [81687.5, 10000.0], [81680.0, 10000.0], [81662.5, 9880.0], [81655.0, 26370.0], [81650.0, 2000.0], [81645.0, 9880.0], [81630.0, 10220.0], [81620.0, 10240.0], [81617.5, 40.0], [81610.0, 10240.0], [81600.0, 10240.0], [81587.5, 10050.0], [81577.5, 10240.0], [81575.0, 25570.0], [81567.5, 10000.0]], "asks": [[81722.5, 20000.0], [81725.0, 13390.0], [81730.0, 120.0], [81732.5, 1100.0], [81747.5, 10000.0], [81750.0, 40.0], [81752.5, 10000.0], [81760.0, 50000.0], [81762.5, 25210.0], [81765.0, 10000.0], [81770.0, 8000.0], [81775.0, 10000.0], [81780.0, 35000.0], [81785.0, 10000.0], [81795.0, 10000.0], [81812.5, 10030.0], [81815.0, 40.0], [81822.5, 10030.0], [81832.5, 10220.0], [81837.5, 13180.0]]}}}
{"jsonrpc": "2.0", "method": "subscription", "params": {"channel": "book.BTC-11APR25.none.20.100ms", "data": {"timestamp": 1743693974418, "change_id": 95439386906, "instrument_name": "BTC-11APR25", "bids": [[81750.0, 2010.0], [81745.0, 2000.0], [81737.5, 600.0], [81735.0, 6550.0], [81732.5, 15300.0], [81725.0, 2300.0], [81722.5, 7680.0], [81720.0, 1020.0], [81717.5, 3390.0], [81715.0, 2270.0], [81712.5, 7570.0], [81710.0, 3000.0], [81707.5, 10000.0], [81697.5, 7570.0], [81687.5, 9360.0], [81685.0, 20.0], [81680.0, 26370.0], [81677.5, 7490.0], [81667.5, 7490.0], [81657.5, 7680.0]], "asks": [[81752.5, 31080.0], [81760.0, 2300.0], [81762.5, 7680.0], [81767.5, 10000.0], [81770.0, 120.0], [81772.5, 50000.0], [81775.0, 7680.0], [81792.5, 7680.0], [81807.5, 7630.0], [81815.0, 20.0], [81827.5, 7540.0], [81837.5, 7570.0], [81840.0, 6120.0], [81847.5, 7680.0], [81857.5, 7400.0], [81872.5, 7440.0], [81875.0, 18900.0], [81880.0, 20.0], [81892.5, 7670.0], [81930.0, 500.0]]}}}
{"jsonrpc": "2.0", "method": "subscription", "params": {"channel": "book.BTC-11APR25.none.20.100ms", "data": {"timestamp": 1743693974709, "change_id": 95439387501, "instrument_name": "BTC-11APR25", "bids": [[81735.0, 2010.0], [81732.5, 7800.0], [81725.0, 2300.0], [81722.5, 7680.0], [81720.0, 3890.0], [81717.5, 13390.0], [81715.0, 2270.0], [81712.5, 7570.0], [81700.0, 2270.0], [81697.5, 7570.0], [81690.0, 2810.0], [81687.5, 9360.0], [81685.0, 20.0], [81682.5, 7910.0], [81680.0, 28620.0], [81677.5, 7490.0], [81670.0, 2250.0], [81667.5, 7490.0], [81660.0, 2300.0], [81657.5, 7680.0]], "asks": [[81737.5, 10.0], [81742.5, 7680.0], [81747.5, 20000.0], [81750.0, 59500.0], [81752.5, 18570.0], [81757.5, 10300.0], [81760.0, 36640.0], [81762.5, 7680.0], [81765.0, 3040.0], [81767.5, 10000.0], [81770.0, 120.0], [81772.5, 2300.0], [81775.0, 7680.0], [81790.0, 2300.0], [81792.5, 7680.0], [81805.0, 2290.0], [81807.5, 7630.0], [81815.0, 20.0], [81825.0, 2260.0], [81827.5, 7540.0]]}}}
{"jsonrpc": "2.0", "method": "subscription", "params": {"channel": "book.BTC-4APR25.none.20.100ms", "data": {"timestamp": 1743693974719, "change_id": 95439387602, "instrument_name": "BTC-4APR25", "bids": [[81702.5, 1100.0], [81700.0, 3000.0], [81697.5, 10000.0], [81692.5, 1140.0], [81690.0, 3390.0], [81682.5, 3000.0], [81680.0, 10000.0], [81672.5, 10000.0], [81665.0, 2960.0], [81662.5, 9880.0], [81657.5, 7910.0], [81655.0, 26370.0], [81652.5, 600.0], [81650.0, 2000.0], [81647.5, 2960.0], [81645.0, 9880.0], [81630.0, 10220.0], [81620.0, 10240.0], [81617.5, 40.0], [81610.0, 10240.0]], "asks": [[81712.5, 1110.0], [81715.0, 10430.0], [81717.5, 21100.0], [81720.0, 10000.0], [81725.0, 3390.0], [81730.0, 120.0], [81740.0, 84330.0], [81742.5, 10000.0], [81747.5, 10000.0], [81750.0, 40.0], [81752.5, 10000.0], [81762.5, 25210.0], [81765.0, 10000.0], [81770.0, 8000.0], [81775.0, 10000.0], [81780.0, 35000.0], [81785.0, 10000.0], [81795.0, 10000.0], [81812.5, 10030.0], [81815.0, 40.0]]}}}
{"jsonrpc": "2.0", "method": "subscription", "params": {"channel": "book.BTC-4APR25.none.20.100ms", "data": {"timestamp": 1743693975048, "change_id": 95439388365, "instrument_name": "BTC-4APR25", "bids": [[81710.0, 10.0], [81707.5, 330.0], [81705.0, 1430.0], [81702.5, 1100.0], [81700.0, 3000.0], [81697.5, 10000.0], [81692.5, 1140.0], [81690.0, 3390.0], [81682.5, 3000.0], [81680.0, 10000.0], [81675.0, 3000.0], [81672.5, 10000.0], [81665.0, 2960.0], [81662.5, 9880.0], [81657.5, 7910.0], [81655.0, 26370.0], [81652.5, 600.0], [81650.0, 2000.0], [81647.5, 2960.0], [81645.0, 9880.0]], "asks": [[81725.0, 4490.0], [81730.0, 120.0], [81732.5, 6000.0], [81735.0, 20000.0], [81737.5, 25300.0], [81740.0, 84330.0], [81745.0, 3010.0], [81747.5, 10000.0], [81750.0, 3040.0], [81752.5, 10000.0], [81760.0, 10560.0], [81762.5, 25210.0], [81765.0, 10000.0], [81767.5, 2400.0], [81770.0, 8000.0], [81772.5, 3000.0], [81775.0, 10000.0], [81777.5, 10500.0], [81780.0, 35000.0], [81782.5, 3000.0]]}}}
{"jsonrpc": "2.0", "method": "subscription", "params": {"channel": "book.BTC-11APR25.none.20.100ms", "data": {"timestamp": 1743693975071, "change_id": 95439388439, "instrument_name": "BTC-11APR25", "bids": [[81747.5, 10.0], [81745.0, 2220.0], [81742.5, 7400.0], [81737.5, 600.0], [81735.0, 4340.0], [81732.5, 7800.0], [81725.0, 2300.0], [81722.5, 7680.0], [81720.0, 3890.0], [81717.5, 13390.0], [81715.0, 2270.0], [81712.5, 7570.0], [81700.0, 2270.0], [81697.5, 7570.0], [81690.0, 2810.0], [81687.5, 9360.0], [81685.0, 20.0], [81682.5, 7910.0], [81680.0, 28620.0], [81677.5, 7490.0]], "asks": [[81750.0, 10.0], [81752.5, 23390.0], [81755.0, 25300.0], [81757.5, 50000.0], [81760.0, 36640.0], [81762.5, 7680.0], [81765.0, 3040.0], [81767.5, 10000.0], [81770.0, 120.0], [81772.5, 2300.0], [81775.0, 7680.0], [81790.0, 2300.0], [81792.5, 7680.0], [81805.0, 2290.0], [81807.5, 7630.0], [81815.0, 20.0], [81825.0, 2260.0], [81827.5, 7540.0], [81835.0, 4110.0], [81837.5, 7570.0]]}}}
{"jsonrpc": "2.0", "method": "subscription", "params": {"channel": "book.BTC-11APR25.none.20.100ms", "data": {"timestamp": 1743693975344, "change_id": 95439389241, "instrument_name": "BTC-11APR25", "bids": [[81737.5, 600.0], [81735.0, 4340.0], [81732.5, 7800.0], [81725.0, 2300.0], [81722.5, 7680.0], [81720.0, 3890.0], [81717.5, 13390.0], [81715.0, 2270.0], [81712.5, 7570.0], [81700.0, 2270.0], [81697.5, 7570.0], [81690.0, 2810.0], [81687.5, 9360.0], [81685.0, 20.0], [81682.5, 7910.0], [81680.0, 28620.0], [81677.5, 7490.0], [81670.0, 2250.0], [81667.5, 7490.0], [81660.0, 2300.0]], "asks": [[81747.5, 610.0], [81750.0, 11270.0], [81752.5, 23390.0], [81755.0, 25300.0], [81757.5, 50000.0], [81760.0, 36640.0], [81762.5, 7680.0], [81765.0, 3040.0], [81767.5, 10000.0], [81770.0, 120.0], [81772.5, 2300.0], [81775.0, 7680.0], [81790.0, 2300.0], [81792.5, 7680.0], [81805.0, 2290.0], [81807.5, 7630.0], [81815.0, 20.0], [81825.0, 2260.0], [81827.5, 7540.0], [81835.0, 4110.0]]}}}
{"jsonrpc": "2.0", "method": "subscription", "params": {"channel": "book.BTC-4APR25.none.20.100ms", "data": {"timestamp": 1743693975143, "change_id": 95439388873, "instrument_name": "BTC-4APR25", "bids": [[81710.0, 10.0], [81707.5, 330.0], [81705.0, 1430.0], [81702.5, 1100.0], [81700.0, 3000.0], [81697.5, 10000.0], [81692.5, 1140.0], [81690.0, 3390.0], [81682.5, 3000.0], [81680.0, 10000.0], [81675.0, 3000.0], [81672.5, 10000.0], [81665.0, 2960.0], [81662.5, 9880.0], [81657.5, 7910.0], [81655.0, 26370.0], [81652.5, 600.0], [81650.0, 2000.0], [81647.5, 2960.0], [81645.0, 9880.0]], "asks": [[81722.5, 2450.0], [81725.0, 3390.0], [81730.0, 120.0], [81732.5, 6000.0], [81735.0, 20000.0], [81737.5, 25300.0], [81740.0, 84330.0], [81745.0, 3010.0], [81747.5, 10000.0], [81750.0, 3040.0], [81752.5, 10000.0], [81760.0, 10560.0], [81762.5, 25210.0], [81765.0, 10000.0], [81767.5, 2400.0], [81770.0, 8000.0], [81772.5, 3000.0], [81775.0, 10000.0], [81777.5, 10500.0], [81780.0, 35000.0]]}}}
{"jsonrpc": "2.0", "method": "subscription", "params": {"channel": "book.BTC-11APR25.none.20.100ms", "data": {"timestamp": 1743693975764, "change_id": 95439389852, "instrument_name": "BTC-11APR25", "bids": [[81747.5, 10.0], [81745.0, 3200.0], [81742.5, 2000.0], [81740.0, 3200.0], [81737.5, 2000.0], [81735.0, 4340.0], [81732.5, 7800.0], [81730.0, 600.0], [81727.5, 2000.0], [81725.0, 2300.0], [81722.5, 7680.0], [81720.0, 3890.0], [81717.5, 13390.0], [81715.0, 2270.0], [81712.5, 7570.0], [81700.0, 2270.0], [81697.5, 7570.0], [81690.0, 2810.0], [81687.5, 9360.0], [81685.0, 20.0]], "asks": [[81752.5, 30890.0], [81755.0, 25300.0], [81757.5, 50000.0], [81760.0, 36640.0], [81762.5, 7680.0], [81765.0, 3040.0], [81767.5, 10000.0], [81770.0, 120.0], [81772.5, 2300.0], [81775.0, 7680.0], [81790.0, 2300.0], [81792.5, 7680.0], [81805.0, 2290.0], [81807.5, 7630.0], [81815.0, 20.0], [81825.0, 2260.0], [81827.5, 7540.0], [81835.0, 4110.0], [81837.5, 7570.0], [81840.0, 6120.0]]}}}
{"jsonrpc": "2.0", "method": "subscription", "params": {"channel": "book.BTC-4APR25.none.20.100ms", "data": {"timestamp": 1743693975672, "change_id": 95439389721, "instrument_name": "BTC-4APR25", "bids": [[81720.0, 10.0], [81715.0, 1760.0], [81712.5, 1100.0], [81710.0, 1100.0], [81707.5, 330.0], [81705.0, 1430.0], [81702.5, 1100.0], [81700.0, 3000.0], [81697.5, 10000.0], [81692.5, 1140.0], [81690.0, 3390.0], [81682.5, 3000.0], [81680.0, 10000.0], [81675.0, 3000.0], [81672.5, 10000.0], [81665.0, 2960.0], [81662.5, 9880.0], [81657.5, 7910.0], [81655.0, 26370.0], [81652.5, 600.0]], "asks": [[81722.5, 1100.0], [81725.0, 3390.0], [81730.0, 120.0], [81732.5, 6000.0], [81735.0, 20000.0], [81737.5, 25300.0], [81740.0, 84330.0], [81745.0, 3010.0], [81747.5, 10000.0], [81750.0, 3040.0], [81752.5, 10000.0], [81760.0, 10560.0], [81762.5, 25210.0], [81765.0, 10000.0], [81767.5, 2400.0], [81770.0, 8000.0], [81772.5, 3000.0], [81775.0, 10000.0], [81777.5, 10500.0], [81780.0, 35000.0]]}}}
{"jsonrpc": "2.0", "method": "subscription", "params": {"channel": "book.BTC-4APR25.none.20.100ms", "data": {"timestamp": 1743693975815, "change_id": 95439390111, "instrument_name": "BTC-4APR25", "bids": [[81715.0, 1110.0], [81712.5, 1100.0], [81710.0, 1100.0], [81707.5, 330.0], [81705.0, 1430.0], [81702.5, 1220.0], [81700.0, 3000.0], [81697.5, 10000.0], [81692.5, 1020.0], [81690.0, 3390.0], [81682.5, 3000.0], [81680.0, 10000.0], [81675.0, 3000.0], [81672.5, 10000.0], [81665.0, 2960.0], [81662.5, 9880.0], [81657.5, 7910.0], [81655.0, 26370.0], [81652.5, 600.0], [81650.0, 2000.0]], "asks": [[81717.5, 1110.0], [81720.0, 1350.0], [81722.5, 1100.0], [81725.0, 3390.0], [81730.0, 120.0], [81732.5, 6000.0], [81735.0, 20000.0], [81737.5, 25300.0], [81740.0, 84330.0], [81745.0, 3010.0], [81747.5, 10000.0], [81750.0, 3040.0], [81752.5, 10000.0], [81760.0, 10560.0], [81762.5, 25210.0], [81765.0, 10000.0], [81767.5, 2400.0], [81770.0, 8000.0], [81772.5, 3000.0], [81775.0, 10000.0]]}}}
{"jsonrpc": "2.0", "method": "subscription", "params": {"channel": "book.BTC-11APR25.none.20.100ms", "data": {"timestamp": 1743693976043, "change_id": 95439390314, "instrument_name": "BTC-11APR25", "bids": [[81745.0, 2010.0], [81742.5, 2600.0], [81740.0, 3200.0], [81737.5, 2000.0], [81735.0, 4340.0], [81732.5, 7800.0], [81730.0, 600.0], [81727.5, 2000.0], [81725.0, 2300.0], [81722.5, 7680.0], [81720.0, 3890.0], [81717.5, 13390.0], [81715.0, 2270.0], [81712.5, 7570.0], [81700.0, 2270.0], [81697.5, 7570.0], [81690.0, 2810.0], [81687.5, 9360.0], [81685.0, 20.0], [81682.5, 7910.0]], "asks": [[81747.5, 2010.0], [81750.0, 9270.0], [81752.5, 23390.0], [81755.0, 15000.0], [81757.5, 50000.0], [81760.0, 2300.0], [81762.5, 7680.0], [81765.0, 3040.0], [81767.5, 10000.0], [81770.0, 120.0], [81772.5, 2300.0], [81775.0, 7680.0], [81790.0, 2300.0], [81792.5, 7680.0], [81805.0, 2290.0], [81807.5, 7630.0], [81815.0, 20.0], [81825.0, 2260.0], [81827.5, 7540.0], [81835.0, 4110.0]]}}}
{"jsonrpc": "2.0", "method": "subscription", "params": {"channel": "book.BTC-11APR25.none.20.100ms", "data": {"timestamp": 1743693976418, "change_id": 95439391138, "instrument_name": "BTC-11APR25", "bids": [[81745.0, 9410.0], [81742.5, 2600.0], [81740.0, 3200.0], [81737.5, 2000.0], [81735.0, 4340.0], [81732.5, 7800.0], [81730.0, 600.0], [81727.5, 2000.0], [81725.0, 2300.0], [81722.5, 7680.0], [81720.0, 3890.0], [81717.5, 13390.0], [81715.0, 2270.0], [81712.5, 7570.0], [81700.0, 2270.0], [81697.5, 7570.0], [81690.0, 2810.0], [81687.5, 9360.0], [81685.0, 20.0], [81682.5, 7910.0]], "asks": [[81747.5, 10.0], [81750.0, 9270.0], [81752.5, 23390.0], [81755.0, 15000.0], [81760.0, 76540.0], [81762.5, 89440.0], [81765.0, 3040.0], [81767.5, 10000.0], [81770.0, 120.0], [81772.5, 2300.0], [81775.0, 7680.0], [81790.0, 2300.0], [81792.5, 7680.0], [81805.0, 2290.0], [81807.5, 7630.0], [81815.0, 20.0], [81825.0, 2260.0], [81827.5, 7540.0], [81835.0, 4110.0], [81837.5, 7570.0]]}}}
{"jsonrpc": "2.0", "method": "subscription", "params": {"channel": "book.BTC-4APR25.none.20.100ms", "data": {"timestamp": 1743693976424, "change_id": 95439391160, "instrument_name": "BTC-4APR25", "bids": [[81720.0, 10.0], [81717.5, 1100.0], [81715.0, 1100.0], [81712.5, 1430.0], [81710.0, 1100.0], [81707.5, 330.0], [81705.0, 1430.0], [81702.5, 1220.0], [81700.0, 3000.0], [81697.5, 10000.0], [81692.5, 1020.0], [81690.0, 3390.0], [81687.5, 3040.0], [81685.0, 10140.0], [81682.5, 3000.0], [81680.0, 10000.0], [81675.0, 3000.0], [81672.5, 10000.0], [81665.0, 2960.0], [81662.5, 9880.0]], "asks": [[81722.5, 2150.0], [81725.0, 3390.0], [81730.0, 120.0], [81732.5, 6000.0], [81735.0, 20000.0], [81737.5, 25300.0], [81740.0, 84330.0], [81745.0, 3010.0], [81747.5, 10000.0], [81750.0, 3040.0], [81752.5, 10000.0], [81760.0, 10560.0], [81762.5, 25210.0], [81765.0, 10000.0], [81767.5, 2400.0], [81770.0, 8000.0], [81772.5, 3000.0], [81775.0, 10000.0], [81777.5, 10500.0], [81780.0, 35000.0]]}}}
{"jsonrpc": "2.0", "method": "subscription", "params": {"channel": "book.BTC-11APR25.none.20.100ms", "data": {"timestamp": 1743693976688, "change_id": 95439391686, "instrument_name": "BTC-11APR25", "bids": [[81745.0, 2010.0], [81742.5, 2600.0], [81740.0, 3200.0], [81737.5, 2000.0], [81735.0, 4340.0], [81732.5, 7800.0], [81730.0, 600.0], [81727.5, 2000.0], [81725.0, 2300.0], [81722.5, 7680.0], [81720.0, 3890.0], [81717.5, 13390.0], [81715.0, 2270.0], [81712.5, 7570.0], [81700.0, 2270.0], [81697.5, 7570.0], [81690.0, 2810.0], [81687.5, 9360.0], [81685.0, 20.0], [81682.5, 7910.0]], "asks": [[81747.5, 10.0], [81750.0, 14420.0], [81752.5, 23390.0], [81755.0, 15000.0], [81760.0, 76540.0], [81762.5, 89440.0], [81765.0, 3040.0], [81767.5, 10000.0], [81770.0, 120.0], [81772.5, 2300.0], [81775.0, 7680.0], [81790.0, 2300.0], [81792.5, 7680.0], [81805.0, 2290.0], [81807.5, 7630.0], [81815.0, 20.0], [81825.0, 2260.0], [81827.5, 7540.0], [81835.0, 4110.0], [81837.5, 7570.0]]}}}
{"jsonrpc": "2.0", "method": "subscription", "params": {"channel": "book.BTC-4APR25.none.20.100ms", "data": {"timestamp": 1743693976694, "change_id": 95439391697, "instrument_name": "BTC-4APR25", "bids": [[81720.0, 10.0], [81717.5, 1100.0], [81715.0, 1100.0], [81712.5, 1430.0], [81710.0, 1100.0], [81707.5, 330.0], [81705.0, 1430.0], [81702.5, 1220.0], [81700.0, 3000.0], [81697.5, 10000.0], [81692.5, 1020.0], [81690.0, 3390.0], [81687.5, 3040.0], [81685.0, 10140.0], [81682.5, 3000.0], [81680.0, 10000.0], [81675.0, 3000.0], [81672.5, 10000.0], [81665.0, 2960.0], [81662.5, 9880.0]], "asks": [[81722.5, 1110.0], [81725.0, 4490.0], [81727.5, 330.0], [81730.0, 1100.0], [81732.5, 6000.0], [81735.0, 20000.0], [81737.5, 25300.0], [81740.0, 84330.0], [81742.5, 120.0], [81745.0, 3010.0], [81747.5, 10000.0], [81750.0, 40.0], [81760.0, 10560.0], [81762.5, 25210.0], [81765.0, 10000.0], [81767.5, 2400.0], [81770.0, 8000.0], [81772.5, 3000.0], [81775.0, 10000.0], [81777.5, 10500.0]]}}}
{"jsonrpc": "2.0", "method": "subscription", "params": {"channel": "book.BTC-4APR25.none.20.100ms", "data": {"timestamp": 1743693977057, "change_id": 95439392714, "instrument_name": "BTC-4APR25", "bids": [[81705.0, 1110.0], [81702.5, 1220.0], [81700.0, 3000.0], [81697.5, 10000.0], [81692.5, 1020.0], [81690.0, 3390.0], [81682.5, 3000.0], [81680.0, 10000.0], [81675.0, 3000.0], [81672.5, 10000.0], [81665.0, 2960.0], [81662.5, 9880.0], [81657.5, 7910.0], [81655.0, 26370.0], [81652.5, 600.0], [81650.0, 2000.0], [81647.5, 2960.0], [81645.0, 9880.0], [81632.5, 3070.0], [81630.0, 10220.0]], "asks": [[81707.5, 10.0], [81712.5, 330.0], [81715.0, 2120.0], [81717.5, 3390.0], [81720.0, 6580.0], [81722.5, 21100.0], [81725.0, 1100.0], [81727.5, 15290.0], [81730.0, 51100.0], [81732.5, 120.0], [81740.0, 3080.0], [81742.5, 10140.0], [81745.0, 3010.0], [81747.5, 10000.0], [81750.0, 3080.0], [81752.5, 10140.0], [81760.0, 10560.0], [81762.5, 25210.0], [81765.0, 10000.0], [81767.5, 2400.0]]}}}
{"jsonrpc": "2.0", "method": "subscription", "params": {"channel": "book.BTC-11APR25.none.20.100ms", "data": {"timestamp": 1743693977063, "change_id": 95439392707, "instrument_name": "BTC-11APR25", "bids": [[81737.5, 2000.0], [81735.0, 2000.0], [81732.5, 120.0], [81730.0, 600.0], [81727.5, 2000.0], [81725.0, 2300.0], [81722.5, 7680.0], [81720.0, 3890.0], [81717.5, 10000.0], [81715.0, 2270.0], [81712.5, 7570.0], [81710.0, 3390.0], [81700.0, 2270.0], [81697.5, 7570.0], [81690.0, 2810.0], [81687.5, 9360.0], [81685.0, 20.0], [81682.5, 7910.0], [81680.0, 28620.0], [81677.5, 7490.0]], "asks": [[81740.0, 16910.0], [81742.5, 18320.0], [81745.0, 23390.0], [81750.0, 7400.0], [81755.0, 15000.0], [81760.0, 76540.0], [81762.5, 89440.0], [81765.0, 3040.0], [81767.5, 10000.0], [81770.0, 120.0], [81772.5, 2300.0], [81775.0, 7680.0], [81790.0, 2300.0], [81792.5, 7680.0], [81805.0, 2290.0], [81807.5, 7630.0], [81815.0, 20.0], [81825.0, 2260.0], [81827.5, 7540.0], [81835.0, 4110.0]]}}}
{"jsonrpc": "2.0", "method": "subscription", "params": {"channel": "book.BTC-11APR25.none.20.100ms", "data": {"timestamp": 1743693977397, "change_id": 95439394440, "instrument_name": "BTC-11APR25", "bids": [[81737.5, 2000.0], [81732.5, 2000.0], [81730.0, 600.0], [81727.5, 2000.0], [81725.0, 2300.0], [81722.5, 7680.0], [81720.0, 120.0], [81715.0, 2270.0], [81712.5, 7570.0], [81700.0, 2270.0], [81697.5, 7570.0], [81690.0, 2810.0], [81687.5, 7360.0], [81685.0, 20.0], [81682.5, 7910.0], [81680.0, 28620.0], [81677.5, 7490.0], [81670.0, 2250.0], [81667.5, 7490.0], [81665.0, 600.0]], "asks": [[81740.0, 14910.0], [81742.5, 23360.0], [81745.0, 23390.0], [81747.5, 50000.0], [81750.0, 7400.0], [81755.0, 3000.0], [81757.5, 10000.0], [81760.0, 26660.0], [81762.5, 89440.0], [81772.5, 2300.0], [81775.0, 7680.0], [81790.0, 2300.0], [81792.5, 7680.0], [81805.0, 2290.0], [81807.5, 7630.0], [81815.0, 20.0], [81825.0, 2260.0], [81827.5, 7540.0], [81835.0, 4110.0], [81837.5, 7570.0]]}}}
{"jsonrpc": "2.0", "method": "subscription", "params": {"channel": "book.BTC-4APR25.none.20.100ms", "data": {"timestamp": 1743693977384, "change_id": 95439394399, "instrument_name": "BTC-4APR25", "bids": [[81702.5, 10.0], [81697.5, 3010.0], [81695.0, 7470.0], [81692.5, 11100.0], [81690.0, 10120.0], [81682.5, 1020.0], [81680.0, 3390.0], [81665.0, 2960.0], [81662.5, 9880.0], [81657.5, 7910.0], [81655.0, 26370.0], [81647.5, 2960.0], [81645.0, 9880.0], [81632.5, 3070.0], [81630.0, 10820.0], [81627.5, 2000.0], [81622.5, 3070.0], [81620.0, 10240.0], [81617.5, 40.0], [81612.5, 3070.0]], "asks": [[81707.5, 10.0], [81712.5, 330.0], [81715.0, 2120.0], [81717.5, 3390.0], [81720.0, 6660.0], [81722.5, 21100.0], [81725.0, 1100.0], [81727.5, 14960.0], [81730.0, 51100.0], [81732.5, 120.0], [81735.0, 3000.0], [81737.5, 10000.0], [81740.0, 24100.0], [81742.5, 91880.0], [81750.0, 3080.0], [81752.5, 10140.0], [81760.0, 10560.0], [81762.5, 25210.0], [81765.0, 10000.0], [81767.5, 2400.0]]}}}
