{"jsonrpc": "2.0", "method": "subscription", "params": {"channel": "book.BTC-20FEB26.none.20.100ms", "data": {"timestamp": 1770411308071, "change_id": 139101179092, "instrument_name": "BTC-20FEB26", "bids": [[70272.5, 1360.0], [70270.0, 4530.0], [70250.0, 900.0], [70247.5, 3000.0], [70210.0, 3050.0], [70207.5, 10210.0], [70067.5, 2050.0], [70037.5, 8200.0], [70010.0, 10.0], [70002.5, 32830.0], [69992.5, 40.0], [69967.5, 160.0], [69910.0, 30040.0], [69892.5, 15140.0], [69877.5, 29100.0], [69860.0, 300000.0], [69857.5, 30830.0], [69787.5, 29860.0], [69765.0, 19690.0], [69635.0, 300000.0]], "asks": [[70297.5, 1350.0], [70300.0, 4530.0], [70310.0, 40.0], [70327.5, 4740.0], [70330.0, 18400.0], [70332.5, 83390.0], [70390.0, 3130.0], [70392.5, 10480.0], [70595.0, 5110.0], [70597.5, 10.0], [70640.0, 40.0], [70700.0, 170.0], [70712.5, 20.0], [70717.5, 10.0], [70727.5, 10.0], [70745.0, 29650.0], [70752.5, 15270.0], [70805.0, 30350.0], [70807.5, 30810.0], [70907.5, 29120.0]]}}}
{"jsonrpc": "2.0", "method": "subscription", "params": {"channel": "book.BTC-13FEB26.none.20.100ms", "data": {"timestamp": 1770411308346, "change_id": 139101180264, "instrument_name": "BTC-13FEB26", "bids": [[70232.5, 10.0], [70230.0, 4520.0], [70227.5, 50000.0], [70225.0, 450.0], [70222.5, 1500.0], [70215.0, 40.0], [70202.5, 10000.0], [70155.0, 10220.0], [70150.0, 4510.0], [70130.0, 40.0], [70095.0, 45520.0], [69970.0, 50000.0], [69942.5, 160.0], [69927.5, 10.0], [69915.0, 20420.0], [69897.5, 39620.0], [69895.0, 50000.0], [69875.0, 60080.0], [69862.5, 40250.0], [69835.0, 59200.0]], "asks": [[70255.0, 4520.0], [70260.0, 1200.0], [70262.5, 1200.0], [70265.0, 1200.0], [70267.5, 80.0], [70275.0, 51200.0], [70277.5, 50000.0], [70290.0, 1500.0], [70317.5, 5970.0], [70320.0, 20000.0], [70357.5, 10120.0], [70422.5, 45880.0], [70445.0, 4530.0], [70522.5, 10260.0], [70557.5, 10.0], [70565.0, 50000.0], [70600.0, 20330.0], [70660.0, 19490.0], [70667.5, 50000.0], [70685.0, 40660.0]]}}}
{"jsonrpc": "2.0", "method": "subscription", "params": {"channel": "book.BTC-20FEB26.none.20.100ms", "data": {"timestamp": 1770411308206, "change_id": 139101180444, "instrument_name": "BTC-20FEB26", "bids": [[70280.0, 1350.0], [70277.5, 4530.0], [70275.0, 1090.0], [70272.5, 5010.0], [70250.0, 900.0], [70247.5, 3000.0], [70210.0, 3050.0], [70207.5, 10210.0], [70010.0, 10.0], [69992.5, 40.0], [69967.5, 160.0], [69910.0, 30040.0], [69892.5, 15140.0], [69877.5, 29100.0], [69860.0, 300000.0], [69857.5, 30830.0], [69787.5, 29860.0], [69765.0, 19690.0], [69635.0, 300000.0], [69625.0, 19830.0]], "asks": [[70305.0, 1350.0], [70307.5, 5140.0], [70310.0, 2040.0], [70327.5, 4380.0], [70330.0, 15870.0], [70392.5, 10480.0], [70595.0, 5110.0], [70597.5, 10.0], [70640.0, 40.0], [70642.5, 50000.0], [70700.0, 170.0], [70712.5, 20.0], [70717.5, 10.0], [70727.5, 10.0], [70745.0, 29650.0], [70752.5, 15270.0], [70805.0, 30350.0], [70807.5, 30810.0], [70907.5, 29120.0], [70967.5, 300000.0]]}}}
{"jsonrpc": "2.0", "method": "subscription", "params": {"channel": "book.BTC-13FEB26.none.20.100ms", "data": {"timestamp": 1770411308730, "change_id": 139101181813, "instrument_name": "BTC-13FEB26", "bids": [[70240.0, 4530.0], [70227.5, 50000.0], [70222.5, 1500.0], [70215.0, 10040.0], [70155.0, 10220.0], [70152.5, 1350.0], [70150.0, 4510.0], [70130.0, 40.0], [70095.0, 45520.0], [70025.0, 8200.0], [69985.0, 32830.0], [69970.0, 50000.0], [69942.5, 160.0], [69927.5, 10.0], [69915.0, 20420.0], [69897.5, 39620.0], [69895.0, 50000.0], [69875.0, 60080.0], [69862.5, 40250.0], [69835.0, 59200.0]], "asks": [[70252.5, 1200.0], [70260.0, 1200.0], [70262.5, 1200.0], [70265.0, 5720.0], [70267.5, 40.0], [70275.0, 51200.0], [70277.5, 50000.0], [70280.0, 40.0], [70317.5, 5970.0], [70320.0, 20000.0], [70357.5, 10120.0], [70422.5, 45880.0], [70445.0, 4530.0], [70522.5, 10260.0], [70557.5, 10.0], [70565.0, 50000.0], [70600.0, 20330.0], [70660.0, 19490.0], [70667.5, 50000.0], [70685.0, 40660.0]]}}}
{"jsonrpc": "2.0", "method": "subscription", "params": {"channel": "book.BTC-20FEB26.none.20.100ms", "data": {"timestamp": 1770411308690, "change_id": 139101181690, "instrument_name": "BTC-20FEB26", "bids": [[70287.5, 4540.0], [70250.0, 900.0], [70247.5, 3000.0], [70210.0, 3050.0], [70207.5, 10210.0], [70010.0, 10.0], [69992.5, 40.0], [69967.5, 160.0], [69910.0, 30040.0], [69892.5, 15140.0], [69877.5, 29100.0], [69860.0, 300000.0], [69857.5, 30830.0], [69787.5, 29860.0], [69765.0, 19690.0], [69635.0, 300000.0], [69625.0, 19830.0], [69380.0, 640.0], [69295.0, 19620.0], [68705.0, 9780.0]], "asks": [[70315.0, 1350.0], [70317.5, 4530.0], [70322.5, 40.0], [70390.0, 3130.0], [70392.5, 10480.0], [70595.0, 5110.0], [70597.5, 10.0], [70640.0, 40.0], [70700.0, 170.0], [70712.5, 20.0], [70715.0, 50000.0], [70717.5, 10.0], [70727.5, 10.0], [70745.0, 29650.0], [70752.5, 15270.0], [70805.0, 30350.0], [70807.5, 30810.0], [70907.5, 29120.0], [70967.5, 300000.0], [71055.0, 10.0]]}}}
{"jsonrpc": "2.0", "method": "subscription", "params": {"channel": "book.BTC-13FEB26.none.20.100ms", "data": {"timestamp": 1770411309036, "change_id": 139101183268, "instrument_name": "BTC-13FEB26", "bids": [[70247.5, 450.0], [70245.0, 1500.0], [70242.5, 1350.0], [70240.0, 4530.0], [70230.0, 11170.0], [70227.5, 50000.0], [70217.5, 3000.0], [70215.0, 10040.0], [70157.5, 3050.0], [70155.0, 10220.0], [70152.5, 1350.0], [70150.0, 4510.0], [70130.0, 40.0], [70095.0, 45520.0], [69970.0, 50000.0], [69942.5, 160.0], [69927.5, 10.0], [69915.0, 20420.0], [69897.5, 39620.0], [69895.0, 50000.0]], "asks": [[70252.5, 1200.0], [70257.5, 360.0], [70260.0, 7090.0], [70262.5, 22910.0], [70265.0, 5720.0], [70267.5, 40.0], [70272.5, 14700.0], [70275.0, 66130.0], [70277.5, 50000.0], [70280.0, 40.0], [70292.5, 1500.0], [70357.5, 10120.0], [70422.5, 45880.0], [70445.0, 4530.0], [70522.5, 10260.0], [70557.5, 10.0], [70565.0, 50000.0], [70600.0, 20330.0], [70660.0, 19490.0], [70667.5, 50000.0]]}}}
{"jsonrpc": "2.0", "method": "subscription", "params": {"channel": "book.BTC-20FEB26.none.20.100ms", "data": {"timestamp": 1770411308923, "change_id": 139101183135, "instrument_name": "BTC-20FEB26", "bids": [[70287.5, 10.0], [70282.5, 1350.0], [70280.0, 4530.0], [70250.0, 900.0], [70247.5, 3000.0], [70210.0, 3050.0], [70207.5, 10210.0], [70010.0, 10.0], [69992.5, 40.0], [69967.5, 160.0], [69910.0, 30040.0], [69892.5, 15140.0], [69877.5, 29100.0], [69860.0, 300000.0], [69857.5, 30830.0], [69787.5, 29860.0], [69765.0, 19690.0], [69635.0, 300000.0], [69625.0, 19830.0], [69380.0, 640.0]], "asks": [[70307.5, 1350.0], [70310.0, 4530.0], [70322.5, 40.0], [70390.0, 3130.0], [70392.5, 10480.0], [70595.0, 5110.0], [70597.5, 10.0], [70640.0, 40.0], [70700.0, 170.0], [70712.5, 20.0], [70715.0, 50000.0], [70717.5, 10.0], [70727.5, 10.0], [70745.0, 29650.0], [70752.5, 15270.0], [70805.0, 30350.0], [70807.5, 30810.0], [70907.5, 29120.0], [70967.5, 300000.0], [71055.0, 10.0]]}}}
{"jsonrpc": "2.0", "method": "subscription", "params": {"channel": "book.BTC-13FEB26.none.20.100ms", "data": {"timestamp": 1770411309412, "change_id": 139101184294, "instrument_name": "BTC-13FEB26", "bids": [[70247.5, 450.0], [70245.0, 1500.0], [70240.0, 10.0], [70237.5, 1350.0], [70235.0, 4520.0], [70230.0, 11170.0], [70227.5, 50000.0], [70217.5, 3000.0], [70215.0, 10040.0], [70157.5, 3050.0], [70155.0, 10220.0], [70152.5, 1350.0], [70150.0, 4510.0], [70095.0, 45520.0], [69972.5, 40.0], [69970.0, 50000.0], [69942.5, 160.0], [69927.5, 10.0], [69915.0, 20420.0], [69897.5, 39620.0]], "asks": [[70252.5, 1200.0], [70260.0, 5720.0], [70262.5, 360.0], [70265.0, 1200.0], [70267.5, 400.0], [70270.0, 1200.0], [70272.5, 14700.0], [70275.0, 66130.0], [70277.5, 50000.0], [70280.0, 40.0], [70317.5, 5970.0], [70320.0, 20000.0], [70357.5, 10120.0], [70422.5, 45880.0], [70445.0, 4530.0], [70522.5, 10260.0], [70557.5, 10.0], [70565.0, 50000.0], [70600.0, 20330.0], [70660.0, 19490.0]]}}}
{"jsonrpc": "2.0", "method": "subscription", "params": {"channel": "book.BTC-20FEB26.none.20.100ms", "data": {"timestamp": 1770411309411, "change_id": 139101184292, "instrument_name": "BTC-20FEB26", "bids": [[70285.0, 1350.0], [70282.5, 4530.0], [70277.5, 10.0], [70250.0, 900.0], [70247.5, 3000.0], [70210.0, 3050.0], [70207.5, 10210.0], [70010.0, 10.0], [69992.5, 40.0], [69967.5, 160.0], [69910.0, 30040.0], [69892.5, 15140.0], [69877.5, 29100.0], [69860.0, 300000.0], [69857.5, 30830.0], [69787.5, 29860.0], [69765.0, 19690.0], [69635.0, 300000.0], [69625.0, 19830.0], [69380.0, 640.0]], "asks": [[70312.5, 600.0], [70315.0, 1350.0], [70317.5, 4530.0], [70322.5, 40.0], [70390.0, 3130.0], [70392.5, 10480.0], [70595.0, 5110.0], [70597.5, 10.0], [70640.0, 40.0], [70700.0, 170.0], [70712.5, 20.0], [70715.0, 50000.0], [70717.5, 10.0], [70727.5, 10.0], [70745.0, 29650.0], [70752.5, 15270.0], [70805.0, 30350.0], [70807.5, 30810.0], [70900.0, 300000.0], [70907.5, 29120.0]]}}}
{"jsonrpc": "2.0", "method": "subscription", "params": {"channel": "book.BTC-13FEB26.none.20.100ms", "data": {"timestamp": 1770411309713, "change_id": 139101185530, "instrument_name": "BTC-13FEB26", "bids": [[70250.0, 6020.0], [70247.5, 10.0], [70245.0, 15290.0], [70242.5, 50000.0], [70230.0, 2790.0], [70227.5, 10000.0], [70215.0, 40.0], [70157.5, 3050.0], [70155.0, 10220.0], [70152.5, 1350.0], [70150.0, 4510.0], [70097.5, 2050.0], [70095.0, 45520.0], [69977.5, 8200.0], [69972.5, 40.0], [69970.0, 50000.0], [69942.5, 160.0], [69927.5, 10.0], [69915.0, 20420.0], [69900.0, 32830.0]], "asks": [[70252.5, 1200.0], [70260.0, 1200.0], [70265.0, 1200.0], [70267.5, 360.0], [70270.0, 1200.0], [70272.5, 1710.0], [70275.0, 20650.0], [70277.5, 100000.0], [70290.0, 40.0], [70292.5, 40.0], [70297.5, 450.0], [70300.0, 1500.0], [70330.0, 5970.0], [70332.5, 20000.0], [70357.5, 10120.0], [70422.5, 45880.0], [70445.0, 4530.0], [70522.5, 10260.0], [70557.5, 10.0], [70565.0, 50000.0]]}}}
{"jsonrpc": "2.0", "method": "subscription", "params": {"channel": "book.BTC-20FEB26.none.20.100ms", "data": {"timestamp": 1770411309659, "change_id": 139101185384, "instrument_name": "BTC-20FEB26", "bids": [[70300.0, 1350.0], [70297.5, 4530.0], [70292.5, 10.0], [70290.0, 1490.0], [70287.5, 5000.0], [70250.0, 900.0], [70247.5, 3000.0], [70210.0, 3050.0], [70207.5, 10210.0], [70010.0, 10.0], [69992.5, 40.0], [69980.0, 8200.0], [69967.5, 160.0], [69910.0, 30040.0], [69892.5, 15140.0], [69877.5, 29100.0], [69860.0, 300000.0], [69857.5, 30830.0], [69787.5, 29860.0], [69765.0, 19690.0]], "asks": [[70317.5, 1350.0], [70320.0, 4530.0], [70332.5, 40.0], [70390.0, 3130.0], [70392.5, 10480.0], [70595.0, 5110.0], [70597.5, 10.0], [70640.0, 40.0], [70700.0, 170.0], [70712.5, 20.0], [70715.0, 50000.0], [70717.5, 10.0], [70727.5, 10.0], [70745.0, 29650.0], [70752.5, 15270.0], [70805.0, 30350.0], [70807.5, 30810.0], [70907.5, 29120.0], [70967.5, 300000.0], [71055.0, 10.0]]}}}
{"jsonrpc": "2.0", "method": "subscription", "params": {"channel": "book.BTC-13FEB26.none.20.100ms", "data": {"timestamp": 1770411309921, "change_id": 139101186347, "instrument_name": "BTC-13FEB26", "bids": [[70247.5, 10.0], [70245.0, 15290.0], [70242.5, 54520.0], [70240.0, 4010.0], [70237.5, 13420.0], [70235.0, 33710.0], [70230.0, 2790.0], [70227.5, 10000.0], [70215.0, 40.0], [70157.5, 3050.0], [70155.0, 10220.0], [70152.5, 1350.0], [70150.0, 4510.0], [70097.5, 2050.0], [70095.0, 45520.0], [69977.5, 8200.0], [69972.5, 40.0], [69970.0, 50000.0], [69942.5, 160.0], [69927.5, 10.0]], "asks": [[70252.5, 1200.0], [70260.0, 1200.0], [70262.5, 360.0], [70265.0, 2550.0], [70267.5, 4880.0], [70270.0, 1200.0], [70272.5, 360.0], [70275.0, 16130.0], [70277.5, 120000.0], [70287.5, 460.0], [70290.0, 1540.0], [70292.5, 40.0], [70297.5, 40150.0], [70357.5, 10120.0], [70422.5, 45880.0], [70445.0, 4530.0], [70522.5, 10260.0], [70557.5, 10.0], [70565.0, 50000.0], [70600.0, 20330.0]]}}}
{"jsonrpc": "2.0", "method": "subscription", "params": {"channel": "book.BTC-20FEB26.none.20.100ms", "data": {"timestamp": 1770411309934, "change_id": 139101186373, "instrument_name": "BTC-20FEB26", "bids": [[70292.5, 1360.0], [70290.0, 6020.0], [70287.5, 5000.0], [70250.0, 900.0], [70247.5, 3000.0], [70210.0, 3050.0], [70207.5, 10210.0], [70010.0, 10.0], [69992.5, 40.0], [69980.0, 8200.0], [69967.5, 160.0], [69910.0, 30040.0], [69892.5, 15140.0], [69877.5, 29100.0], [69860.0, 300000.0], [69857.5, 30830.0], [69787.5, 29860.0], [69765.0, 19690.0], [69635.0, 300000.0], [69625.0, 19830.0]], "asks": [[70317.5, 1350.0], [70320.0, 8120.0], [70322.5, 40160.0], [70332.5, 40.0], [70385.0, 14240.0], [70387.5, 50000.0], [70390.0, 3130.0], [70392.5, 10480.0], [70595.0, 5110.0], [70597.5, 10.0], [70640.0, 40.0], [70700.0, 170.0], [70712.5, 20.0], [70717.5, 10.0], [70727.5, 10.0], [70745.0, 29650.0], [70752.5, 15270.0], [70805.0, 30350.0], [70807.5, 30810.0], [70907.5, 29120.0]]}}}
{"jsonrpc": "2.0", "method": "subscription", "params": {"channel": "book.BTC-13FEB26.none.20.100ms", "data": {"timestamp": 1770411310385, "change_id": 139101187552, "instrument_name": "BTC-13FEB26", "bids": [[70260.0, 450.0], [70257.5, 1500.0], [70255.0, 10.0], [70245.0, 15290.0], [70242.5, 54520.0], [70230.0, 2790.0], [70227.5, 10000.0], [70215.0, 40.0], [70157.5, 3050.0], [70155.0, 10220.0], [70152.5, 1350.0], [70150.0, 4510.0], [70097.5, 2050.0], [70095.0, 45520.0], [69977.5, 8200.0], [69972.5, 40.0], [69970.0, 50000.0], [69942.5, 160.0], [69927.5, 10.0], [69915.0, 20420.0]], "asks": [[70265.0, 2500.0], [70267.5, 4880.0], [70270.0, 1560.0], [70272.5, 1560.0], [70275.0, 16130.0], [70277.5, 100000.0], [70290.0, 1540.0], [70292.5, 40.0], [70302.5, 11980.0], [70305.0, 40150.0], [70332.5, 20000.0], [70357.5, 10120.0], [70422.5, 45880.0], [70445.0, 4530.0], [70522.5, 10260.0], [70557.5, 10.0], [70565.0, 50000.0], [70600.0, 20330.0], [70660.0, 19490.0], [70667.5, 50000.0]]}}}
{"jsonrpc": "2.0", "method": "subscription", "params": {"channel": "book.BTC-20FEB26.none.20.100ms", "data": {"timestamp": 1770411310364, "change_id": 139101187474, "instrument_name": "BTC-20FEB26", "bids": [[70292.5, 1360.0], [70290.0, 6020.0], [70287.5, 5000.0], [70250.0, 900.0], [70247.5, 3000.0], [70210.0, 3050.0], [70207.5, 10210.0], [70010.0, 10.0], [69992.5, 40.0], [69980.0, 8200.0], [69975.0, 32830.0], [69967.5, 160.0], [69910.0, 30040.0], [69892.5, 15140.0], [69877.5, 29100.0], [69860.0, 300000.0], [69857.5, 30830.0], [69787.5, 29860.0], [69765.0, 19690.0], [69635.0, 300000.0]], "asks": [[70317.5, 1350.0], [70320.0, 4530.0], [70327.5, 5520.0], [70330.0, 40160.0], [70332.5, 40.0], [70385.0, 14240.0], [70387.5, 50000.0], [70390.0, 3130.0], [70392.5, 10480.0], [70595.0, 5110.0], [70597.5, 10.0], [70640.0, 40.0], [70700.0, 170.0], [70712.5, 20.0], [70717.5, 10.0], [70727.5, 10.0], [70745.0, 29650.0], [70752.5, 15270.0], [70805.0, 30350.0], [70807.5, 30810.0]]}}}
{"jsonrpc": "2.0", "method": "subscription", "params": {"channel": "book.BTC-13FEB26.none.20.100ms", "data": {"timestamp": 1770411310734, "change_id": 139101188978, "instrument_name": "BTC-13FEB26", "bids": [[70262.5, 1500.0], [70260.0, 1350.0], [70257.5, 4520.0], [70255.0, 10.0], [70245.0, 15290.0], [70242.5, 50000.0], [70230.0, 2790.0], [70227.5, 10000.0], [70215.0, 40.0], [70157.5, 3050.0], [70155.0, 10220.0], [70152.5, 1350.0], [70150.0, 4510.0], [70097.5, 2050.0], [70095.0, 45520.0], [69977.5, 8200.0], [69972.5, 40.0], [69970.0, 50000.0], [69942.5, 160.0], [69927.5, 10.0]], "asks": [[70265.0, 1200.0], [70270.0, 1200.0], [70272.5, 1200.0], [70275.0, 1200.0], [70277.5, 100000.0], [70287.5, 4520.0], [70292.5, 40.0], [70302.5, 40.0], [70310.0, 11980.0], [70312.5, 40150.0], [70332.5, 5970.0], [70335.0, 20000.0], [70357.5, 10120.0], [70422.5, 45880.0], [70445.0, 4530.0], [70522.5, 10260.0], [70557.5, 10.0], [70565.0, 50000.0], [70600.0, 20330.0], [70660.0, 19490.0]]}}}
{"jsonrpc": "2.0", "method": "subscription", "params": {"channel": "book.BTC-20FEB26.none.20.100ms", "data": {"timestamp": 1770411310734, "change_id": 139101188975, "instrument_name": "BTC-20FEB26", "bids": [[70300.0, 10.0], [70297.5, 5000.0], [70250.0, 900.0], [70247.5, 3000.0], [70210.0, 3050.0], [70207.5, 10210.0], [70010.0, 10.0], [69992.5, 40.0], [69987.5, 2050.0], [69980.0, 8200.0], [69975.0, 32830.0], [69967.5, 160.0], [69910.0, 30040.0], [69892.5, 15140.0], [69877.5, 29100.0], [69860.0, 300000.0], [69857.5, 30830.0], [69787.5, 29860.0], [69765.0, 19690.0], [69635.0, 300000.0]], "asks": [[70327.5, 1350.0], [70335.0, 3330.0], [70337.5, 40160.0], [70345.0, 40.0], [70385.0, 14240.0], [70387.5, 50000.0], [70390.0, 3130.0], [70392.5, 10480.0], [70595.0, 5110.0], [70597.5, 10.0], [70640.0, 40.0], [70700.0, 170.0], [70712.5, 20.0], [70717.5, 10.0], [70727.5, 10.0], [70745.0, 29650.0], [70752.5, 15270.0], [70805.0, 30350.0], [70807.5, 30810.0], [70907.5, 29120.0]]}}}
{"jsonrpc": "2.0", "method": "subscription", "params": {"channel": "book.BTC-13FEB26.none.20.100ms", "data": {"timestamp": 1770411311054, "change_id": 139101190841, "instrument_name": "BTC-13FEB26", "bids": [[70267.5, 6020.0], [70262.5, 10.0], [70260.0, 16100.0], [70257.5, 50000.0], [70237.5, 2790.0], [70235.0, 11490.0], [70232.5, 40.0], [70190.0, 3020.0], [70187.5, 10120.0], [70152.5, 1350.0], [70150.0, 4510.0], [70097.5, 2050.0], [70095.0, 45520.0], [69977.5, 8200.0], [69972.5, 40.0], [69970.0, 50000.0], [69942.5, 160.0], [69927.5, 10.0], [69915.0, 20420.0], [69900.0, 32830.0]], "asks": [[70270.0, 1200.0], [70272.5, 1200.0], [70275.0, 1200.0], [70277.5, 50000.0], [70287.5, 20000.0], [70290.0, 50000.0], [70292.5, 1390.0], [70295.0, 4520.0], [70307.5, 450.0], [70310.0, 1500.0], [70312.5, 40.0], [70317.5, 11980.0], [70320.0, 40150.0], [70357.5, 10120.0], [70422.5, 45880.0], [70445.0, 4530.0], [70522.5, 10260.0], [70557.5, 10.0], [70565.0, 50000.0], [70600.0, 20330.0]]}}}
{"jsonrpc": "2.0", "method": "subscription", "params": {"channel": "book.BTC-20FEB26.none.20.100ms", "data": {"timestamp": 1770411311045, "change_id": 139101190801, "instrument_name": "BTC-20FEB26", "bids": [[70317.5, 1360.0], [70315.0, 4540.0], [70310.0, 1500.0], [70307.5, 5000.0], [70280.0, 890.0], [70277.5, 2990.0], [70240.0, 10360.0], [70010.0, 10.0], [69992.5, 40.0], [69987.5, 2050.0], [69980.0, 8200.0], [69975.0, 32830.0], [69967.5, 160.0], [69910.0, 30040.0], [69892.5, 15140.0], [69877.5, 29100.0], [69860.0, 300000.0], [69857.5, 30830.0], [69787.5, 29860.0], [69765.0, 19690.0]], "asks": [[70342.5, 1350.0], [70345.0, 4530.0], [70355.0, 40.0], [70390.0, 3130.0], [70392.5, 10480.0], [70595.0, 5110.0], [70597.5, 10.0], [70640.0, 40.0], [70700.0, 170.0], [70705.0, 50000.0], [70712.5, 20.0], [70717.5, 10.0], [70727.5, 10.0], [70745.0, 29650.0], [70752.5, 15270.0], [70805.0, 30350.0], [70807.5, 30810.0], [70907.5, 29120.0], [70967.5, 300000.0], [71055.0, 10.0]]}}}
{"jsonrpc": "2.0", "method": "subscription", "params": {"channel": "book.BTC-13FEB26.none.20.100ms", "data": {"timestamp": 1770411311307, "change_id": 139101191697, "instrument_name": "BTC-13FEB26", "bids": [[70272.5, 1500.0], [70270.0, 1810.0], [70267.5, 4520.0], [70260.0, 16100.0], [70257.5, 50000.0], [70242.5, 2790.0], [70240.0, 10000.0], [70232.5, 40.0], [70190.0, 3020.0], [70187.5, 10120.0], [70152.5, 1350.0], [70150.0, 4510.0], [70097.5, 10250.0], [70095.0, 45520.0], [69985.0, 32830.0], [69972.5, 40.0], [69970.0, 50000.0], [69942.5, 160.0], [69927.5, 10.0], [69915.0, 20420.0]], "asks": [[70275.0, 1200.0], [70277.5, 50000.0], [70287.5, 1200.0], [70290.0, 50000.0], [70292.5, 1390.0], [70295.0, 4520.0], [70300.0, 450.0], [70302.5, 1500.0], [70312.5, 40.0], [70317.5, 11980.0], [70320.0, 40150.0], [70345.0, 20000.0], [70357.5, 10120.0], [70422.5, 45880.0], [70445.0, 4530.0], [70522.5, 10260.0], [70557.5, 10.0], [70565.0, 50000.0], [70600.0, 20330.0], [70660.0, 19490.0]]}}}
{"jsonrpc": "2.0", "method": "subscription", "params": {"channel": "book.BTC-20FEB26.none.20.100ms", "data": {"timestamp": 1770411311076, "change_id": 139101190920, "instrument_name": "BTC-20FEB26", "bids": [[70317.5, 1360.0], [70315.0, 4540.0], [70310.0, 1500.0], [70307.5, 5000.0], [70280.0, 890.0], [70277.5, 2990.0], [70240.0, 10360.0], [70010.0, 10.0], [69992.5, 40.0], [69987.5, 2050.0], [69980.0, 8200.0], [69975.0, 32830.0], [69967.5, 160.0], [69910.0, 30040.0], [69892.5, 15140.0], [69877.5, 29100.0], [69860.0, 300000.0], [69857.5, 30830.0], [69787.5, 29860.0], [69765.0, 19690.0]], "asks": [[70342.5, 1350.0], [70345.0, 4530.0], [70355.0, 40.0], [70390.0, 3130.0], [70392.5, 10480.0], [70595.0, 5110.0], [70597.5, 10.0], [70640.0, 40.0], [70700.0, 170.0], [70705.0, 50000.0], [70712.5, 20.0], [70717.5, 10.0], [70727.5, 10.0], [70745.0, 29650.0], [70752.5, 15270.0], [70805.0, 30350.0], [70807.5, 30810.0], [70907.5, 29120.0], [70967.5, 300000.0], [71055.0, 10.0]]}}}
{"jsonrpc": "2.0", "method": "subscription", "params": {"channel": "book.BTC-13FEB26.none.20.100ms", "data": {"timestamp": 1770411311721, "change_id": 139101192941, "instrument_name": "BTC-13FEB26", "bids": [[70275.0, 4520.0], [70272.5, 1500.0], [70270.0, 10.0], [70265.0, 10070.0], [70262.5, 43790.0], [70260.0, 49820.0], [70257.5, 50000.0], [70242.5, 2790.0], [70240.0, 10000.0], [70232.5, 40.0], [70190.0, 3020.0], [70187.5, 10120.0], [70152.5, 1350.0], [70150.0, 4510.0], [70097.5, 10250.0], [70095.0, 45520.0], [69985.0, 32830.0], [69972.5, 40.0], [69970.0, 50000.0], [69942.5, 160.0]], "asks": [[70277.5, 50000.0], [70287.5, 1200.0], [70290.0, 50000.0], [70292.5, 40.0], [70295.0, 4520.0], [70307.5, 450.0], [70310.0, 1500.0], [70312.5, 40.0], [70327.5, 11980.0], [70330.0, 40150.0], [70345.0, 20000.0], [70357.5, 10120.0], [70422.5, 45880.0], [70445.0, 4530.0], [70522.5, 10260.0], [70557.5, 10.0], [70565.0, 50000.0], [70600.0, 20330.0], [70660.0, 19490.0], [70667.5, 50000.0]]}}}
{"jsonrpc": "2.0", "method": "subscription", "params": {"channel": "book.BTC-20FEB26.none.20.100ms", "data": {"timestamp": 1770411311724, "change_id": 139101192956, "instrument_name": "BTC-20FEB26", "bids": [[70325.0, 1360.0], [70322.5, 4540.0], [70310.0, 1500.0], [70307.5, 5000.0], [70280.0, 890.0], [70277.5, 2990.0], [70240.0, 10360.0], [70010.0, 10.0], [69992.5, 40.0], [69987.5, 2050.0], [69980.0, 8200.0], [69975.0, 32830.0], [69967.5, 160.0], [69910.0, 30040.0], [69892.5, 15140.0], [69877.5, 29100.0], [69860.0, 300000.0], [69857.5, 30830.0], [69787.5, 29860.0], [69765.0, 19690.0]], "asks": [[70350.0, 1350.0], [70352.5, 4530.0], [70355.0, 40.0], [70427.5, 2960.0], [70430.0, 9910.0], [70595.0, 5110.0], [70597.5, 10.0], [70640.0, 40.0], [70700.0, 170.0], [70712.5, 20.0], [70717.5, 10.0], [70720.0, 50000.0], [70727.5, 10.0], [70745.0, 29650.0], [70752.5, 15270.0], [70805.0, 30350.0], [70807.5, 30810.0], [70907.5, 29120.0], [70967.5, 300000.0], [71055.0, 10.0]]}}}
{"jsonrpc": "2.0", "method": "subscription", "params": {"channel": "book.BTC-13FEB26.none.20.100ms", "data": {"timestamp": 1770411312058, "change_id": 139101194146, "instrument_name": "BTC-13FEB26", "bids": [[70275.0, 4520.0], [70270.0, 10.0], [70265.0, 10070.0], [70262.5, 34170.0], [70260.0, 17600.0], [70257.5, 50000.0], [70242.5, 2790.0], [70240.0, 10000.0], [70232.5, 40.0], [70190.0, 3020.0], [70187.5, 10120.0], [70152.5, 1350.0], [70150.0, 4510.0], [70097.5, 10250.0], [70095.0, 45520.0], [69985.0, 32830.0], [69972.5, 40.0], [69970.0, 50000.0], [69942.5, 160.0], [69927.5, 10.0]], "asks": [[70277.5, 50000.0], [70287.5, 1200.0], [70290.0, 1510.0], [70292.5, 50440.0], [70295.0, 4520.0], [70302.5, 8650.0], [70305.0, 40150.0], [70307.5, 450.0], [70310.0, 1500.0], [70312.5, 40.0], [70317.5, 600.0], [70320.0, 2000.0], [70347.5, 20000.0], [70357.5, 10120.0], [70422.5, 45880.0], [70445.0, 4530.0], [70522.5, 10260.0], [70557.5, 10.0], [70565.0, 50000.0], [70600.0, 20330.0]]}}}
{"jsonrpc": "2.0", "method": "subscription", "params": {"channel": "book.BTC-20FEB26.none.20.100ms", "data": {"timestamp": 1770411311939, "change_id": 139101193931, "instrument_name": "BTC-20FEB26", "bids": [[70325.0, 1360.0], [70322.5, 4540.0], [70310.0, 1500.0], [70307.5, 6020.0], [70305.0, 3410.0], [70280.0, 890.0], [70277.5, 2990.0], [70240.0, 10360.0], [70010.0, 10.0], [69995.0, 4950.0], [69992.5, 40.0], [69987.5, 2050.0], [69980.0, 8200.0], [69975.0, 32830.0], [69967.5, 160.0], [69945.0, 15140.0], [69910.0, 30040.0], [69877.5, 29100.0], [69860.0, 300000.0], [69857.5, 30830.0]], "asks": [[70345.0, 3600.0], [70347.5, 40160.0], [70350.0, 1350.0], [70352.5, 4530.0], [70355.0, 40.0], [70422.5, 14930.0], [70425.0, 50000.0], [70427.5, 2960.0], [70430.0, 9910.0], [70592.5, 5110.0], [70595.0, 5040.0], [70597.5, 10.0], [70640.0, 40.0], [70685.0, 15270.0], [70700.0, 170.0], [70712.5, 30830.0], [70717.5, 10.0], [70727.5, 10.0], [70737.5, 30350.0], [70745.0, 29650.0]]}}}
{"jsonrpc": "2.0", "method": "subscription", "params": {"channel": "book.BTC-13FEB26.none.20.100ms", "data": {"timestamp": 1770411312348, "change_id": 139101194731, "instrument_name": "BTC-13FEB26", "bids": [[70275.0, 4520.0], [70270.0, 10.0], [70267.5, 450.0], [70265.0, 11570.0], [70262.5, 33720.0], [70260.0, 16100.0], [70257.5, 50000.0], [70242.5, 2790.0], [70240.0, 10000.0], [70232.5, 40.0], [70190.0, 3020.0], [70187.5, 10120.0], [70152.5, 1350.0], [70150.0, 4510.0], [70095.0, 45520.0], [69972.5, 40.0], [69970.0, 50000.0], [69942.5, 160.0], [69927.5, 10.0], [69915.0, 20420.0]], "asks": [[70277.5, 51200.0], [70287.5, 1200.0], [70290.0, 2710.0], [70292.5, 51340.0], [70295.0, 4520.0], [70302.5, 8650.0], [70305.0, 41650.0], [70312.5, 40.0], [70345.0, 5970.0], [70347.5, 20000.0], [70357.5, 10120.0], [70422.5, 45880.0], [70445.0, 4530.0], [70522.5, 10260.0], [70557.5, 10.0], [70565.0, 50000.0], [70600.0, 20330.0], [70660.0, 19490.0], [70667.5, 50000.0], [70685.0, 40660.0]]}}}
{"jsonrpc": "2.0", "method": "subscription", "params": {"channel": "book.BTC-20FEB26.none.20.100ms", "data": {"timestamp": 1770411312245, "change_id": 139101194601, "instrument_name": "BTC-20FEB26", "bids": [[70325.0, 1360.0], [70322.5, 4540.0], [70310.0, 1500.0], [70307.5, 6020.0], [70305.0, 3410.0], [70280.0, 890.0], [70277.5, 2990.0], [70240.0, 10360.0], [70010.0, 10.0], [69995.0, 4950.0], [69992.5, 40.0], [69967.5, 160.0], [69945.0, 15140.0], [69910.0, 30040.0], [69877.5, 29100.0], [69860.0, 300000.0], [69857.5, 30830.0], [69787.5, 29860.0], [69765.0, 19690.0], [69702.5, 300000.0]], "asks": [[70342.5, 1350.0], [70345.0, 8930.0], [70347.5, 40160.0], [70355.0, 40.0], [70422.5, 14930.0], [70425.0, 50000.0], [70427.5, 2960.0], [70430.0, 9910.0], [70592.5, 5110.0], [70595.0, 5040.0], [70597.5, 10.0], [70640.0, 40.0], [70685.0, 15270.0], [70700.0, 170.0], [70712.5, 30830.0], [70717.5, 10.0], [70727.5, 10.0], [70737.5, 30350.0], [70745.0, 29650.0], [70907.5, 29120.0]]}}}
{"jsonrpc": "2.0", "method": "subscription", "params": {"channel": "book.BTC-13FEB26.none.20.100ms", "data": {"timestamp": 1770411312717, "change_id": 139101196058, "instrument_name": "BTC-13FEB26", "bids": [[70267.5, 4070.0], [70265.0, 36440.0], [70262.5, 33720.0], [70260.0, 16100.0], [70257.5, 50000.0], [70252.5, 4520.0], [70242.5, 2790.0], [70240.0, 10000.0], [70232.5, 40.0], [70190.0, 3020.0], [70187.5, 10120.0], [70152.5, 1350.0], [70150.0, 4510.0], [70095.0, 45520.0], [69977.5, 8200.0], [69972.5, 40.0], [69970.0, 50000.0], [69942.5, 160.0], [69927.5, 10.0], [69915.0, 20420.0]], "asks": [[70272.5, 1200.0], [70275.0, 9180.0], [70277.5, 51200.0], [70280.0, 1350.0], [70285.0, 360.0], [70287.5, 7480.0], [70290.0, 11550.0], [70292.5, 50040.0], [70297.5, 50.0], [70302.5, 8650.0], [70305.0, 41650.0], [70347.5, 20000.0], [70357.5, 10120.0], [70422.5, 45880.0], [70445.0, 4530.0], [70522.5, 10260.0], [70557.5, 10.0], [70565.0, 50000.0], [70600.0, 20330.0], [70660.0, 19490.0]]}}}
{"jsonrpc": "2.0", "method": "subscription", "params": {"channel": "book.BTC-20FEB26.none.20.100ms", "data": {"timestamp": 1770411312714, "change_id": 139101196040, "instrument_name": "BTC-20FEB26", "bids": [[70310.0, 1180.0], [70307.5, 6020.0], [70305.0, 3410.0], [70300.0, 4530.0], [70280.0, 890.0], [70277.5, 2990.0], [70240.0, 10360.0], [70010.0, 10.0], [69995.0, 4950.0], [69992.5, 40.0], [69967.5, 160.0], [69945.0, 15140.0], [69910.0, 30040.0], [69877.5, 29100.0], [69860.0, 300000.0], [69857.5, 30830.0], [69787.5, 29860.0], [69765.0, 19690.0], [69702.5, 300000.0], [69625.0, 19830.0]], "asks": [[70327.5, 1350.0], [70330.0, 4530.0], [70340.0, 50.0], [70345.0, 8580.0], [70347.5, 40160.0], [70422.5, 14930.0], [70425.0, 50000.0], [70427.5, 2960.0], [70430.0, 9910.0], [70592.5, 5110.0], [70595.0, 5040.0], [70597.5, 10.0], [70640.0, 40.0], [70685.0, 15270.0], [70700.0, 170.0], [70712.5, 30830.0], [70717.5, 10.0], [70727.5, 10.0], [70737.5, 30350.0], [70745.0, 29650.0]]}}}
{"jsonrpc": "2.0", "method": "subscription", "params": {"channel": "book.BTC-13FEB26.none.20.100ms", "data": {"timestamp": 1770411312992, "change_id": 139101197284, "instrument_name": "BTC-13FEB26", "bids": [[70265.0, 9170.0], [70262.5, 33720.0], [70260.0, 14750.0], [70257.5, 50000.0], [70252.5, 6020.0], [70240.0, 10000.0], [70232.5, 40.0], [70190.0, 3020.0], [70187.5, 10120.0], [70152.5, 1350.0], [70150.0, 4510.0], [70095.0, 45520.0], [69977.5, 8200.0], [69975.0, 19470.0], [69972.5, 40.0], [69970.0, 50000.0], [69942.5, 160.0], [69927.5, 10.0], [69915.0, 20420.0], [69897.5, 39620.0]], "asks": [[70272.5, 1200.0], [70275.0, 1200.0], [70277.5, 51200.0], [70280.0, 1350.0], [70282.5, 4520.0], [70287.5, 1200.0], [70290.0, 75830.0], [70292.5, 40.0], [70297.5, 50.0], [70305.0, 40150.0], [70357.5, 10120.0], [70422.5, 45880.0], [70445.0, 4530.0], [70507.5, 10260.0], [70557.5, 10.0], [70565.0, 50000.0], [70600.0, 20330.0], [70660.0, 19490.0], [70667.5, 50000.0], [70685.0, 40660.0]]}}}
{"jsonrpc": "2.0", "method": "subscription", "params": {"channel": "book.BTC-20FEB26.none.20.100ms", "data": {"timestamp": 1770411312926, "change_id": 139101197016, "instrument_name": "BTC-20FEB26", "bids": [[70307.5, 5000.0], [70300.0, 4530.0], [70280.0, 890.0], [70277.5, 2990.0], [70240.0, 10360.0], [70010.0, 10.0], [69992.5, 40.0], [69975.0, 8200.0], [69970.0, 4950.0], [69967.5, 160.0], [69945.0, 15140.0], [69910.0, 30040.0], [69877.5, 29100.0], [69860.0, 300000.0], [69857.5, 30830.0], [69787.5, 29860.0], [69765.0, 19690.0], [69702.5, 300000.0], [69625.0, 19830.0], [69380.0, 640.0]], "asks": [[70327.5, 1350.0], [70330.0, 4530.0], [70340.0, 50.0], [70345.0, 8580.0], [70347.5, 40160.0], [70422.5, 14930.0], [70425.0, 50000.0], [70427.5, 2960.0], [70430.0, 9910.0], [70590.0, 5040.0], [70592.5, 5110.0], [70597.5, 10.0], [70640.0, 40.0], [70685.0, 15270.0], [70700.0, 170.0], [70712.5, 30830.0], [70717.5, 10.0], [70727.5, 10.0], [70737.5, 30350.0], [70745.0, 29650.0]]}}}
{"jsonrpc": "2.0", "method": "subscription", "params": {"channel": "book.BTC-13FEB26.none.20.100ms", "data": {"timestamp": 1770411313376, "change_id": 139101198183, "instrument_name": "BTC-13FEB26", "bids": [[70260.0, 14750.0], [70257.5, 50000.0], [70252.5, 6020.0], [70242.5, 2990.0], [70240.0, 10000.0], [70232.5, 40.0], [70190.0, 3020.0], [70187.5, 10120.0], [70152.5, 1350.0], [70150.0, 4510.0], [70095.0, 45520.0], [69977.5, 8200.0], [69975.0, 19470.0], [69972.5, 40.0], [69970.0, 50000.0], [69942.5, 160.0], [69927.5, 10.0], [69922.5, 32830.0], [69915.0, 20420.0], [69897.5, 39620.0]], "asks": [[70272.5, 1200.0], [70275.0, 2780.0], [70277.5, 51200.0], [70280.0, 1350.0], [70282.5, 5270.0], [70285.0, 3060.0], [70287.5, 10310.0], [70290.0, 74330.0], [70292.5, 40.0], [70297.5, 50.0], [70302.5, 9840.0], [70305.0, 42150.0], [70357.5, 10120.0], [70422.5, 45880.0], [70445.0, 4530.0], [70507.5, 10260.0], [70557.5, 10.0], [70565.0, 50000.0], [70600.0, 20330.0], [70660.0, 19490.0]]}}}
{"jsonrpc": "2.0", "method": "subscription", "params": {"channel": "book.BTC-13FEB26.none.20.100ms", "data": {"timestamp": 1770411313699, "change_id": 139101198838, "instrument_name": "BTC-13FEB26", "bids": [[70260.0, 14750.0], [70257.5, 50000.0], [70255.0, 4630.0], [70252.5, 73460.0], [70242.5, 2990.0], [70240.0, 10000.0], [70232.5, 40.0], [70190.0, 3020.0], [70187.5, 10120.0], [70152.5, 1350.0], [70150.0, 4510.0], [70095.0, 45520.0], [69977.5, 8200.0], [69975.0, 19470.0], [69972.5, 40.0], [69970.0, 50000.0], [69942.5, 160.0], [69927.5, 10.0], [69922.5, 32830.0], [69915.0, 20420.0]], "asks": [[70272.5, 1200.0], [70275.0, 2780.0], [70277.5, 51200.0], [70280.0, 1350.0], [70282.5, 5270.0], [70285.0, 3060.0], [70287.5, 10310.0], [70290.0, 74330.0], [70292.5, 40.0], [70297.5, 50.0], [70302.5, 9840.0], [70305.0, 42150.0], [70357.5, 10120.0], [70422.5, 45880.0], [70445.0, 4530.0], [70507.5, 10260.0], [70557.5, 10.0], [70565.0, 50000.0], [70600.0, 20330.0], [70660.0, 19490.0]]}}}
{"jsonrpc": "2.0", "method": "subscription", "params": {"channel": "book.BTC-13FEB26.none.20.100ms", "data": {"timestamp": 1770411314005, "change_id": 139101199996, "instrument_name": "BTC-13FEB26", "bids": [[70255.0, 1350.0], [70252.5, 4520.0], [70237.5, 2790.0], [70235.0, 10000.0], [70232.5, 490.0], [70230.0, 1500.0], [70190.0, 3020.0], [70187.5, 10120.0], [70152.5, 1350.0], [70150.0, 4510.0], [70095.0, 45520.0], [69977.5, 8200.0], [69975.0, 19470.0], [69972.5, 40.0], [69970.0, 50000.0], [69942.5, 160.0], [69927.5, 10.0], [69922.5, 32830.0], [69915.0, 20420.0], [69897.5, 39620.0]], "asks": [[70267.5, 1200.0], [70270.0, 1560.0], [70272.5, 2910.0], [70275.0, 10260.0], [70277.5, 51200.0], [70282.5, 4610.0], [70285.0, 73060.0], [70287.5, 6340.0], [70290.0, 41400.0], [70292.5, 40.0], [70357.5, 10120.0], [70422.5, 45880.0], [70445.0, 4530.0], [70507.5, 10260.0], [70557.5, 10.0], [70565.0, 50000.0], [70600.0, 20330.0], [70660.0, 19490.0], [70667.5, 50000.0], [70685.0, 40660.0]]}}}
{"jsonrpc": "2.0", "method": "subscription", "params": {"channel": "book.BTC-20FEB26.none.20.100ms", "data": {"timestamp": 1770411314027, "change_id": 139101200046, "instrument_name": "BTC-20FEB26", "bids": [[70302.5, 1350.0], [70300.0, 4530.0], [70267.5, 900.0], [70265.0, 3000.0], [70242.5, 3090.0], [70240.0, 10360.0], [70010.0, 10.0], [69992.5, 40.0], [69975.0, 41030.0], [69970.0, 4950.0], [69967.5, 160.0], [69945.0, 15140.0], [69910.0, 30040.0], [69877.5, 29100.0], [69860.0, 300000.0], [69857.5, 30830.0], [69787.5, 29860.0], [69765.0, 19690.0], [69702.5, 300000.0], [69625.0, 19830.0]], "asks": [[70327.5, 1350.0], [70330.0, 4530.0], [70332.5, 50.0], [70335.0, 600.0], [70337.5, 2000.0], [70342.5, 7720.0], [70345.0, 40180.0], [70422.5, 14930.0], [70425.0, 50000.0], [70427.5, 2960.0], [70430.0, 9910.0], [70590.0, 5040.0], [70592.5, 5110.0], [70597.5, 10.0], [70640.0, 40.0], [70685.0, 15270.0], [70700.0, 170.0], [70712.5, 30830.0], [70717.5, 10.0], [70727.5, 10.0]]}}}
{"jsonrpc": "2.0", "method": "subscription", "params": {"channel": "book.BTC-13FEB26.none.20.100ms", "data": {"timestamp": 1770411314345, "change_id": 139101201253, "instrument_name": "BTC-13FEB26", "bids": [[70247.5, 14550.0], [70245.0, 54520.0], [70237.5, 450.0], [70235.0, 1500.0], [70232.5, 40.0], [70227.5, 2790.0], [70225.0, 10000.0], [70190.0, 3020.0], [70187.5, 10120.0], [70152.5, 1350.0], [70150.0, 4510.0], [70097.5, 2050.0], [70095.0, 45520.0], [69980.0, 19470.0], [69977.5, 8200.0], [69972.5, 40.0], [69970.0, 50000.0], [69942.5, 160.0], [69927.5, 10.0], [69922.5, 32830.0]], "asks": [[70262.5, 1200.0], [70265.0, 1200.0], [70267.5, 6080.0], [70270.0, 1560.0], [70272.5, 8660.0], [70275.0, 80740.0], [70277.5, 51650.0], [70280.0, 1500.0], [70290.0, 50.0], [70292.5, 2040.0], [70317.5, 11990.0], [70320.0, 40170.0], [70357.5, 10120.0], [70422.5, 45880.0], [70442.5, 10260.0], [70445.0, 4530.0], [70557.5, 10.0], [70565.0, 50000.0], [70580.0, 20330.0], [70660.0, 19490.0]]}}}
{"jsonrpc": "2.0", "method": "subscription", "params": {"channel": "book.BTC-20FEB26.none.20.100ms", "data": {"timestamp": 1770411314283, "change_id": 139101201307, "instrument_name": "BTC-20FEB26", "bids": [[70295.0, 2620.0], [70292.5, 9530.0], [70267.5, 900.0], [70265.0, 3000.0], [70242.5, 3090.0], [70240.0, 10360.0], [70037.5, 2050.0], [70010.0, 10.0], [70000.0, 30040.0], [69992.5, 40.0], [69975.0, 41030.0], [69967.5, 160.0], [69860.0, 300000.0], [69787.5, 29860.0], [69765.0, 19690.0], [69635.0, 300000.0], [69625.0, 19830.0], [69380.0, 640.0], [69295.0, 19620.0], [68705.0, 9780.0]], "asks": [[70320.0, 1350.0], [70322.5, 4530.0], [70325.0, 50.0], [70342.5, 7720.0], [70345.0, 40180.0], [70392.5, 2960.0], [70395.0, 9920.0], [70422.5, 14930.0], [70425.0, 50000.0], [70575.0, 15270.0], [70590.0, 5110.0], [70597.5, 10.0], [70600.0, 30810.0], [70640.0, 40.0], [70700.0, 170.0], [70712.5, 20.0], [70717.5, 10.0], [70727.5, 10.0], [70907.5, 29120.0], [70967.5, 300000.0]]}}}
{"jsonrpc": "2.0", "method": "subscription", "params": {"channel": "book.BTC-13FEB26.none.20.100ms", "data": {"timestamp": 1770411314706, "change_id": 139101202153, "instrument_name": "BTC-13FEB26", "bids": [[70247.5, 14550.0], [70245.0, 60060.0], [70242.5, 33710.0], [70237.5, 450.0], [70235.0, 11500.0], [70232.5, 40.0], [70190.0, 3020.0], [70187.5, 10120.0], [70152.5, 1350.0], [70150.0, 4510.0], [70097.5, 10250.0], [70095.0, 45520.0], [69980.0, 19470.0], [69972.5, 40.0], [69970.0, 50000.0], [69942.5, 160.0], [69927.5, 10.0], [69922.5, 32830.0], [69915.0, 20420.0], [69897.5, 39620.0]], "asks": [[70262.5, 1200.0], [70265.0, 1200.0], [70267.5, 1560.0], [70270.0, 1560.0], [70272.5, 2240.0], [70275.0, 12310.0], [70277.5, 51200.0], [70280.0, 3780.0], [70282.5, 70000.0], [70290.0, 50.0], [70292.5, 40.0], [70317.5, 11990.0], [70320.0, 40170.0], [70357.5, 10120.0], [70422.5, 45880.0], [70442.5, 10260.0], [70445.0, 4530.0], [70557.5, 10.0], [70565.0, 50000.0], [70580.0, 20330.0]]}}}
{"jsonrpc": "2.0", "method": "subscription", "params": {"channel": "book.BTC-20FEB26.none.20.100ms", "data": {"timestamp": 1770411314689, "change_id": 139101202097, "instrument_name": "BTC-20FEB26", "bids": [[70295.0, 1350.0], [70292.5, 5000.0], [70267.5, 900.0], [70265.0, 3000.0], [70242.5, 3090.0], [70240.0, 10360.0], [70037.5, 2050.0], [70027.5, 15140.0], [70010.0, 10.0], [70000.0, 30040.0], [69992.5, 40.0], [69977.5, 4950.0], [69975.0, 41030.0], [69972.5, 29100.0], [69967.5, 160.0], [69860.0, 300000.0], [69837.5, 30830.0], [69787.5, 29860.0], [69765.0, 19690.0], [69635.0, 300000.0]], "asks": [[70327.5, 4530.0], [70335.0, 50.0], [70342.5, 7720.0], [70345.0, 40180.0], [70392.5, 2960.0], [70395.0, 9920.0], [70422.5, 14930.0], [70425.0, 50000.0], [70575.0, 15270.0], [70590.0, 5110.0], [70595.0, 5040.0], [70597.5, 10.0], [70600.0, 30810.0], [70627.5, 30350.0], [70640.0, 40.0], [70700.0, 170.0], [70712.5, 20.0], [70717.5, 10.0], [70727.5, 10.0], [70815.0, 29650.0]]}}}
{"jsonrpc": "2.0", "method": "subscription", "params": {"channel": "book.BTC-13FEB26.none.20.100ms", "data": {"timestamp": 1770411315012, "change_id": 139101203153, "instrument_name": "BTC-13FEB26", "bids": [[70250.0, 1350.0], [70247.5, 19070.0], [70245.0, 57920.0], [70242.5, 68920.0], [70235.0, 2810.0], [70232.5, 10040.0], [70190.0, 3020.0], [70187.5, 10120.0], [70152.5, 1350.0], [70150.0, 4510.0], [70097.5, 10250.0], [70095.0, 45520.0], [69980.0, 19470.0], [69972.5, 40.0], [69970.0, 50000.0], [69942.5, 160.0], [69927.5, 10.0], [69922.5, 32830.0], [69915.0, 20420.0], [69897.5, 39620.0]], "asks": [[70262.5, 1200.0], [70265.0, 1200.0], [70267.5, 1200.0], [70270.0, 1200.0], [70272.5, 2770.0], [70275.0, 12310.0], [70277.5, 51200.0], [70280.0, 5280.0], [70282.5, 70000.0], [70290.0, 50.0], [70292.5, 40.0], [70317.5, 11990.0], [70320.0, 40170.0], [70357.5, 10120.0], [70422.5, 45880.0], [70442.5, 10260.0], [70445.0, 4530.0], [70557.5, 10.0], [70565.0, 50000.0], [70580.0, 20330.0]]}}}
{"jsonrpc": "2.0", "method": "subscription", "params": {"channel": "book.BTC-20FEB26.none.20.100ms", "data": {"timestamp": 1770411314824, "change_id": 139101202677, "instrument_name": "BTC-20FEB26", "bids": [[70295.0, 2670.0], [70292.5, 9530.0], [70257.5, 900.0], [70255.0, 3000.0], [70242.5, 3090.0], [70240.0, 10360.0], [70037.5, 2050.0], [70027.5, 15140.0], [70010.0, 10.0], [70000.0, 30040.0], [69992.5, 40.0], [69977.5, 4950.0], [69975.0, 41030.0], [69972.5, 29100.0], [69967.5, 160.0], [69860.0, 300000.0], [69837.5, 30830.0], [69787.5, 29860.0], [69765.0, 19690.0], [69635.0, 300000.0]], "asks": [[70325.0, 1350.0], [70327.5, 4580.0], [70342.5, 7720.0], [70345.0, 40180.0], [70392.5, 2960.0], [70395.0, 9920.0], [70422.5, 14930.0], [70425.0, 50000.0], [70575.0, 15270.0], [70590.0, 5110.0], [70595.0, 5040.0], [70597.5, 10.0], [70600.0, 30810.0], [70627.5, 30350.0], [70640.0, 40.0], [70700.0, 170.0], [70712.5, 20.0], [70717.5, 10.0], [70727.5, 10.0], [70815.0, 29650.0]]}}}
{"jsonrpc": "2.0", "method": "subscription", "params": {"channel": "book.BTC-13FEB26.none.20.100ms", "data": {"timestamp": 1770411315260, "change_id": 139101203600, "instrument_name": "BTC-13FEB26", "bids": [[70252.5, 450.0], [70250.0, 2850.0], [70247.5, 19070.0], [70245.0, 57920.0], [70242.5, 67420.0], [70235.0, 2810.0], [70232.5, 10040.0], [70190.0, 3020.0], [70187.5, 10120.0], [70152.5, 1350.0], [70150.0, 4510.0], [70097.5, 10250.0], [70095.0, 45520.0], [69980.0, 19470.0], [69972.5, 40.0], [69970.0, 50000.0], [69942.5, 160.0], [69927.5, 10.0], [69922.5, 32830.0], [69915.0, 20420.0]], "asks": [[70265.0, 1200.0], [70267.5, 1560.0], [70270.0, 1560.0], [70272.5, 2770.0], [70275.0, 12310.0], [70277.5, 51200.0], [70280.0, 6480.0], [70282.5, 70000.0], [70290.0, 50.0], [70292.5, 40.0], [70295.0, 600.0], [70297.5, 2000.0], [70317.5, 11990.0], [70320.0, 40170.0], [70357.5, 10120.0], [70422.5, 45880.0], [70442.5, 10260.0], [70445.0, 4530.0], [70557.5, 10.0], [70565.0, 50000.0]]}}}
{"jsonrpc": "2.0", "method": "subscription", "params": {"channel": "book.BTC-13FEB26.none.20.100ms", "data": {"timestamp": 1770411315664, "change_id": 139101204004, "instrument_name": "BTC-13FEB26", "bids": [[70252.5, 450.0], [70250.0, 2850.0], [70247.5, 19070.0], [70245.0, 50000.0], [70242.5, 67420.0], [70235.0, 2810.0], [70232.5, 10040.0], [70190.0, 3020.0], [70187.5, 10120.0], [70152.5, 1350.0], [70150.0, 4510.0], [70097.5, 10250.0], [70095.0, 45520.0], [69985.0, 32830.0], [69980.0, 19470.0], [69972.5, 40.0], [69970.0, 50000.0], [69942.5, 160.0], [69927.5, 10.0], [69915.0, 20420.0]], "asks": [[70265.0, 1200.0], [70267.5, 1560.0], [70270.0, 1560.0], [70272.5, 2770.0], [70275.0, 12310.0], [70277.5, 51200.0], [70280.0, 6480.0], [70282.5, 70000.0], [70290.0, 50.0], [70292.5, 40.0], [70295.0, 600.0], [70297.5, 2000.0], [70317.5, 11990.0], [70320.0, 40170.0], [70357.5, 10120.0], [70422.5, 45880.0], [70442.5, 10260.0], [70445.0, 4530.0], [70557.5, 10.0], [70565.0, 50000.0]]}}}
{"jsonrpc": "2.0", "method": "subscription", "params": {"channel": "book.BTC-13FEB26.none.20.100ms", "data": {"timestamp": 1770411315753, "change_id": 139101204127, "instrument_name": "BTC-13FEB26", "bids": [[70252.5, 450.0], [70250.0, 2850.0], [70247.5, 19070.0], [70245.0, 50000.0], [70242.5, 67420.0], [70235.0, 2810.0], [70232.5, 10040.0], [70190.0, 3020.0], [70187.5, 10120.0], [70152.5, 1350.0], [70150.0, 4510.0], [70097.5, 10250.0], [70095.0, 45520.0], [69985.0, 32830.0], [69982.5, 19470.0], [69972.5, 40.0], [69970.0, 50000.0], [69942.5, 160.0], [69927.5, 10.0], [69915.0, 20420.0]], "asks": [[70265.0, 1560.0], [70267.5, 1560.0], [70270.0, 1560.0], [70272.5, 2770.0], [70275.0, 12310.0], [70277.5, 52010.0], [70280.0, 6480.0], [70282.5, 70000.0], [70290.0, 50.0], [70292.5, 40.0], [70317.5, 11990.0], [70320.0, 40170.0], [70357.5, 10120.0], [70422.5, 45880.0], [70442.5, 10260.0], [70445.0, 4530.0], [70557.5, 10.0], [70565.0, 50000.0], [70580.0, 20330.0], [70660.0, 19490.0]]}}}
{"jsonrpc": "2.0", "method": "subscription", "params": {"channel": "book.BTC-20FEB26.none.20.100ms", "data": {"timestamp": 1770411315830, "change_id": 139101204191, "instrument_name": "BTC-20FEB26", "bids": [[70295.0, 2670.0], [70292.5, 9530.0], [70257.5, 900.0], [70255.0, 3000.0], [70242.5, 3090.0], [70240.0, 10360.0], [70037.5, 2050.0], [70027.5, 15140.0], [70010.0, 10.0], [70000.0, 30040.0], [69992.5, 40.0], [69980.0, 4950.0], [69975.0, 41030.0], [69972.5, 29100.0], [69967.5, 160.0], [69860.0, 300000.0], [69837.5, 30830.0], [69787.5, 29860.0], [69765.0, 19690.0], [69635.0, 300000.0]], "asks": [[70317.5, 1350.0], [70320.0, 4530.0], [70327.5, 650.0], [70330.0, 2000.0], [70340.0, 6900.0], [70342.5, 57720.0], [70345.0, 40180.0], [70392.5, 2960.0], [70395.0, 9920.0], [70575.0, 15270.0], [70590.0, 5110.0], [70595.0, 5040.0], [70597.5, 10.0], [70600.0, 30810.0], [70627.5, 30350.0], [70640.0, 40.0], [70700.0, 170.0], [70712.5, 20.0], [70717.5, 10.0], [70727.5, 10.0]]}}}
{"jsonrpc": "2.0", "method": "subscription", "params": {"channel": "book.BTC-13FEB26.none.20.100ms", "data": {"timestamp": 1770411316330, "change_id": 139101205301, "instrument_name": "BTC-13FEB26", "bids": [[70252.5, 450.0], [70250.0, 2850.0], [70247.5, 19070.0], [70245.0, 50000.0], [70242.5, 67420.0], [70235.0, 2810.0], [70232.5, 10040.0], [70190.0, 3020.0], [70187.5, 10120.0], [70152.5, 1350.0], [70150.0, 4510.0], [70097.5, 10250.0], [70095.0, 45520.0], [69985.0, 32830.0], [69982.5, 19470.0], [69972.5, 40.0], [69970.0, 50000.0], [69942.5, 160.0], [69927.5, 10.0], [69915.0, 20420.0]], "asks": [[70262.5, 1560.0], [70265.0, 2860.0], [70267.5, 6080.0], [70270.0, 1560.0], [70272.5, 2240.0], [70275.0, 9290.0], [70277.5, 51560.0], [70280.0, 4980.0], [70282.5, 70050.0], [70290.0, 610.0], [70292.5, 2040.0], [70307.5, 11990.0], [70310.0, 40170.0], [70357.5, 10120.0], [70422.5, 45880.0], [70442.5, 10260.0], [70445.0, 4530.0], [70557.5, 10.0], [70565.0, 50000.0], [70580.0, 20330.0]]}}}
{"jsonrpc": "2.0", "method": "subscription", "params": {"channel": "book.BTC-20FEB26.none.20.100ms", "data": {"timestamp": 1770411316272, "change_id": 139101205266, "instrument_name": "BTC-20FEB26", "bids": [[70295.0, 2670.0], [70292.5, 9530.0], [70257.5, 900.0], [70255.0, 3000.0], [70242.5, 3090.0], [70240.0, 10360.0], [70037.5, 2050.0], [70030.0, 8200.0], [70027.5, 15140.0], [70010.0, 10.0], [70000.0, 30040.0], [69992.5, 40.0], [69980.0, 4950.0], [69975.0, 32830.0], [69972.5, 29100.0], [69967.5, 160.0], [69860.0, 300000.0], [69837.5, 30830.0], [69787.5, 29860.0], [69765.0, 19690.0]], "asks": [[70317.5, 1350.0], [70320.0, 4530.0], [70327.5, 650.0], [70330.0, 2000.0], [70332.5, 5520.0], [70335.0, 40170.0], [70340.0, 6900.0], [70342.5, 57720.0], [70392.5, 2960.0], [70395.0, 9920.0], [70575.0, 15270.0], [70590.0, 5110.0], [70595.0, 5040.0], [70597.5, 10.0], [70600.0, 30810.0], [70627.5, 30350.0], [70640.0, 40.0], [70700.0, 170.0], [70712.5, 20.0], [70717.5, 10.0]]}}}
{"jsonrpc": "2.0", "method": "subscription", "params": {"channel": "book.BTC-13FEB26.none.20.100ms", "data": {"timestamp": 1770411316627, "change_id": 139101205595, "instrument_name": "BTC-13FEB26", "bids": [[70257.5, 150.0], [70255.0, 1500.0], [70250.0, 1350.0], [70247.5, 19070.0], [70245.0, 50000.0], [70235.0, 2810.0], [70232.5, 10040.0], [70190.0, 3020.0], [70187.5, 10120.0], [70152.5, 1350.0], [70150.0, 4510.0], [70097.5, 10250.0], [70095.0, 45520.0], [69985.0, 32830.0], [69982.5, 19470.0], [69972.5, 40.0], [69970.0, 50000.0], [69942.5, 160.0], [69927.5, 10.0], [69915.0, 20420.0]], "asks": [[70262.5, 1560.0], [70265.0, 2860.0], [70267.5, 6080.0], [70270.0, 1560.0], [70272.5, 2240.0], [70275.0, 9290.0], [70277.5, 51560.0], [70280.0, 4980.0], [70282.5, 70050.0], [70290.0, 610.0], [70292.5, 2040.0], [70307.5, 11990.0], [70310.0, 40170.0], [70357.5, 10120.0], [70422.5, 45880.0], [70442.5, 10260.0], [70445.0, 4530.0], [70557.5, 10.0], [70565.0, 50000.0], [70580.0, 20330.0]]}}}
{"jsonrpc": "2.0", "method": "subscription", "params": {"channel": "book.BTC-20FEB26.none.20.100ms", "data": {"timestamp": 1770411316626, "change_id": 139101205594, "instrument_name": "BTC-20FEB26", "bids": [[70295.0, 2670.0], [70292.5, 9530.0], [70257.5, 900.0], [70255.0, 3000.0], [70242.5, 3090.0], [70240.0, 10360.0], [70037.5, 2050.0], [70030.0, 8200.0], [70027.5, 15140.0], [70010.0, 10.0], [70000.0, 30040.0], [69992.5, 40.0], [69980.0, 4950.0], [69975.0, 32830.0], [69972.5, 29100.0], [69967.5, 160.0], [69860.0, 300000.0], [69837.5, 30830.0], [69787.5, 29860.0], [69765.0, 19690.0]], "asks": [[70317.5, 1350.0], [70320.0, 4530.0], [70327.5, 650.0], [70330.0, 2000.0], [70332.5, 5520.0], [70335.0, 40170.0], [70340.0, 6900.0], [70342.5, 57720.0], [70392.5, 2960.0], [70395.0, 9920.0], [70575.0, 15270.0], [70590.0, 5110.0], [70595.0, 5040.0], [70597.5, 10.0], [70600.0, 30810.0], [70627.5, 30350.0], [70640.0, 40.0], [70700.0, 170.0], [70712.5, 20.0], [70717.5, 10.0]]}}}
{"jsonrpc": "2.0", "method": "subscription", "params": {"channel": "book.BTC-13FEB26.none.20.100ms", "data": {"timestamp": 1770411316978, "change_id": 139101207324, "instrument_name": "BTC-13FEB26", "bids": [[70240.0, 1740.0], [70237.5, 17650.0], [70235.0, 50000.0], [70217.5, 2830.0], [70215.0, 10000.0], [70190.0, 3020.0], [70187.5, 10120.0], [70152.5, 1350.0], [70150.0, 4510.0], [70097.5, 10250.0], [70095.0, 45520.0], [69985.0, 32830.0], [69972.5, 40.0], [69970.0, 50000.0], [69967.5, 19470.0], [69942.5, 160.0], [69927.5, 10.0], [69915.0, 20420.0], [69897.5, 39620.0], [69895.0, 50000.0]], "asks": [[70252.5, 1560.0], [70255.0, 1560.0], [70257.5, 2560.0], [70260.0, 6080.0], [70262.5, 1560.0], [70265.0, 7190.0], [70267.5, 21960.0], [70270.0, 9200.0], [70272.5, 51200.0], [70275.0, 12310.0], [70277.5, 50000.0], [70292.5, 40.0], [70297.5, 40170.0], [70357.5, 10120.0], [70422.5, 45880.0], [70442.5, 10260.0], [70445.0, 4530.0], [70557.5, 10.0], [70565.0, 50000.0], [70580.0, 20330.0]]}}}
{"jsonrpc": "2.0", "method": "subscription", "params": {"channel": "book.BTC-20FEB26.none.20.100ms", "data": {"timestamp": 1770411316953, "change_id": 139101207439, "instrument_name": "BTC-20FEB26", "bids": [[70285.0, 2510.0], [70282.5, 9530.0], [70257.5, 900.0], [70255.0, 3000.0], [70242.5, 3090.0], [70240.0, 10360.0], [70037.5, 2050.0], [70030.0, 8200.0], [70010.0, 10.0], [69992.5, 40.0], [69975.0, 32830.0], [69972.5, 29100.0], [69967.5, 160.0], [69965.0, 4950.0], [69907.5, 15140.0], [69880.0, 30040.0], [69860.0, 300000.0], [69837.5, 30830.0], [69787.5, 29860.0], [69765.0, 19690.0]], "asks": [[70310.0, 4160.0], [70312.5, 54530.0], [70317.5, 1880.0], [70320.0, 52420.0], [70322.5, 40170.0], [70392.5, 2960.0], [70395.0, 9920.0], [70575.0, 15270.0], [70590.0, 5110.0], [70597.5, 10.0], [70600.0, 30810.0], [70627.5, 30350.0], [70640.0, 40.0], [70700.0, 170.0], [70712.5, 20.0], [70717.5, 10.0], [70727.5, 10.0], [70815.0, 29650.0], [70907.5, 29120.0], [70967.5, 300000.0]]}}}
{"jsonrpc": "2.0", "method": "subscription", "params": {"channel": "book.BTC-13FEB26.none.20.100ms", "data": {"timestamp": 1770411317341, "change_id": 139101208530, "instrument_name": "BTC-13FEB26", "bids": [[70237.5, 13130.0], [70235.0, 50000.0], [70232.5, 68770.0], [70230.0, 6020.0], [70217.5, 2830.0], [70215.0, 10000.0], [70190.0, 3020.0], [70187.5, 10120.0], [70152.5, 1350.0], [70150.0, 4510.0], [70097.5, 10250.0], [70095.0, 45520.0], [69985.0, 32830.0], [69972.5, 40.0], [69970.0, 50000.0], [69967.5, 19470.0], [69942.5, 160.0], [69927.5, 10.0], [69915.0, 20420.0], [69897.5, 39620.0]], "asks": [[70250.0, 1200.0], [70252.5, 1560.0], [70255.0, 1560.0], [70257.5, 2560.0], [70260.0, 6080.0], [70262.5, 7480.0], [70265.0, 33910.0], [70267.5, 51560.0], [70270.0, 1560.0], [70272.5, 1200.0], [70275.0, 11110.0], [70277.5, 52000.0], [70292.5, 40.0], [70297.5, 40170.0], [70357.5, 10120.0], [70422.5, 45880.0], [70442.5, 10260.0], [70445.0, 4530.0], [70557.5, 10.0], [70565.0, 50000.0]]}}}
{"jsonrpc": "2.0", "method": "subscription", "params": {"channel": "book.BTC-20FEB26.none.20.100ms", "data": {"timestamp": 1770411317200, "change_id": 139101208285, "instrument_name": "BTC-20FEB26", "bids": [[70285.0, 2510.0], [70282.5, 9530.0], [70257.5, 900.0], [70255.0, 3000.0], [70242.5, 3090.0], [70240.0, 10360.0], [70037.5, 2050.0], [70030.0, 8200.0], [70010.0, 10.0], [69992.5, 40.0], [69975.0, 32830.0], [69972.5, 29100.0], [69967.5, 160.0], [69912.5, 4950.0], [69907.5, 15140.0], [69880.0, 30040.0], [69860.0, 300000.0], [69837.5, 30830.0], [69787.5, 29860.0], [69765.0, 19690.0]], "asks": [[70302.5, 1350.0], [70305.0, 4530.0], [70310.0, 5140.0], [70312.5, 50050.0], [70317.5, 1880.0], [70320.0, 52370.0], [70322.5, 40170.0], [70392.5, 2960.0], [70395.0, 9920.0], [70570.0, 5040.0], [70575.0, 15270.0], [70590.0, 5110.0], [70597.5, 10.0], [70600.0, 30810.0], [70627.5, 30350.0], [70640.0, 40.0], [70700.0, 170.0], [70712.5, 20.0], [70717.5, 10.0], [70727.5, 10.0]]}}}
{"jsonrpc": "2.0", "method": "subscription", "params": {"channel": "book.BTC-13FEB26.none.20.100ms", "data": {"timestamp": 1770411317684, "change_id": 139101209107, "instrument_name": "BTC-13FEB26", "bids": [[70237.5, 13130.0], [70235.0, 50000.0], [70232.5, 1350.0], [70230.0, 39730.0], [70227.5, 33710.0], [70217.5, 2830.0], [70215.0, 10000.0], [70190.0, 3020.0], [70187.5, 10120.0], [70152.5, 1350.0], [70150.0, 4510.0], [70097.5, 10250.0], [70095.0, 45520.0], [69985.0, 32830.0], [69972.5, 40.0], [69970.0, 50000.0], [69967.5, 19470.0], [69942.5, 160.0], [69927.5, 10.0], [69915.0, 20420.0]], "asks": [[70250.0, 2860.0], [70252.5, 6080.0], [70255.0, 1560.0], [70257.5, 1840.0], [70260.0, 3060.0], [70262.5, 7480.0], [70265.0, 32410.0], [70267.5, 51560.0], [70270.0, 1560.0], [70272.5, 1200.0], [70275.0, 11110.0], [70277.5, 52000.0], [70292.5, 40.0], [70297.5, 40170.0], [70357.5, 10120.0], [70422.5, 45880.0], [70442.5, 10260.0], [70445.0, 4530.0], [70557.5, 10.0], [70565.0, 50000.0]]}}}
{"jsonrpc": "2.0", "method": "subscription", "params": {"channel": "book.BTC-20FEB26.none.20.100ms", "data": {"timestamp": 1770411317629, "change_id": 139101208995, "instrument_name": "BTC-20FEB26", "bids": [[70285.0, 1350.0], [70282.5, 5000.0], [70277.5, 1040.0], [70275.0, 4530.0], [70257.5, 900.0], [70255.0, 3000.0], [70242.5, 3090.0], [70240.0, 10360.0], [70037.5, 2050.0], [70030.0, 8200.0], [70010.0, 10.0], [69992.5, 40.0], [69975.0, 32830.0], [69972.5, 29100.0], [69967.5, 160.0], [69910.0, 4950.0], [69907.5, 15140.0], [69880.0, 30040.0], [69860.0, 300000.0], [69837.5, 30830.0]], "asks": [[70302.5, 1350.0], [70305.0, 4530.0], [70310.0, 5140.0], [70312.5, 50050.0], [70317.5, 1880.0], [70320.0, 52370.0], [70322.5, 40170.0], [70392.5, 2960.0], [70395.0, 9920.0], [70567.5, 5040.0], [70575.0, 15270.0], [70590.0, 5110.0], [70597.5, 10.0], [70600.0, 30810.0], [70627.5, 30350.0], [70640.0, 40.0], [70700.0, 170.0], [70712.5, 20.0], [70717.5, 10.0], [70727.5, 10.0]]}}}
{"jsonrpc": "2.0", "method": "subscription", "params": {"channel": "book.BTC-13FEB26.none.20.100ms", "data": {"timestamp": 1770411317944, "change_id": 139101209820, "instrument_name": "BTC-13FEB26", "bids": [[70237.5, 13130.0], [70235.0, 51500.0], [70232.5, 1350.0], [70230.0, 42910.0], [70227.5, 33710.0], [70217.5, 2830.0], [70215.0, 10000.0], [70190.0, 3020.0], [70187.5, 10120.0], [70152.5, 1350.0], [70150.0, 4510.0], [70097.5, 10250.0], [70095.0, 45520.0], [69985.0, 32830.0], [69972.5, 40.0], [69970.0, 50000.0], [69967.5, 19470.0], [69942.5, 160.0], [69927.5, 10.0], [69915.0, 20420.0]], "asks": [[70250.0, 1810.0], [70252.5, 6080.0], [70255.0, 1560.0], [70257.5, 1560.0], [70260.0, 1960.0], [70262.5, 8980.0], [70265.0, 32410.0], [70267.5, 51610.0], [70270.0, 1560.0], [70272.5, 1200.0], [70275.0, 11060.0], [70277.5, 52000.0], [70292.5, 40.0], [70297.5, 40170.0], [70357.5, 10120.0], [70422.5, 45880.0], [70442.5, 10260.0], [70445.0, 4530.0], [70557.5, 10.0], [70565.0, 50000.0]]}}}
{"jsonrpc": "2.0", "method": "subscription", "params": {"channel": "book.BTC-20FEB26.none.20.100ms", "data": {"timestamp": 1770411317844, "change_id": 139101209468, "instrument_name": "BTC-20FEB26", "bids": [[70285.0, 1350.0], [70282.5, 5000.0], [70277.5, 1040.0], [70275.0, 4530.0], [70257.5, 900.0], [70255.0, 3000.0], [70242.5, 3090.0], [70240.0, 10360.0], [70037.5, 2050.0], [70030.0, 8200.0], [70010.0, 10.0], [69992.5, 40.0], [69975.0, 32830.0], [69972.5, 29100.0], [69967.5, 160.0], [69910.0, 4950.0], [69907.5, 15140.0], [69880.0, 30040.0], [69860.0, 300000.0], [69837.5, 30830.0]], "asks": [[70302.5, 1350.0], [70305.0, 4530.0], [70310.0, 5140.0], [70312.5, 50050.0], [70317.5, 1880.0], [70320.0, 52370.0], [70322.5, 40170.0], [70392.5, 2960.0], [70395.0, 9920.0], [70567.5, 5040.0], [70575.0, 15270.0], [70590.0, 5110.0], [70597.5, 10.0], [70600.0, 30810.0], [70627.5, 30350.0], [70640.0, 40.0], [70700.0, 170.0], [70712.5, 20.0], [70717.5, 10.0], [70727.5, 10.0]]}}}
{"jsonrpc": "2.0", "method": "subscription", "params": {"channel": "book.BTC-13FEB26.none.20.100ms", "data": {"timestamp": 1770411318224, "change_id": 139101210505, "instrument_name": "BTC-13FEB26", "bids": [[70237.5, 13130.0], [70235.0, 51500.0], [70232.5, 6870.0], [70230.0, 42910.0], [70227.5, 33710.0], [70217.5, 2830.0], [70215.0, 10000.0], [70157.5, 3070.0], [70155.0, 10270.0], [70152.5, 1350.0], [70150.0, 4510.0], [70097.5, 10250.0], [70095.0, 45520.0], [69985.0, 32830.0], [69972.5, 40.0], [69970.0, 50000.0], [69967.5, 19470.0], [69942.5, 160.0], [69927.5, 10.0], [69915.0, 20420.0]], "asks": [[70250.0, 1200.0], [70252.5, 6080.0], [70255.0, 1560.0], [70257.5, 1560.0], [70260.0, 1960.0], [70262.5, 8980.0], [70265.0, 32410.0], [70267.5, 51610.0], [70270.0, 360.0], [70272.5, 1200.0], [70275.0, 11060.0], [70277.5, 52000.0], [70292.5, 40.0], [70297.5, 40170.0], [70357.5, 10120.0], [70422.5, 45880.0], [70442.5, 10260.0], [70445.0, 4530.0], [70557.5, 10.0], [70565.0, 50000.0]]}}}
{"jsonrpc": "2.0", "method": "subscription", "params": {"channel": "book.BTC-20FEB26.none.20.100ms", "data": {"timestamp": 1770411318128, "change_id": 139101210269, "instrument_name": "BTC-20FEB26", "bids": [[70285.0, 1350.0], [70282.5, 5000.0], [70277.5, 1040.0], [70275.0, 4530.0], [70257.5, 900.0], [70255.0, 3000.0], [70207.5, 9930.0], [70037.5, 2050.0], [70030.0, 8200.0], [70010.0, 10.0], [69992.5, 40.0], [69975.0, 32830.0], [69972.5, 29100.0], [69967.5, 160.0], [69910.0, 4950.0], [69907.5, 15140.0], [69880.0, 30040.0], [69860.0, 300000.0], [69837.5, 30830.0], [69787.5, 29860.0]], "asks": [[70302.5, 1350.0], [70305.0, 4530.0], [70310.0, 5140.0], [70312.5, 50050.0], [70317.5, 1880.0], [70320.0, 52370.0], [70322.5, 40170.0], [70392.5, 2960.0], [70395.0, 9920.0], [70567.5, 5040.0], [70575.0, 15270.0], [70590.0, 5110.0], [70597.5, 10.0], [70600.0, 30810.0], [70627.5, 30350.0], [70640.0, 40.0], [70700.0, 170.0], [70712.5, 20.0], [70717.5, 10.0], [70727.5, 10.0]]}}}
{"jsonrpc": "2.0", "method": "subscription", "params": {"channel": "book.BTC-13FEB26.none.20.100ms", "data": {"timestamp": 1770411318674, "change_id": 139101211235, "instrument_name": "BTC-13FEB26", "bids": [[70247.5, 1500.0], [70237.5, 13130.0], [70235.0, 50000.0], [70232.5, 1350.0], [70230.0, 4520.0], [70217.5, 2830.0], [70215.0, 10000.0], [70157.5, 3070.0], [70155.0, 10270.0], [70152.5, 1350.0], [70150.0, 4510.0], [70097.5, 10250.0], [70095.0, 45520.0], [69985.0, 32830.0], [69972.5, 40.0], [69970.0, 50000.0], [69967.5, 19470.0], [69942.5, 160.0], [69927.5, 10.0], [69915.0, 20420.0]], "asks": [[70250.0, 1200.0], [70252.5, 5720.0], [70255.0, 1200.0], [70257.5, 1200.0], [70260.0, 1200.0], [70262.5, 1200.0], [70265.0, 32410.0], [70267.5, 51560.0], [70270.0, 360.0], [70272.5, 1200.0], [70275.0, 11060.0], [70277.5, 50000.0], [70292.5, 40.0], [70297.5, 40170.0], [70357.5, 10120.0], [70422.5, 45880.0], [70442.5, 10260.0], [70445.0, 4530.0], [70557.5, 10.0], [70565.0, 50000.0]]}}}
{"jsonrpc": "2.0", "method": "subscription", "params": {"channel": "book.BTC-20FEB26.none.20.100ms", "data": {"timestamp": 1770411318675, "change_id": 139101211237, "instrument_name": "BTC-20FEB26", "bids": [[70285.0, 1350.0], [70282.5, 5000.0], [70277.5, 1040.0], [70275.0, 4530.0], [70257.5, 900.0], [70255.0, 3000.0], [70207.5, 9930.0], [70037.5, 2050.0], [70030.0, 8200.0], [70010.0, 10.0], [69992.5, 40.0], [69975.0, 32830.0], [69972.5, 29100.0], [69967.5, 160.0], [69910.0, 4950.0], [69907.5, 15140.0], [69880.0, 30040.0], [69860.0, 300000.0], [69837.5, 30830.0], [69787.5, 29860.0]], "asks": [[70305.0, 4530.0], [70310.0, 5140.0], [70312.5, 50000.0], [70317.5, 1880.0], [70320.0, 52370.0], [70322.5, 40170.0], [70392.5, 2960.0], [70395.0, 9920.0], [70567.5, 5040.0], [70575.0, 15270.0], [70590.0, 5110.0], [70597.5, 10.0], [70600.0, 30810.0], [70627.5, 30350.0], [70640.0, 40.0], [70700.0, 170.0], [70712.5, 20.0], [70717.5, 10.0], [70727.5, 10.0], [70815.0, 29650.0]]}}}
{"jsonrpc": "2.0", "method": "subscription", "params": {"channel": "book.BTC-13FEB26.none.20.100ms", "data": {"timestamp": 1770411318874, "change_id": 139101211902, "instrument_name": "BTC-13FEB26", "bids": [[70247.5, 1500.0], [70245.0, 4520.0], [70237.5, 13130.0], [70235.0, 50000.0], [70230.0, 10060.0], [70227.5, 33700.0], [70225.0, 33700.0], [70217.5, 2830.0], [70215.0, 10000.0], [70157.5, 3070.0], [70155.0, 10270.0], [70152.5, 1350.0], [70150.0, 4510.0], [70097.5, 10250.0], [70095.0, 45520.0], [69985.0, 32830.0], [69972.5, 40.0], [69970.0, 50000.0], [69967.5, 19470.0], [69942.5, 160.0]], "asks": [[70250.0, 1200.0], [70252.5, 1200.0], [70255.0, 1200.0], [70257.5, 1200.0], [70260.0, 1200.0], [70262.5, 1470.0], [70265.0, 6080.0], [70267.5, 1200.0], [70270.0, 360.0], [70272.5, 8130.0], [70275.0, 62560.0], [70277.5, 50000.0], [70287.5, 50.0], [70292.5, 40.0], [70295.0, 8370.0], [70297.5, 40170.0], [70322.5, 20000.0], [70357.5, 10120.0], [70422.5, 45880.0], [70442.5, 10260.0]]}}}
{"jsonrpc": "2.0", "method": "subscription", "params": {"channel": "book.BTC-20FEB26.none.20.100ms", "data": {"timestamp": 1770411318867, "change_id": 139101211865, "instrument_name": "BTC-20FEB26", "bids": [[70292.5, 1350.0], [70290.0, 4530.0], [70285.0, 1350.0], [70282.5, 5000.0], [70257.5, 900.0], [70255.0, 3000.0], [70207.5, 9930.0], [70037.5, 2050.0], [70030.0, 8200.0], [70010.0, 10.0], [69992.5, 40.0], [69975.0, 32830.0], [69972.5, 29100.0], [69967.5, 160.0], [69910.0, 4950.0], [69907.5, 15140.0], [69880.0, 30040.0], [69860.0, 300000.0], [69837.5, 30830.0], [69787.5, 29860.0]], "asks": [[70310.0, 2020.0], [70312.5, 51350.0], [70315.0, 4530.0], [70317.5, 1880.0], [70320.0, 52370.0], [70322.5, 42170.0], [70327.5, 50.0], [70392.5, 2960.0], [70395.0, 9920.0], [70567.5, 5040.0], [70575.0, 15270.0], [70590.0, 5110.0], [70597.5, 10.0], [70600.0, 30810.0], [70627.5, 30350.0], [70640.0, 40.0], [70700.0, 170.0], [70712.5, 20.0], [70717.5, 10.0], [70727.5, 10.0]]}}}
{"jsonrpc": "2.0", "method": "subscription", "params": {"channel": "book.BTC-13FEB26.none.20.100ms", "data": {"timestamp": 1770411319223, "change_id": 139101212865, "instrument_name": "BTC-13FEB26", "bids": [[70255.0, 450.0], [70252.5, 1500.0], [70247.5, 1350.0], [70245.0, 4520.0], [70237.5, 13130.0], [70235.0, 50000.0], [70230.0, 10060.0], [70227.5, 33700.0], [70225.0, 33700.0], [70217.5, 2830.0], [70215.0, 10000.0], [70157.5, 3070.0], [70155.0, 10270.0], [70152.5, 1350.0], [70150.0, 4510.0], [70097.5, 10250.0], [70095.0, 45520.0], [69985.0, 32830.0], [69972.5, 19510.0], [69970.0, 50000.0]], "asks": [[70260.0, 1560.0], [70262.5, 2510.0], [70265.0, 4880.0], [70267.5, 1560.0], [70270.0, 1560.0], [70272.5, 8130.0], [70275.0, 62560.0], [70277.5, 50000.0], [70287.5, 50.0], [70292.5, 40.0], [70295.0, 8370.0], [70297.5, 40170.0], [70322.5, 20000.0], [70357.5, 10120.0], [70422.5, 45880.0], [70442.5, 10260.0], [70445.0, 4530.0], [70557.5, 10.0], [70565.0, 50000.0], [70580.0, 20330.0]]}}}
{"jsonrpc": "2.0", "method": "subscription", "params": {"channel": "book.BTC-13FEB26.none.20.100ms", "data": {"timestamp": 1770411319631, "change_id": 139101213340, "instrument_name": "BTC-13FEB26", "bids": [[70255.0, 450.0], [70252.5, 1500.0], [70247.5, 1350.0], [70245.0, 4520.0], [70237.5, 13130.0], [70235.0, 50000.0], [70230.0, 10060.0], [70227.5, 33700.0], [70217.5, 2830.0], [70215.0, 10000.0], [70157.5, 3070.0], [70155.0, 10270.0], [70152.5, 1350.0], [70150.0, 4510.0], [70097.5, 10250.0], [70095.0, 45520.0], [69985.0, 32830.0], [69972.5, 19510.0], [69970.0, 50000.0], [69942.5, 160.0]], "asks": [[70260.0, 1560.0], [70262.5, 2510.0], [70265.0, 4880.0], [70267.5, 1560.0], [70270.0, 1560.0], [70272.5, 12200.0], [70275.0, 62560.0], [70277.5, 50000.0], [70287.5, 50.0], [70292.5, 40.0], [70295.0, 8370.0], [70297.5, 40170.0], [70322.5, 20000.0], [70357.5, 10120.0], [70422.5, 45880.0], [70442.5, 10260.0], [70445.0, 4530.0], [70557.5, 10.0], [70565.0, 50000.0], [70580.0, 20330.0]]}}}
{"jsonrpc": "2.0", "method": "subscription", "params": {"channel": "book.BTC-13FEB26.none.20.100ms", "data": {"timestamp": 1770411319982, "change_id": 139101214045, "instrument_name": "BTC-13FEB26", "bids": [[70255.0, 450.0], [70252.5, 1500.0], [70247.5, 1350.0], [70245.0, 4520.0], [70237.5, 13130.0], [70235.0, 50000.0], [70230.0, 10060.0], [70227.5, 33700.0], [70217.5, 2830.0], [70215.0, 10000.0], [70157.5, 3070.0], [70155.0, 10270.0], [70152.5, 1350.0], [70150.0, 4510.0], [70097.5, 10250.0], [70095.0, 45520.0], [69985.0, 32830.0], [69972.5, 19510.0], [69970.0, 50000.0], [69942.5, 160.0]], "asks": [[70260.0, 1200.0], [70262.5, 1200.0], [70265.0, 4880.0], [70267.5, 1560.0], [70270.0, 1560.0], [70272.5, 12200.0], [70275.0, 62560.0], [70277.5, 50000.0], [70280.0, 50.0], [70292.5, 2040.0], [70295.0, 8370.0], [70297.5, 40170.0], [70322.5, 20000.0], [70357.5, 10120.0], [70422.5, 45880.0], [70442.5, 10260.0], [70445.0, 4530.0], [70557.5, 10.0], [70565.0, 50000.0], [70580.0, 20330.0]]}}}
{"jsonrpc": "2.0", "method": "subscription", "params": {"channel": "book.BTC-20FEB26.none.20.100ms", "data": {"timestamp": 1770411319862, "change_id": 139101214054, "instrument_name": "BTC-20FEB26", "bids": [[70292.5, 1350.0], [70290.0, 4530.0], [70285.0, 1350.0], [70282.5, 5000.0], [70257.5, 900.0], [70255.0, 3000.0], [70207.5, 9930.0], [70037.5, 2050.0], [70030.0, 8200.0], [70010.0, 10.0], [69992.5, 40.0], [69975.0, 32830.0], [69972.5, 29100.0], [69967.5, 160.0], [69910.0, 4950.0], [69907.5, 15140.0], [69880.0, 30040.0], [69860.0, 300000.0], [69837.5, 30830.0], [69787.5, 29860.0]], "asks": [[70310.0, 2940.0], [70312.5, 51350.0], [70315.0, 4530.0], [70317.5, 1880.0], [70320.0, 52370.0], [70322.5, 40170.0], [70327.5, 2050.0], [70392.5, 2960.0], [70395.0, 9920.0], [70567.5, 5040.0], [70575.0, 15270.0], [70590.0, 5110.0], [70597.5, 10.0], [70600.0, 30810.0], [70627.5, 30350.0], [70640.0, 40.0], [70700.0, 170.0], [70712.5, 20.0], [70717.5, 10.0], [70727.5, 10.0]]}}}
{"jsonrpc": "2.0", "method": "subscription", "params": {"channel": "book.BTC-13FEB26.none.20.100ms", "data": {"timestamp": 1770411320242, "change_id": 139101214757, "instrument_name": "BTC-13FEB26", "bids": [[70255.0, 450.0], [70252.5, 1500.0], [70240.0, 1350.0], [70237.5, 17650.0], [70235.0, 50000.0], [70230.0, 10060.0], [70227.5, 33700.0], [70217.5, 2830.0], [70215.0, 10000.0], [70157.5, 3070.0], [70155.0, 10270.0], [70152.5, 1350.0], [70150.0, 4510.0], [70097.5, 10250.0], [70095.0, 45520.0], [69985.0, 32830.0], [69972.5, 19510.0], [69970.0, 50000.0], [69942.5, 160.0], [69927.5, 10.0]], "asks": [[70260.0, 1560.0], [70262.5, 2550.0], [70265.0, 4880.0], [70267.5, 1200.0], [70280.0, 360.0], [70282.5, 1200.0], [70285.0, 50.0], [70292.5, 40.0], [70310.0, 50000.0], [70312.5, 40160.0], [70320.0, 5970.0], [70322.5, 20000.0], [70357.5, 10120.0], [70422.5, 45880.0], [70442.5, 10260.0], [70445.0, 4530.0], [70557.5, 10.0], [70565.0, 50000.0], [70580.0, 20330.0], [70660.0, 19490.0]]}}}
{"jsonrpc": "2.0", "method": "subscription", "params": {"channel": "book.BTC-20FEB26.none.20.100ms", "data": {"timestamp": 1770411320160, "change_id": 139101214589, "instrument_name": "BTC-20FEB26", "bids": [[70292.5, 1350.0], [70290.0, 4530.0], [70285.0, 1350.0], [70282.5, 5000.0], [70257.5, 900.0], [70255.0, 3000.0], [70207.5, 9930.0], [70037.5, 2050.0], [70030.0, 8200.0], [70010.0, 10.0], [69992.5, 40.0], [69975.0, 32830.0], [69972.5, 29100.0], [69967.5, 160.0], [69910.0, 4950.0], [69907.5, 15140.0], [69880.0, 30040.0], [69860.0, 300000.0], [69837.5, 30830.0], [69787.5, 29860.0]], "asks": [[70312.5, 1350.0], [70315.0, 4530.0], [70317.5, 2690.0], [70320.0, 52370.0], [70327.5, 2050.0], [70335.0, 1740.0], [70337.5, 40170.0], [70392.5, 2960.0], [70395.0, 9920.0], [70567.5, 5040.0], [70575.0, 15270.0], [70590.0, 5110.0], [70597.5, 10.0], [70600.0, 30810.0], [70627.5, 30350.0], [70640.0, 40.0], [70700.0, 170.0], [70712.5, 20.0], [70717.5, 10.0], [70727.5, 10.0]]}}}
{"jsonrpc": "2.0", "method": "subscription", "params": {"channel": "book.BTC-13FEB26.none.20.100ms", "data": {"timestamp": 1770411320355, "change_id": 139101214880, "instrument_name": "BTC-13FEB26", "bids": [[70255.0, 450.0], [70252.5, 1500.0], [70240.0, 1350.0], [70237.5, 17650.0], [70235.0, 50000.0], [70230.0, 10060.0], [70227.5, 33700.0], [70217.5, 2830.0], [70215.0, 10000.0], [70157.5, 3070.0], [70155.0, 10270.0], [70152.5, 1350.0], [70150.0, 4510.0], [70097.5, 10250.0], [70095.0, 45520.0], [69985.0, 32830.0], [69972.5, 19510.0], [69970.0, 50000.0], [69942.5, 160.0], [69927.5, 10.0]], "asks": [[70260.0, 1560.0], [70262.5, 2550.0], [70265.0, 4880.0], [70267.5, 1200.0], [70270.0, 450.0], [70272.5, 1500.0], [70280.0, 360.0], [70282.5, 1200.0], [70285.0, 50.0], [70292.5, 40.0], [70310.0, 50000.0], [70312.5, 40160.0], [70320.0, 5970.0], [70322.5, 20000.0], [70357.5, 10120.0], [70422.5, 45880.0], [70442.5, 10260.0], [70445.0, 4530.0], [70557.5, 10.0], [70565.0, 50000.0]]}}}
{"jsonrpc": "2.0", "method": "subscription", "params": {"channel": "book.BTC-20FEB26.none.20.100ms", "data": {"timestamp": 1770411320583, "change_id": 139101215117, "instrument_name": "BTC-20FEB26", "bids": [[70292.5, 1350.0], [70290.0, 4530.0], [70285.0, 1350.0], [70282.5, 5000.0], [70257.5, 900.0], [70255.0, 3000.0], [70207.5, 9930.0], [70037.5, 2050.0], [70030.0, 8200.0], [70010.0, 10.0], [69992.5, 40.0], [69975.0, 32830.0], [69972.5, 29100.0], [69967.5, 160.0], [69910.0, 4950.0], [69907.5, 15140.0], [69880.0, 30040.0], [69860.0, 300000.0], [69837.5, 30830.0], [69787.5, 29860.0]], "asks": [[70312.5, 1350.0], [70315.0, 4530.0], [70325.0, 610.0], [70327.5, 2050.0], [70332.5, 7390.0], [70335.0, 51740.0], [70337.5, 40170.0], [70392.5, 2960.0], [70395.0, 9920.0], [70567.5, 5040.0], [70575.0, 15270.0], [70590.0, 5110.0], [70597.5, 10.0], [70600.0, 30810.0], [70627.5, 30350.0], [70640.0, 40.0], [70700.0, 170.0], [70712.5, 20.0], [70717.5, 10.0], [70727.5, 10.0]]}}}
{"jsonrpc": "2.0", "method": "subscription", "params": {"channel": "book.BTC-13FEB26.none.20.100ms", "data": {"timestamp": 1770411320995, "change_id": 139101216326, "instrument_name": "BTC-13FEB26", "bids": [[70257.5, 1500.0], [70247.5, 1350.0], [70245.0, 4520.0], [70237.5, 13130.0], [70235.0, 50000.0], [70230.0, 10060.0], [70227.5, 33700.0], [70217.5, 2790.0], [70215.0, 10000.0], [70157.5, 3070.0], [70155.0, 10270.0], [70152.5, 1350.0], [70150.0, 4510.0], [70097.5, 10250.0], [70095.0, 45520.0], [69985.0, 32830.0], [69972.5, 19510.0], [69970.0, 50000.0], [69942.5, 160.0], [69927.5, 10.0]], "asks": [[70260.0, 1200.0], [70262.5, 1200.0], [70267.5, 1200.0], [70270.0, 1350.0], [70272.5, 4520.0], [70280.0, 760.0], [70282.5, 2700.0], [70285.0, 50.0], [70292.5, 40.0], [70307.5, 14930.0], [70310.0, 50000.0], [70317.5, 40160.0], [70330.0, 20000.0], [70357.5, 10120.0], [70422.5, 45880.0], [70442.5, 10260.0], [70445.0, 4530.0], [70557.5, 10.0], [70565.0, 50000.0], [70580.0, 20330.0]]}}}
{"jsonrpc": "2.0", "method": "subscription", "params": {"channel": "book.BTC-20FEB26.none.20.100ms", "data": {"timestamp": 1770411320992, "change_id": 139101216320, "instrument_name": "BTC-20FEB26", "bids": [[70295.0, 1490.0], [70292.5, 6350.0], [70290.0, 4530.0], [70257.5, 900.0], [70255.0, 3000.0], [70207.5, 9930.0], [70037.5, 2050.0], [70030.0, 8200.0], [70010.0, 10.0], [69992.5, 40.0], [69975.0, 32830.0], [69972.5, 29100.0], [69970.0, 4950.0], [69967.5, 160.0], [69907.5, 15140.0], [69880.0, 30040.0], [69860.0, 300000.0], [69837.5, 30830.0], [69787.5, 29860.0], [69765.0, 19690.0]], "asks": [[70320.0, 1350.0], [70322.5, 4530.0], [70327.5, 50.0], [70340.0, 9530.0], [70342.5, 50000.0], [70345.0, 40170.0], [70392.5, 2960.0], [70395.0, 9920.0], [70565.0, 5040.0], [70575.0, 15270.0], [70590.0, 5110.0], [70597.5, 10.0], [70600.0, 30810.0], [70627.5, 30350.0], [70640.0, 40.0], [70700.0, 170.0], [70712.5, 20.0], [70717.5, 10.0], [70727.5, 10.0], [70815.0, 29650.0]]}}}
{"jsonrpc": "2.0", "method": "subscription", "params": {"channel": "book.BTC-13FEB26.none.20.100ms", "data": {"timestamp": 1770411321193, "change_id": 139101217096, "instrument_name": "BTC-13FEB26", "bids": [[70257.5, 1500.0], [70247.5, 1350.0], [70245.0, 4520.0], [70232.5, 1530.0], [70230.0, 10000.0], [70157.5, 3070.0], [70155.0, 10270.0], [70152.5, 1350.0], [70150.0, 4510.0], [70097.5, 10250.0], [70095.0, 45520.0], [69985.0, 32830.0], [69977.5, 19470.0], [69972.5, 40.0], [69970.0, 50000.0], [69942.5, 160.0], [69927.5, 10.0], [69915.0, 20420.0], [69897.5, 39620.0], [69895.0, 50000.0]], "asks": [[70262.5, 1200.0], [70265.0, 360.0], [70267.5, 1560.0], [70270.0, 2550.0], [70272.5, 4520.0], [70275.0, 450.0], [70277.5, 7470.0], [70280.0, 20760.0], [70282.5, 1200.0], [70285.0, 50.0], [70290.0, 610.0], [70292.5, 2040.0], [70307.5, 14930.0], [70310.0, 50000.0], [70317.5, 40160.0], [70357.5, 10120.0], [70422.5, 45880.0], [70442.5, 10260.0], [70445.0, 4530.0], [70557.5, 10.0]]}}}
{"jsonrpc": "2.0", "method": "subscription", "params": {"channel": "book.BTC-20FEB26.none.20.100ms", "data": {"timestamp": 1770411321159, "change_id": 139101217055, "instrument_name": "BTC-20FEB26", "bids": [[70295.0, 1490.0], [70292.5, 6350.0], [70290.0, 4530.0], [70257.5, 900.0], [70255.0, 3000.0], [70207.5, 9930.0], [70037.5, 2050.0], [70030.0, 8200.0], [70010.0, 10.0], [69992.5, 40.0], [69975.0, 37780.0], [69972.5, 29100.0], [69967.5, 160.0], [69907.5, 15140.0], [69880.0, 30040.0], [69860.0, 300000.0], [69837.5, 30830.0], [69787.5, 29860.0], [69765.0, 19690.0], [69635.0, 300000.0]], "asks": [[70320.0, 1350.0], [70322.5, 4530.0], [70327.5, 650.0], [70330.0, 2000.0], [70340.0, 9530.0], [70342.5, 50000.0], [70345.0, 40170.0], [70392.5, 2960.0], [70395.0, 9920.0], [70562.5, 5040.0], [70575.0, 15270.0], [70590.0, 5110.0], [70597.5, 10.0], [70600.0, 30810.0], [70627.5, 30350.0], [70640.0, 40.0], [70700.0, 170.0], [70712.5, 20.0], [70717.5, 10.0], [70727.5, 10.0]]}}}
{"jsonrpc": "2.0", "method": "subscription", "params": {"channel": "book.BTC-13FEB26.none.20.100ms", "data": {"timestamp": 1770411321646, "change_id": 139101217706, "instrument_name": "BTC-13FEB26", "bids": [[70257.5, 1500.0], [70247.5, 1350.0], [70245.0, 4520.0], [70232.5, 1530.0], [70230.0, 10000.0], [70157.5, 3070.0], [70155.0, 10270.0], [70152.5, 1350.0], [70150.0, 4510.0], [70097.5, 10250.0], [70095.0, 45520.0], [69985.0, 32830.0], [69977.5, 19470.0], [69972.5, 40.0], [69970.0, 50000.0], [69942.5, 160.0], [69927.5, 10.0], [69915.0, 20420.0], [69897.5, 39620.0], [69895.0, 50000.0]], "asks": [[70262.5, 1200.0], [70267.5, 1200.0], [70270.0, 2550.0], [70272.5, 4520.0], [70277.5, 5970.0], [70280.0, 20760.0], [70282.5, 1200.0], [70285.0, 1550.0], [70292.5, 40.0], [70307.5, 14930.0], [70310.0, 50000.0], [70317.5, 40160.0], [70357.5, 10120.0], [70422.5, 45880.0], [70442.5, 10260.0], [70445.0, 4530.0], [70557.5, 10.0], [70565.0, 50000.0], [70580.0, 20330.0], [70660.0, 19490.0]]}}}
{"jsonrpc": "2.0", "method": "subscription", "params": {"channel": "book.BTC-20FEB26.none.20.100ms", "data": {"timestamp": 1770411321636, "change_id": 139101217653, "instrument_name": "BTC-20FEB26", "bids": [[70295.0, 1490.0], [70292.5, 6350.0], [70290.0, 4530.0], [70257.5, 900.0], [70255.0, 3000.0], [70207.5, 9930.0], [70037.5, 2050.0], [70030.0, 8200.0], [70010.0, 10.0], [69992.5, 40.0], [69975.0, 37780.0], [69972.5, 29100.0], [69967.5, 160.0], [69907.5, 15140.0], [69880.0, 30040.0], [69860.0, 300000.0], [69837.5, 30830.0], [69787.5, 29860.0], [69765.0, 19690.0], [69635.0, 300000.0]], "asks": [[70320.0, 1350.0], [70322.5, 4530.0], [70327.5, 50.0], [70340.0, 9530.0], [70342.5, 50000.0], [70345.0, 40170.0], [70392.5, 2960.0], [70395.0, 9920.0], [70562.5, 5040.0], [70575.0, 15270.0], [70590.0, 5110.0], [70597.5, 10.0], [70600.0, 30810.0], [70627.5, 30350.0], [70640.0, 40.0], [70700.0, 170.0], [70712.5, 20.0], [70717.5, 10.0], [70727.5, 10.0], [70815.0, 29650.0]]}}}
{"jsonrpc": "2.0", "method": "subscription", "params": {"channel": "book.BTC-13FEB26.none.20.100ms", "data": {"timestamp": 1770411321877, "change_id": 139101218100, "instrument_name": "BTC-13FEB26", "bids": [[70257.5, 1500.0], [70247.5, 1350.0], [70245.0, 4520.0], [70232.5, 1530.0], [70230.0, 10000.0], [70157.5, 3070.0], [70155.0, 10270.0], [70152.5, 1350.0], [70150.0, 4510.0], [70097.5, 10250.0], [70095.0, 45520.0], [69985.0, 32830.0], [69977.5, 19470.0], [69972.5, 40.0], [69970.0, 50000.0], [69942.5, 160.0], [69927.5, 10.0], [69915.0, 20420.0], [69897.5, 39620.0], [69895.0, 50000.0]], "asks": [[70262.5, 1200.0], [70265.0, 360.0], [70267.5, 1560.0], [70270.0, 2550.0], [70272.5, 4520.0], [70277.5, 5970.0], [70280.0, 22260.0], [70282.5, 1200.0], [70285.0, 50.0], [70292.5, 40.0], [70302.5, 14930.0], [70305.0, 50000.0], [70317.5, 40160.0], [70357.5, 10120.0], [70422.5, 45880.0], [70442.5, 10260.0], [70445.0, 4530.0], [70557.5, 10.0], [70565.0, 50000.0], [70580.0, 20330.0]]}}}
{"jsonrpc": "2.0", "method": "subscription", "params": {"channel": "book.BTC-20FEB26.none.20.100ms", "data": {"timestamp": 1770411321978, "change_id": 139101218558, "instrument_name": "BTC-20FEB26", "bids": [[70295.0, 1490.0], [70292.5, 6350.0], [70290.0, 4530.0], [70257.5, 900.0], [70255.0, 3000.0], [70207.5, 9930.0], [70037.5, 2050.0], [70030.0, 8200.0], [70010.0, 10.0], [69992.5, 40.0], [69975.0, 37780.0], [69972.5, 29100.0], [69967.5, 160.0], [69907.5, 15140.0], [69880.0, 30040.0], [69860.0, 300000.0], [69837.5, 30830.0], [69787.5, 29860.0], [69765.0, 19690.0], [69635.0, 300000.0]], "asks": [[70320.0, 1350.0], [70322.5, 4530.0], [70327.5, 50.0], [70340.0, 9530.0], [70342.5, 50000.0], [70345.0, 40170.0], [70392.5, 2960.0], [70395.0, 9920.0], [70562.5, 5040.0], [70575.0, 15270.0], [70590.0, 5110.0], [70597.5, 10.0], [70600.0, 30810.0], [70627.5, 30350.0], [70640.0, 40.0], [70700.0, 170.0], [70712.5, 20.0], [70717.5, 10.0], [70727.5, 10.0], [70815.0, 29650.0]]}}}
{"jsonrpc": "2.0", "method": "subscription", "params": {"channel": "book.BTC-13FEB26.none.20.100ms", "data": {"timestamp": 1770411322310, "change_id": 139101220183, "instrument_name": "BTC-13FEB26", "bids": [[70232.5, 40.0], [70227.5, 51490.0], [70225.0, 7650.0], [70222.5, 9520.0], [70157.5, 3070.0], [70155.0, 10270.0], [70152.5, 1350.0], [70150.0, 4510.0], [70097.5, 10250.0], [70095.0, 45520.0], [69985.0, 32830.0], [69972.5, 40.0], [69970.0, 50000.0], [69945.0, 19470.0], [69942.5, 160.0], [69927.5, 10.0], [69915.0, 20420.0], [69897.5, 39620.0], [69895.0, 50000.0], [69875.0, 60080.0]], "asks": [[70252.5, 360.0], [70255.0, 1560.0], [70257.5, 1560.0], [70260.0, 1560.0], [70262.5, 1200.0], [70265.0, 600.0], [70272.5, 360.0], [70275.0, 1200.0], [70277.5, 6020.0], [70280.0, 22260.0], [70292.5, 40.0], [70302.5, 14930.0], [70305.0, 50000.0], [70310.0, 40160.0], [70357.5, 10120.0], [70422.5, 45880.0], [70442.5, 10260.0], [70445.0, 4530.0], [70557.5, 10.0], [70565.0, 50000.0]]}}}
{"jsonrpc": "2.0", "method": "subscription", "params": {"channel": "book.BTC-20FEB26.none.20.100ms", "data": {"timestamp": 1770411322310, "change_id": 139101220186, "instrument_name": "BTC-20FEB26", "bids": [[70270.0, 4530.0], [70257.5, 900.0], [70255.0, 3000.0], [70210.0, 2960.0], [70207.5, 9930.0], [70037.5, 2050.0], [70030.0, 8200.0], [70010.0, 10.0], [69992.5, 40.0], [69975.0, 32830.0], [69967.5, 160.0], [69907.5, 15140.0], [69880.0, 30040.0], [69860.0, 300000.0], [69837.5, 30830.0], [69787.5, 29860.0], [69765.0, 19690.0], [69635.0, 300000.0], [69625.0, 19830.0], [69380.0, 640.0]], "asks": [[70300.0, 4530.0], [70320.0, 50.0], [70332.5, 10540.0], [70335.0, 40170.0], [70340.0, 9530.0], [70342.5, 50000.0], [70392.5, 2960.0], [70395.0, 9920.0], [70575.0, 15270.0], [70590.0, 5110.0], [70597.5, 10.0], [70600.0, 30810.0], [70627.5, 30350.0], [70640.0, 40.0], [70700.0, 170.0], [70712.5, 20.0], [70717.5, 10.0], [70727.5, 10.0], [70815.0, 29650.0], [70907.5, 29120.0]]}}}
{"jsonrpc": "2.0", "method": "subscription", "params": {"channel": "book.BTC-13FEB26.none.20.100ms", "data": {"timestamp": 1770411322634, "change_id": 139101221736, "instrument_name": "BTC-13FEB26", "bids": [[70227.5, 50000.0], [70222.5, 1490.0], [70220.0, 4520.0], [70217.5, 40.0], [70207.5, 10000.0], [70155.0, 10270.0], [70150.0, 4510.0], [70097.5, 10250.0], [70095.0, 45520.0], [69985.0, 32830.0], [69972.5, 40.0], [69970.0, 50000.0], [69945.0, 19470.0], [69942.5, 160.0], [69927.5, 10.0], [69915.0, 20420.0], [69897.5, 39620.0], [69895.0, 50000.0], [69875.0, 60080.0], [69862.5, 40250.0]], "asks": [[70245.0, 4520.0], [70252.5, 1200.0], [70255.0, 1200.0], [70257.5, 1200.0], [70262.5, 50.0], [70267.5, 20000.0], [70275.0, 6160.0], [70277.5, 62370.0], [70280.0, 41650.0], [70292.5, 40.0], [70357.5, 10120.0], [70422.5, 45880.0], [70442.5, 10260.0], [70445.0, 4530.0], [70557.5, 10.0], [70565.0, 50000.0], [70580.0, 20330.0], [70660.0, 19490.0], [70667.5, 50000.0], [70685.0, 40660.0]]}}}
{"jsonrpc": "2.0", "method": "subscription", "params": {"channel": "book.BTC-20FEB26.none.20.100ms", "data": {"timestamp": 1770411322623, "change_id": 139101221658, "instrument_name": "BTC-20FEB26", "bids": [[70275.0, 1430.0], [70272.5, 5000.0], [70267.5, 1350.0], [70265.0, 4530.0], [70242.5, 900.0], [70240.0, 3000.0], [70210.0, 2960.0], [70207.5, 9930.0], [70037.5, 2050.0], [70030.0, 8200.0], [70010.0, 10.0], [69992.5, 40.0], [69975.0, 32830.0], [69967.5, 160.0], [69910.0, 4950.0], [69907.5, 15140.0], [69880.0, 30040.0], [69860.0, 300000.0], [69850.0, 29100.0], [69837.5, 30830.0]], "asks": [[70297.5, 1350.0], [70300.0, 4530.0], [70302.5, 50.0], [70305.0, 5740.0], [70307.5, 40160.0], [70340.0, 9530.0], [70342.5, 50000.0], [70392.5, 2960.0], [70395.0, 9920.0], [70572.5, 5040.0], [70575.0, 15270.0], [70590.0, 5110.0], [70597.5, 10.0], [70600.0, 30810.0], [70627.5, 30350.0], [70640.0, 40.0], [70700.0, 170.0], [70712.5, 20.0], [70717.5, 10.0], [70727.5, 10.0]]}}}
{"jsonrpc": "2.0", "method": "subscription", "params": {"channel": "book.BTC-13FEB26.none.20.100ms", "data": {"timestamp": 1770411322961, "change_id": 139101223300, "instrument_name": "BTC-13FEB26", "bids": [[70235.0, 4520.0], [70227.5, 50000.0], [70212.5, 10000.0], [70210.0, 40.0], [70155.0, 10270.0], [70150.0, 4510.0], [70097.5, 10250.0], [70095.0, 45520.0], [69985.0, 32830.0], [69972.5, 40.0], [69970.0, 50000.0], [69942.5, 160.0], [69927.5, 10.0], [69915.0, 20420.0], [69897.5, 39620.0], [69895.0, 50000.0], [69875.0, 60080.0], [69862.5, 40250.0], [69835.0, 59200.0], [69730.0, 39530.0]], "asks": [[70255.0, 4520.0], [70270.0, 20000.0], [70272.5, 40.0], [70275.0, 1200.0], [70277.5, 50000.0], [70280.0, 40150.0], [70357.5, 10120.0], [70422.5, 45880.0], [70442.5, 10260.0], [70445.0, 4530.0], [70557.5, 10.0], [70565.0, 50000.0], [70580.0, 20330.0], [70660.0, 19490.0], [70667.5, 50000.0], [70685.0, 40660.0], [70712.5, 41130.0], [70722.5, 200.0], [70725.0, 58450.0], [70752.5, 50000.0]]}}}
{"jsonrpc": "2.0", "method": "subscription", "params": {"channel": "book.BTC-20FEB26.none.20.100ms", "data": {"timestamp": 1770411322961, "change_id": 139101223318, "instrument_name": "BTC-20FEB26", "bids": [[70277.5, 1350.0], [70275.0, 5960.0], [70272.5, 5000.0], [70242.5, 900.0], [70240.0, 3000.0], [70210.0, 2960.0], [70207.5, 9930.0], [70037.5, 2050.0], [70030.0, 8200.0], [70010.0, 10.0], [69992.5, 40.0], [69975.0, 32830.0], [69967.5, 160.0], [69907.5, 15140.0], [69880.0, 30040.0], [69860.0, 300000.0], [69850.0, 29100.0], [69837.5, 30830.0], [69787.5, 29860.0], [69765.0, 19690.0]], "asks": [[70307.5, 44690.0], [70340.0, 9530.0], [70342.5, 50000.0], [70392.5, 2960.0], [70395.0, 9920.0], [70575.0, 15270.0], [70590.0, 5110.0], [70597.5, 10.0], [70600.0, 30810.0], [70627.5, 30350.0], [70640.0, 40.0], [70700.0, 170.0], [70712.5, 20.0], [70717.5, 10.0], [70727.5, 10.0], [70815.0, 29650.0], [70900.0, 300000.0], [70907.5, 29120.0], [71055.0, 10.0], [71060.0, 20.0]]}}}
{"jsonrpc": "2.0", "method": "subscription", "params": {"channel": "book.BTC-13FEB26.none.20.100ms", "data": {"timestamp": 1770411323285, "change_id": 139101225462, "instrument_name": "BTC-13FEB26", "bids": [[70250.0, 4520.0], [70230.0, 1500.0], [70215.0, 10000.0], [70210.0, 40.0], [70155.0, 10270.0], [70150.0, 4510.0], [70097.5, 10250.0], [70095.0, 45520.0], [69985.0, 32830.0], [69975.0, 19470.0], [69972.5, 40.0], [69970.0, 50000.0], [69942.5, 160.0], [69927.5, 10.0], [69915.0, 20420.0], [69897.5, 39620.0], [69895.0, 50000.0], [69875.0, 60080.0], [69862.5, 40250.0], [69835.0, 59200.0]], "asks": [[70272.5, 4560.0], [70287.5, 50.0], [70290.0, 40150.0], [70292.5, 2000.0], [70315.0, 50000.0], [70322.5, 20000.0], [70357.5, 10120.0], [70422.5, 45880.0], [70442.5, 10260.0], [70445.0, 4530.0], [70557.5, 10.0], [70565.0, 50000.0], [70580.0, 20330.0], [70660.0, 19490.0], [70667.5, 50000.0], [70685.0, 40660.0], [70712.5, 41130.0], [70722.5, 200.0], [70725.0, 58450.0], [70752.5, 50000.0]]}}}
{"jsonrpc": "2.0", "method": "subscription", "params": {"channel": "book.BTC-20FEB26.none.20.100ms", "data": {"timestamp": 1770411323278, "change_id": 139101225431, "instrument_name": "BTC-20FEB26", "bids": [[70297.5, 1350.0], [70295.0, 4530.0], [70275.0, 5000.0], [70242.5, 900.0], [70240.0, 3000.0], [70210.0, 2960.0], [70207.5, 9930.0], [70037.5, 2050.0], [70030.0, 8200.0], [70010.0, 10.0], [69992.5, 40.0], [69975.0, 32830.0], [69967.5, 160.0], [69907.5, 15140.0], [69880.0, 30040.0], [69860.0, 300000.0], [69850.0, 29100.0], [69837.5, 30830.0], [69787.5, 29860.0], [69765.0, 19690.0]], "asks": [[70312.5, 1310.0], [70315.0, 40160.0], [70320.0, 1350.0], [70322.5, 4530.0], [70327.5, 2050.0], [70387.5, 50000.0], [70390.0, 14930.0], [70392.5, 2960.0], [70395.0, 9920.0], [70575.0, 15270.0], [70590.0, 5110.0], [70597.5, 10.0], [70600.0, 30810.0], [70627.5, 30350.0], [70640.0, 40.0], [70700.0, 170.0], [70712.5, 20.0], [70717.5, 10.0], [70727.5, 10.0], [70815.0, 29650.0]]}}}
{"jsonrpc": "2.0", "method": "subscription", "params": {"channel": "book.BTC-13FEB26.none.20.100ms", "data": {"timestamp": 1770411323636, "change_id": 139101226966, "instrument_name": "BTC-13FEB26", "bids": [[70245.0, 15210.0], [70242.5, 56020.0], [70230.0, 1490.0], [70227.5, 10000.0], [70222.5, 1530.0], [70157.5, 3070.0], [70155.0, 10270.0], [70152.5, 1350.0], [70150.0, 4510.0], [70097.5, 10250.0], [70095.0, 45520.0], [69985.0, 32830.0], [69975.0, 19470.0], [69972.5, 40.0], [69970.0, 50000.0], [69942.5, 160.0], [69927.5, 10.0], [69915.0, 20420.0], [69897.5, 39620.0], [69895.0, 50000.0]], "asks": [[70265.0, 360.0], [70267.5, 1560.0], [70270.0, 2560.0], [70272.5, 4520.0], [70287.5, 50.0], [70292.5, 5970.0], [70295.0, 31980.0], [70297.5, 40600.0], [70300.0, 1500.0], [70312.5, 14930.0], [70315.0, 50000.0], [70355.0, 3020.0], [70357.5, 10120.0], [70422.5, 45880.0], [70442.5, 10260.0], [70445.0, 4530.0], [70557.5, 10.0], [70565.0, 50000.0], [70580.0, 20330.0], [70660.0, 19490.0]]}}}
{"jsonrpc": "2.0", "method": "subscription", "params": {"channel": "book.BTC-20FEB26.none.20.100ms", "data": {"timestamp": 1770411323624, "change_id": 139101226857, "instrument_name": "BTC-20FEB26", "bids": [[70290.0, 2670.0], [70287.5, 9530.0], [70242.5, 900.0], [70240.0, 3000.0], [70210.0, 2960.0], [70207.5, 9930.0], [70037.5, 2050.0], [70030.0, 8200.0], [70010.0, 10.0], [69992.5, 40.0], [69975.0, 32830.0], [69970.0, 4950.0], [69967.5, 160.0], [69907.5, 15140.0], [69880.0, 30040.0], [69860.0, 300000.0], [69850.0, 29100.0], [69837.5, 30830.0], [69787.5, 29860.0], [69765.0, 19690.0]], "asks": [[70320.0, 5230.0], [70322.5, 44690.0], [70325.0, 610.0], [70327.5, 50.0], [70387.5, 14930.0], [70390.0, 50000.0], [70395.0, 9920.0], [70572.5, 5040.0], [70575.0, 15270.0], [70590.0, 5110.0], [70597.5, 10.0], [70600.0, 30810.0], [70627.5, 30350.0], [70640.0, 40.0], [70700.0, 170.0], [70712.5, 20.0], [70717.5, 10.0], [70727.5, 10.0], [70815.0, 29650.0], [70907.5, 29120.0]]}}}
{"jsonrpc": "2.0", "method": "subscription", "params": {"channel": "book.BTC-13FEB26.none.20.100ms", "data": {"timestamp": 1770411323969, "change_id": 139101228171, "instrument_name": "BTC-13FEB26", "bids": [[70250.0, 450.0], [70247.5, 1500.0], [70245.0, 15210.0], [70242.5, 75990.0], [70240.0, 22330.0], [70230.0, 2790.0], [70227.5, 10000.0], [70222.5, 40.0], [70157.5, 3070.0], [70155.0, 10270.0], [70152.5, 1350.0], [70150.0, 4510.0], [70097.5, 10250.0], [70095.0, 45520.0], [69985.0, 32830.0], [69975.0, 19470.0], [69972.5, 40.0], [69970.0, 50000.0], [69942.5, 160.0], [69927.5, 10.0]], "asks": [[70262.5, 1200.0], [70265.0, 1560.0], [70267.5, 1560.0], [70270.0, 2560.0], [70272.5, 4520.0], [70275.0, 5970.0], [70277.5, 20000.0], [70287.5, 14440.0], [70290.0, 50000.0], [70292.5, 40.0], [70295.0, 11980.0], [70297.5, 40600.0], [70300.0, 1500.0], [70355.0, 3020.0], [70357.5, 10120.0], [70422.5, 45880.0], [70442.5, 10260.0], [70445.0, 4530.0], [70557.5, 10.0], [70565.0, 50000.0]]}}}
{"jsonrpc": "2.0", "method": "subscription", "params": {"channel": "book.BTC-20FEB26.none.20.100ms", "data": {"timestamp": 1770411323896, "change_id": 139101228120, "instrument_name": "BTC-20FEB26", "bids": [[70290.0, 2680.0], [70287.5, 9530.0], [70277.5, 3790.0], [70275.0, 25470.0], [70242.5, 900.0], [70240.0, 3000.0], [70207.5, 9930.0], [70037.5, 2050.0], [70030.0, 8200.0], [70010.0, 10.0], [69992.5, 40.0], [69975.0, 32830.0], [69972.5, 4950.0], [69967.5, 160.0], [69907.5, 15140.0], [69880.0, 30040.0], [69860.0, 300000.0], [69850.0, 29100.0], [69837.5, 30830.0], [69787.5, 29860.0]], "asks": [[70320.0, 4330.0], [70322.5, 44690.0], [70327.5, 50.0], [70390.0, 14930.0], [70392.5, 50000.0], [70395.0, 9920.0], [70572.5, 5040.0], [70575.0, 15270.0], [70590.0, 5110.0], [70597.5, 10.0], [70600.0, 30810.0], [70627.5, 30350.0], [70640.0, 40.0], [70700.0, 170.0], [70712.5, 20.0], [70717.5, 10.0], [70727.5, 10.0], [70815.0, 29650.0], [70907.5, 29120.0], [70967.5, 300000.0]]}}}
{"jsonrpc": "2.0", "method": "subscription", "params": {"channel": "book.BTC-13FEB26.none.20.100ms", "data": {"timestamp": 1770411324291, "change_id": 139101229581, "instrument_name": "BTC-13FEB26", "bids": [[70245.0, 15210.0], [70242.5, 71470.0], [70240.0, 22330.0], [70235.0, 4520.0], [70230.0, 2790.0], [70227.5, 10000.0], [70222.5, 40.0], [70157.5, 3070.0], [70155.0, 10270.0], [70152.5, 1350.0], [70150.0, 4510.0], [70097.5, 10250.0], [70095.0, 45520.0], [69985.0, 32830.0], [69975.0, 19470.0], [69972.5, 40.0], [69970.0, 50000.0], [69942.5, 160.0], [69927.5, 10.0], [69915.0, 20420.0]], "asks": [[70260.0, 360.0], [70262.5, 2860.0], [70265.0, 6080.0], [70267.5, 1560.0], [70270.0, 1560.0], [70272.5, 1200.0], [70275.0, 5970.0], [70277.5, 20000.0], [70280.0, 50.0], [70290.0, 14940.0], [70292.5, 50490.0], [70295.0, 13480.0], [70297.5, 40150.0], [70355.0, 3020.0], [70357.5, 10120.0], [70422.5, 45880.0], [70442.5, 10260.0], [70445.0, 4530.0], [70557.5, 10.0], [70565.0, 50000.0]]}}}
{"jsonrpc": "2.0", "method": "subscription", "params": {"channel": "book.BTC-20FEB26.none.20.100ms", "data": {"timestamp": 1770411324254, "change_id": 139101229628, "instrument_name": "BTC-20FEB26", "bids": [[70290.0, 1320.0], [70287.5, 5000.0], [70280.0, 4530.0], [70277.5, 3790.0], [70275.0, 25470.0], [70242.5, 900.0], [70240.0, 3000.0], [70207.5, 9930.0], [70037.5, 2050.0], [70030.0, 8200.0], [70010.0, 10.0], [69992.5, 40.0], [69975.0, 32830.0], [69972.5, 4950.0], [69967.5, 160.0], [69907.5, 15140.0], [69880.0, 30040.0], [69860.0, 300000.0], [69850.0, 29100.0], [69837.5, 30830.0]], "asks": [[70312.5, 1350.0], [70320.0, 7180.0], [70322.5, 40160.0], [70390.0, 14930.0], [70392.5, 50000.0], [70395.0, 9920.0], [70572.5, 5040.0], [70575.0, 15270.0], [70590.0, 5110.0], [70597.5, 10.0], [70600.0, 30810.0], [70627.5, 30350.0], [70640.0, 40.0], [70700.0, 170.0], [70712.5, 20.0], [70717.5, 10.0], [70727.5, 10.0], [70815.0, 29650.0], [70907.5, 29120.0], [70967.5, 300000.0]]}}}
{"jsonrpc": "2.0", "method": "subscription", "params": {"channel": "book.BTC-13FEB26.none.20.100ms", "data": {"timestamp": 1770411324589, "change_id": 139101230442, "instrument_name": "BTC-13FEB26", "bids": [[70245.0, 11930.0], [70242.5, 71470.0], [70240.0, 23830.0], [70235.0, 4520.0], [70230.0, 2790.0], [70227.5, 10000.0], [70222.5, 40.0], [70157.5, 3070.0], [70155.0, 10270.0], [70150.0, 4510.0], [70097.5, 10250.0], [70095.0, 45520.0], [69985.0, 32830.0], [69975.0, 19470.0], [69972.5, 40.0], [69970.0, 50000.0], [69942.5, 160.0], [69927.5, 10.0], [69915.0, 20420.0], [69897.5, 39620.0]], "asks": [[70257.5, 4520.0], [70260.0, 360.0], [70262.5, 1560.0], [70265.0, 1450.0], [70267.5, 1450.0], [70270.0, 1560.0], [70272.5, 1200.0], [70275.0, 5970.0], [70277.5, 20460.0], [70280.0, 1550.0], [70285.0, 14930.0], [70287.5, 50000.0], [70292.5, 40.0], [70295.0, 11980.0], [70297.5, 40150.0], [70357.5, 10120.0], [70422.5, 45880.0], [70442.5, 10260.0], [70445.0, 4530.0], [70557.5, 10.0]]}}}
{"jsonrpc": "2.0", "method": "subscription", "params": {"channel": "book.BTC-20FEB26.none.20.100ms", "data": {"timestamp": 1770411324526, "change_id": 139101230398, "instrument_name": "BTC-20FEB26", "bids": [[70290.0, 1320.0], [70287.5, 5000.0], [70282.5, 1010.0], [70280.0, 4530.0], [70277.5, 3790.0], [70275.0, 25470.0], [70242.5, 900.0], [70240.0, 3000.0], [70207.5, 9930.0], [70037.5, 2050.0], [70030.0, 8200.0], [70010.0, 10.0], [69992.5, 40.0], [69975.0, 32830.0], [69970.0, 4950.0], [69967.5, 160.0], [69907.5, 15140.0], [69880.0, 30040.0], [69860.0, 300000.0], [69850.0, 29100.0]], "asks": [[70305.0, 1350.0], [70307.5, 4530.0], [70320.0, 7180.0], [70322.5, 40160.0], [70325.0, 2000.0], [70390.0, 14930.0], [70392.5, 50000.0], [70395.0, 9920.0], [70570.0, 5040.0], [70575.0, 15270.0], [70590.0, 5110.0], [70597.5, 10.0], [70600.0, 30810.0], [70627.5, 30350.0], [70640.0, 40.0], [70700.0, 170.0], [70712.5, 20.0], [70717.5, 10.0], [70727.5, 10.0], [70815.0, 29650.0]]}}}
{"jsonrpc": "2.0", "method": "subscription", "params": {"channel": "book.BTC-13FEB26.none.20.100ms", "data": {"timestamp": 1770411324959, "change_id": 139101231864, "instrument_name": "BTC-13FEB26", "bids": [[70245.0, 11930.0], [70242.5, 59350.0], [70240.0, 23830.0], [70230.0, 2790.0], [70227.5, 10000.0], [70222.5, 40.0], [70157.5, 3070.0], [70155.0, 10270.0], [70150.0, 4510.0], [70097.5, 10250.0], [70095.0, 45520.0], [69985.0, 32830.0], [69975.0, 19470.0], [69972.5, 40.0], [69970.0, 50000.0], [69942.5, 160.0], [69927.5, 10.0], [69915.0, 20420.0], [69897.5, 39620.0], [69895.0, 50000.0]], "asks": [[70260.0, 1560.0], [70262.5, 2540.0], [70265.0, 6080.0], [70267.5, 1450.0], [70270.0, 1560.0], [70272.5, 1200.0], [70277.5, 13530.0], [70280.0, 70000.0], [70290.0, 50.0], [70292.5, 40.0], [70295.0, 11980.0], [70297.5, 40150.0], [70357.5, 10120.0], [70422.5, 45880.0], [70442.5, 10260.0], [70445.0, 4530.0], [70557.5, 10.0], [70565.0, 50000.0], [70580.0, 20330.0], [70660.0, 19490.0]]}}}
{"jsonrpc": "2.0", "method": "subscription", "params": {"channel": "book.BTC-20FEB26.none.20.100ms", "data": {"timestamp": 1770411324899, "change_id": 139101231036, "instrument_name": "BTC-20FEB26", "bids": [[70290.0, 2680.0], [70287.5, 9530.0], [70277.5, 3790.0], [70275.0, 25470.0], [70242.5, 900.0], [70240.0, 3000.0], [70207.5, 9930.0], [70037.5, 2050.0], [70030.0, 8200.0], [70010.0, 10.0], [69992.5, 40.0], [69975.0, 32830.0], [69970.0, 4950.0], [69967.5, 160.0], [69907.5, 15140.0], [69880.0, 30040.0], [69860.0, 300000.0], [69850.0, 29100.0], [69837.5, 30830.0], [69787.5, 29860.0]], "asks": [[70312.5, 1350.0], [70315.0, 4530.0], [70320.0, 7130.0], [70322.5, 40160.0], [70330.0, 50.0], [70390.0, 14930.0], [70392.5, 50000.0], [70395.0, 9920.0], [70570.0, 5040.0], [70575.0, 15270.0], [70590.0, 5110.0], [70597.5, 10.0], [70600.0, 30810.0], [70627.5, 30350.0], [70640.0, 40.0], [70700.0, 170.0], [70712.5, 20.0], [70717.5, 10.0], [70727.5, 10.0], [70815.0, 29650.0]]}}}
{"jsonrpc": "2.0", "method": "subscription", "params": {"channel": "book.BTC-13FEB26.none.20.100ms", "data": {"timestamp": 1770411325147, "change_id": 139101232354, "instrument_name": "BTC-13FEB26", "bids": [[70247.5, 450.0], [70245.0, 13430.0], [70242.5, 59350.0], [70240.0, 22330.0], [70237.5, 33710.0], [70230.0, 2790.0], [70227.5, 10000.0], [70222.5, 40.0], [70157.5, 3070.0], [70155.0, 10270.0], [70150.0, 4510.0], [70097.5, 10250.0], [70095.0, 45520.0], [69985.0, 32830.0], [69975.0, 19470.0], [69972.5, 40.0], [69970.0, 50000.0], [69942.5, 160.0], [69927.5, 10.0], [69915.0, 20420.0]], "asks": [[70260.0, 1560.0], [70262.5, 2540.0], [70265.0, 6080.0], [70267.5, 1450.0], [70270.0, 1560.0], [70272.5, 1560.0], [70275.0, 12910.0], [70277.5, 75970.0], [70282.5, 50.0], [70285.0, 1500.0], [70292.5, 40.0], [70295.0, 11980.0], [70297.5, 40150.0], [70357.5, 10120.0], [70422.5, 45880.0], [70442.5, 10260.0], [70445.0, 4530.0], [70557.5, 10.0], [70565.0, 50000.0], [70580.0, 20330.0]]}}}
{"jsonrpc": "2.0", "method": "subscription", "params": {"channel": "book.BTC-20FEB26.none.20.100ms", "data": {"timestamp": 1770411324995, "change_id": 139101231999, "instrument_name": "BTC-20FEB26", "bids": [[70290.0, 2680.0], [70287.5, 9530.0], [70277.5, 3790.0], [70275.0, 25470.0], [70242.5, 900.0], [70240.0, 3000.0], [70207.5, 9930.0], [70037.5, 2050.0], [70030.0, 8200.0], [70010.0, 10.0], [69992.5, 40.0], [69975.0, 32830.0], [69970.0, 4950.0], [69967.5, 160.0], [69907.5, 15140.0], [69880.0, 30040.0], [69860.0, 300000.0], [69850.0, 29100.0], [69837.5, 30830.0], [69787.5, 29860.0]], "asks": [[70312.5, 1350.0], [70315.0, 4530.0], [70320.0, 7130.0], [70322.5, 40210.0], [70390.0, 14930.0], [70392.5, 50000.0], [70395.0, 9920.0], [70570.0, 5040.0], [70575.0, 15270.0], [70590.0, 5110.0], [70597.5, 10.0], [70600.0, 30810.0], [70627.5, 30350.0], [70640.0, 40.0], [70700.0, 170.0], [70712.5, 20.0], [70717.5, 10.0], [70727.5, 10.0], [70815.0, 29650.0], [70907.5, 29120.0]]}}}
{"jsonrpc": "2.0", "method": "subscription", "params": {"channel": "book.BTC-13FEB26.none.20.100ms", "data": {"timestamp": 1770411325617, "change_id": 139101233316, "instrument_name": "BTC-13FEB26", "bids": [[70255.0, 1740.0], [70252.5, 6020.0], [70245.0, 11930.0], [70242.5, 54830.0], [70240.0, 31450.0], [70237.5, 33710.0], [70230.0, 2790.0], [70227.5, 10000.0], [70222.5, 40.0], [70157.5, 3070.0], [70155.0, 10270.0], [70150.0, 4510.0], [70097.5, 10250.0], [70095.0, 45520.0], [69985.0, 32830.0], [69980.0, 19470.0], [69972.5, 40.0], [69970.0, 50000.0], [69942.5, 160.0], [69927.5, 10.0]], "asks": [[70260.0, 1200.0], [70262.5, 1200.0], [70265.0, 1200.0], [70267.5, 1200.0], [70270.0, 1200.0], [70272.5, 1200.0], [70275.0, 5720.0], [70292.5, 40.0], [70297.5, 14980.0], [70300.0, 50000.0], [70307.5, 10910.0], [70310.0, 40160.0], [70335.0, 20000.0], [70357.5, 10120.0], [70422.5, 45880.0], [70442.5, 10260.0], [70445.0, 4530.0], [70557.5, 10.0], [70565.0, 50000.0], [70580.0, 20330.0]]}}}
{"jsonrpc": "2.0", "method": "subscription", "params": {"channel": "book.BTC-20FEB26.none.20.100ms", "data": {"timestamp": 1770411325618, "change_id": 139101233319, "instrument_name": "BTC-20FEB26", "bids": [[70300.0, 1350.0], [70297.5, 4530.0], [70290.0, 1320.0], [70287.5, 5000.0], [70277.5, 5150.0], [70275.0, 25470.0], [70242.5, 900.0], [70240.0, 3000.0], [70207.5, 9930.0], [70037.5, 2050.0], [70030.0, 8200.0], [70010.0, 10.0], [69992.5, 40.0], [69977.5, 4950.0], [69975.0, 32830.0], [69967.5, 160.0], [69907.5, 15140.0], [69880.0, 30040.0], [69860.0, 300000.0], [69850.0, 29100.0]], "asks": [[70325.0, 1350.0], [70327.5, 4530.0], [70335.0, 5150.0], [70337.5, 40220.0], [70390.0, 14930.0], [70392.5, 50000.0], [70395.0, 9920.0], [70565.0, 5040.0], [70590.0, 5110.0], [70597.5, 10.0], [70600.0, 30810.0], [70627.5, 30350.0], [70640.0, 40.0], [70687.5, 15270.0], [70700.0, 170.0], [70712.5, 20.0], [70717.5, 10.0], [70727.5, 10.0], [70815.0, 29650.0], [70907.5, 29120.0]]}}}
