{"jsonrpc": "2.0", "id": 1, "result": ["book.BTC-19DEC25.none.20.100ms", "book.BTC-12DEC25.none.20.100ms"], "usIn": 1765171700447492, "usOut": 1765171700447748, "usDiff": 256, "testnet": false}
{"jsonrpc": "2.0", "method": "subscription", "params": {"channel": "book.BTC-19DEC25.none.20.100ms", "data": {"timestamp": 1765171700267, "change_id": 130894074222, "instrument_name": "BTC-19DEC25", "bids": [[91452.5, 5180.0], [91450.0, 5010.0], [91437.5, 600.0], [91435.0, 2000.0], [91422.5, 1550.0], [91420.0, 5780.0], [91417.5, 2000.0], [91407.5, 600.0], [91405.0, 2000.0], [91387.5, 730.0], [91385.0, 2450.0], [91382.5, 1900.0], [91380.0, 6350.0], [91377.5, 600.0], [91375.0, 2000.0], [91360.0, 10.0], [91332.5, 9820.0], [91330.0, 15660.0], [91295.0, 6290.0], [91230.0, 39280.0]], "asks": [[91457.5, 5180.0], [91462.5, 4670.0], [91465.0, 21950.0], [91482.5, 14930.0], [91485.0, 55000.0], [91487.5, 1550.0], [91490.0, 5180.0], [91497.5, 20.0], [91515.0, 10.0], [91517.5, 6790.0], [91520.0, 16060.0], [91545.0, 600.0], [91547.5, 2000.0], [91555.0, 70.0], [91557.5, 40.0], [91575.0, 600.0], [91577.5, 2000.0], [91580.0, 1920.0], [91582.5, 6430.0], [91625.0, 160.0]]}}}
{"jsonrpc": "2.0", "method": "subscription", "params": {"channel": "book.BTC-12DEC25.none.20.100ms", "data": {"timestamp": 1765171700418, "change_id": 130894074319, "instrument_name": "BTC-12DEC25", "bids": [[91385.0, 2080.0], [91382.5, 7340.0], [91380.0, 7180.0], [91377.5, 10000.0], [91375.0, 2000.0], [91372.5, 4620.0], [91370.0, 2000.0], [91367.5, 3790.0], [91365.0, 6650.0], [91362.5, 2000.0], [91360.0, 1770.0], [91357.5, 5340.0], [91340.0, 180.0], [91337.5, 900.0], [91335.0, 3000.0], [91320.0, 180.0], [91317.5, 330.0], [91315.0, 1100.0], [91307.5, 900.0], [91305.0, 3000.0]], "asks": [[91387.5, 6320.0], [91400.0, 600.0], [91402.5, 2000.0], [91405.0, 600.0], [91407.5, 2000.0], [91410.0, 2010.0], [91412.5, 2000.0], [91415.0, 5680.0], [91417.5, 10.0], [91420.0, 1770.0], [91422.5, 5340.0], [91440.0, 180.0], [91442.5, 7620.0], [91445.0, 25540.0], [91447.5, 4740.0], [91450.0, 15870.0], [91460.0, 180.0], [91462.5, 600.0], [91465.0, 2000.0], [91472.5, 14930.0]]}}}
{"jsonrpc": "2.0", "method": "subscription", "params": {"channel": "book.BTC-12DEC25.none.20.100ms", "data": {"timestamp": 1765171700418, "change_id": 130894074319, "instrument_name": "BTC-12DEC25", "bids": [[91385.0, 2080.0], [91382.5, 7340.0], [91380.0, 7180.0], [91377.5, 10000.0], [91375.0, 2000.0], [91372.5, 4620.0], [91370.0, 2000.0], [91367.5, 3790.0], [91365.0, 6650.0], [91362.5, 2000.0], [91360.0, 1770.0], [91357.5, 5340.0], [91340.0, 180.0], [91337.5, 900.0], [91335.0, 3000.0], [91320.0, 180.0], [91317.5, 330.0], [91315.0, 1100.0], [91307.5, 900.0], [91305.0, 3000.0]], "asks": [[91387.5, 6320.0], [91400.0, 600.0], [91402.5, 2000.0], [91405.0, 600.0], [91407.5, 2000.0], [91410.0, 2010.0], [91412.5, 2000.0], [91415.0, 5680.0], [91417.5, 10.0], [91420.0, 1770.0], [91422.5, 5340.0], [91440.0, 180.0], [91442.5, 7620.0], [91445.0, 25540.0], [91447.5, 4740.0], [91450.0, 15870.0], [91460.0, 180.0], [91462.5, 600.0], [91465.0, 2000.0], [91472.5, 14930.0]]}}}
{"jsonrpc": "2.0", "method": "subscription", "params": {"channel": "book.BTC-19DEC25.none.20.100ms", "data": {"timestamp": 1765171700267, "change_id": 130894074222, "instrument_name": "BTC-19DEC25", "bids": [[91452.5, 5180.0], [91450.0, 5010.0], [91437.5, 600.0], [91435.0, 2000.0], [91422.5, 1550.0], [91420.0, 5780.0], [91417.5, 2000.0], [91407.5, 600.0], [91405.0, 2000.0], [91387.5, 730.0], [91385.0, 2450.0], [91382.5, 1900.0], [91380.0, 6350.0], [91377.5, 600.0], [91375.0, 2000.0], [91360.0, 10.0], [91332.5, 9820.0], [91330.0, 15660.0], [91295.0, 6290.0], [91230.0, 39280.0]], "asks": [[91457.5, 5180.0], [91462.5, 4670.0], [91465.0, 21950.0], [91482.5, 14930.0], [91485.0, 55000.0], [91487.5, 1550.0], [91490.0, 5180.0], [91497.5, 20.0], [91515.0, 10.0], [91517.5, 6790.0], [91520.0, 16060.0], [91545.0, 600.0], [91547.5, 2000.0], [91555.0, 70.0], [91557.5, 40.0], [91575.0, 600.0], [91577.5, 2000.0], [91580.0, 1920.0], [91582.5, 6430.0], [91625.0, 160.0]]}}}
{"jsonrpc": "2.0", "method": "subscription", "params": {"channel": "book.BTC-19DEC25.none.20.100ms", "data": {"timestamp": 1765171700627, "change_id": 130894074520, "instrument_name": "BTC-19DEC25", "bids": [[91452.5, 5180.0], [91450.0, 5010.0], [91437.5, 600.0], [91435.0, 2000.0], [91422.5, 1550.0], [91420.0, 5780.0], [91417.5, 2000.0], [91407.5, 600.0], [91405.0, 2000.0], [91387.5, 730.0], [91385.0, 2450.0], [91382.5, 1900.0], [91380.0, 6350.0], [91377.5, 600.0], [91375.0, 2000.0], [91360.0, 10.0], [91332.5, 9820.0], [91330.0, 15660.0], [91295.0, 6290.0], [91230.0, 39280.0]], "asks": [[91457.5, 5180.0], [91460.0, 21950.0], [91462.5, 4670.0], [91465.0, 21950.0], [91482.5, 14930.0], [91485.0, 55000.0], [91487.5, 1550.0], [91490.0, 5180.0], [91497.5, 20.0], [91515.0, 10.0], [91517.5, 6790.0], [91520.0, 16060.0], [91545.0, 600.0], [91547.5, 2000.0], [91555.0, 70.0], [91557.5, 40.0], [91575.0, 600.0], [91577.5, 2000.0], [91580.0, 1920.0], [91582.5, 6430.0]]}}}
{"jsonrpc": "2.0", "method": "subscription", "params": {"channel": "book.BTC-12DEC25.none.20.100ms", "data": {"timestamp": 1765171701892, "change_id": 130894075851, "instrument_name": "BTC-12DEC25", "bids": [[91385.0, 80.0], [91380.0, 5180.0], [91377.5, 15340.0], [91375.0, 2000.0], [91372.5, 4620.0], [91370.0, 2000.0], [91367.5, 3790.0], [91365.0, 6650.0], [91362.5, 2000.0], [91360.0, 1770.0], [91357.5, 5340.0], [91340.0, 180.0], [91337.5, 910.0], [91335.0, 3000.0], [91320.0, 180.0], [91317.5, 330.0], [91315.0, 1100.0], [91307.5, 900.0], [91305.0, 3000.0], [91300.0, 180.0]], "asks": [[91387.5, 6320.0], [91400.0, 600.0], [91402.5, 2000.0], [91405.0, 600.0], [91407.5, 2000.0], [91410.0, 2010.0], [91412.5, 2000.0], [91415.0, 5680.0], [91417.5, 10.0], [91420.0, 1770.0], [91422.5, 5340.0], [91430.0, 10.0], [91440.0, 180.0], [91442.5, 7620.0], [91445.0, 25540.0], [91447.5, 4740.0], [91450.0, 15870.0], [91460.0, 180.0], [91462.5, 600.0], [91465.0, 2000.0]]}}}
{"jsonrpc": "2.0", "method": "subscription", "params": {"channel": "book.BTC-19DEC25.none.20.100ms", "data": {"timestamp": 1765171701972, "change_id": 130894075984, "instrument_name": "BTC-19DEC25", "bids": [[91450.0, 5000.0], [91447.5, 5190.0], [91437.5, 600.0], [91435.0, 2000.0], [91422.5, 1550.0], [91420.0, 5780.0], [91417.5, 2000.0], [91407.5, 600.0], [91405.0, 2000.0], [91387.5, 730.0], [91385.0, 2450.0], [91382.5, 1900.0], [91380.0, 6350.0], [91377.5, 600.0], [91375.0, 2000.0], [91360.0, 10.0], [91332.5, 9820.0], [91330.0, 15660.0], [91295.0, 6290.0], [91230.0, 39280.0]], "asks": [[91452.5, 5180.0], [91455.0, 5050.0], [91460.0, 21950.0], [91462.5, 4670.0], [91465.0, 21950.0], [91482.5, 14930.0], [91485.0, 55000.0], [91487.5, 1550.0], [91490.0, 5180.0], [91497.5, 20.0], [91515.0, 10.0], [91517.5, 6790.0], [91520.0, 16060.0], [91545.0, 600.0], [91547.5, 2000.0], [91555.0, 70.0], [91557.5, 40.0], [91575.0, 600.0], [91577.5, 2000.0], [91580.0, 1920.0]]}}}
{"jsonrpc": "2.0", "method": "subscription", "params": {"channel": "book.BTC-12DEC25.none.20.100ms", "data": {"timestamp": 1765171702453, "change_id": 130894076710, "instrument_name": "BTC-12DEC25", "bids": [[91385.0, 80.0], [91380.0, 5180.0], [91377.5, 15340.0], [91375.0, 2000.0], [91372.5, 4620.0], [91370.0, 2000.0], [91367.5, 3790.0], [91365.0, 6650.0], [91362.5, 2000.0], [91360.0, 1770.0], [91357.5, 5340.0], [91340.0, 180.0], [91337.5, 900.0], [91335.0, 3000.0], [91320.0, 180.0], [91317.5, 330.0], [91315.0, 1100.0], [91307.5, 900.0], [91305.0, 3000.0], [91300.0, 180.0]], "asks": [[91387.5, 6320.0], [91400.0, 600.0], [91402.5, 2000.0], [91405.0, 600.0], [91407.5, 2000.0], [91410.0, 2010.0], [91412.5, 2000.0], [91415.0, 5680.0], [91417.5, 10.0], [91420.0, 1770.0], [91422.5, 5340.0], [91430.0, 10.0], [91440.0, 180.0], [91442.5, 7620.0], [91445.0, 25540.0], [91447.5, 4740.0], [91450.0, 15870.0], [91460.0, 180.0], [91462.5, 600.0], [91465.0, 2000.0]]}}}
{"jsonrpc": "2.0", "method": "subscription", "params": {"channel": "book.BTC-19DEC25.none.20.100ms", "data": {"timestamp": 1765171702158, "change_id": 130894076369, "instrument_name": "BTC-19DEC25", "bids": [[91450.0, 5000.0], [91447.5, 5190.0], [91437.5, 600.0], [91435.0, 2000.0], [91422.5, 1550.0], [91420.0, 5780.0], [91417.5, 2000.0], [91407.5, 600.0], [91405.0, 2000.0], [91387.5, 730.0], [91385.0, 2450.0], [91382.5, 1900.0], [91380.0, 6350.0], [91377.5, 600.0], [91375.0, 2000.0], [91360.0, 10.0], [91332.5, 9820.0], [91330.0, 15660.0], [91295.0, 6290.0], [91230.0, 39280.0]], "asks": [[91452.5, 5180.0], [91455.0, 5050.0], [91460.0, 21950.0], [91462.5, 4670.0], [91465.0, 21950.0], [91475.0, 1490.0], [91477.5, 5000.0], [91482.5, 14930.0], [91485.0, 50000.0], [91487.5, 1550.0], [91490.0, 5180.0], [91497.5, 20.0], [91515.0, 10.0], [91517.5, 6790.0], [91520.0, 16060.0], [91545.0, 600.0], [91547.5, 2000.0], [91555.0, 70.0], [91557.5, 40.0], [91575.0, 600.0]]}}}
{"jsonrpc": "2.0", "method": "subscription", "params": {"channel": "book.BTC-12DEC25.none.20.100ms", "data": {"timestamp": 1765171702654, "change_id": 130894076927, "instrument_name": "BTC-12DEC25", "bids": [[91385.0, 80.0], [91380.0, 7180.0], [91377.5, 15340.0], [91375.0, 2000.0], [91372.5, 4620.0], [91370.0, 2000.0], [91367.5, 3790.0], [91365.0, 6650.0], [91362.5, 2000.0], [91360.0, 1770.0], [91357.5, 5340.0], [91340.0, 180.0], [91337.5, 900.0], [91335.0, 3000.0], [91320.0, 180.0], [91317.5, 330.0], [91315.0, 1100.0], [91307.5, 900.0], [91305.0, 3000.0], [91300.0, 180.0]], "asks": [[91387.5, 8320.0], [91395.0, 600.0], [91397.5, 2000.0], [91400.0, 600.0], [91402.5, 2000.0], [91405.0, 600.0], [91407.5, 2000.0], [91410.0, 2010.0], [91412.5, 2000.0], [91415.0, 5680.0], [91417.5, 10.0], [91420.0, 1770.0], [91422.5, 5340.0], [91440.0, 180.0], [91442.5, 7620.0], [91445.0, 25540.0], [91447.5, 4740.0], [91450.0, 15870.0], [91460.0, 180.0], [91462.5, 600.0]]}}}
{"jsonrpc": "2.0", "method": "subscription", "params": {"channel": "book.BTC-19DEC25.none.20.100ms", "data": {"timestamp": 1765171702703, "change_id": 130894076961, "instrument_name": "BTC-19DEC25", "bids": [[91450.0, 5000.0], [91447.5, 5190.0], [91437.5, 600.0], [91435.0, 2000.0], [91422.5, 1550.0], [91420.0, 5780.0], [91417.5, 2000.0], [91407.5, 600.0], [91405.0, 2000.0], [91387.5, 730.0], [91385.0, 2450.0], [91382.5, 1900.0], [91380.0, 6350.0], [91377.5, 600.0], [91375.0, 2000.0], [91360.0, 10.0], [91332.5, 9820.0], [91330.0, 15660.0], [91295.0, 6290.0], [91230.0, 39280.0]], "asks": [[91452.5, 5180.0], [91455.0, 5050.0], [91460.0, 21950.0], [91475.0, 1490.0], [91477.5, 5000.0], [91482.5, 14930.0], [91485.0, 50000.0], [91487.5, 1550.0], [91490.0, 5180.0], [91497.5, 20.0], [91515.0, 10.0], [91517.5, 6790.0], [91520.0, 16060.0], [91545.0, 600.0], [91547.5, 2000.0], [91555.0, 70.0], [91557.5, 40.0], [91575.0, 600.0], [91577.5, 2000.0], [91580.0, 1920.0]]}}}
{"jsonrpc": "2.0", "method": "subscription", "params": {"channel": "book.BTC-12DEC25.none.20.100ms", "data": {"timestamp": 1765171703038, "change_id": 130894077515, "instrument_name": "BTC-12DEC25", "bids": [[91385.0, 80.0], [91380.0, 7180.0], [91377.5, 15340.0], [91375.0, 2000.0], [91372.5, 4620.0], [91370.0, 2000.0], [91367.5, 3790.0], [91365.0, 6650.0], [91362.5, 2000.0], [91360.0, 1770.0], [91357.5, 5340.0], [91340.0, 180.0], [91337.5, 910.0], [91335.0, 3000.0], [91320.0, 180.0], [91317.5, 330.0], [91315.0, 1100.0], [91307.5, 900.0], [91305.0, 3000.0], [91300.0, 180.0]], "asks": [[91387.5, 8320.0], [91395.0, 600.0], [91397.5, 2000.0], [91400.0, 600.0], [91402.5, 2000.0], [91405.0, 600.0], [91407.5, 2000.0], [91410.0, 2010.0], [91412.5, 2000.0], [91415.0, 5680.0], [91417.5, 10.0], [91420.0, 1770.0], [91422.5, 5340.0], [91430.0, 10.0], [91440.0, 180.0], [91442.5, 7620.0], [91445.0, 25540.0], [91447.5, 4740.0], [91450.0, 15870.0], [91460.0, 180.0]]}}}
{"jsonrpc": "2.0", "method": "subscription", "params": {"channel": "book.BTC-19DEC25.none.20.100ms", "data": {"timestamp": 1765171703068, "change_id": 130894077536, "instrument_name": "BTC-19DEC25", "bids": [[91450.0, 5000.0], [91447.5, 5190.0], [91437.5, 600.0], [91435.0, 2000.0], [91422.5, 1550.0], [91420.0, 5780.0], [91417.5, 2000.0], [91407.5, 600.0], [91405.0, 2000.0], [91387.5, 730.0], [91385.0, 2450.0], [91382.5, 1900.0], [91380.0, 6350.0], [91377.5, 600.0], [91375.0, 2000.0], [91360.0, 10.0], [91332.5, 9820.0], [91330.0, 15660.0], [91295.0, 6290.0], [91230.0, 39280.0]], "asks": [[91452.5, 5180.0], [91455.0, 26990.0], [91460.0, 21950.0], [91475.0, 1490.0], [91477.5, 5000.0], [91482.5, 14930.0], [91485.0, 50000.0], [91487.5, 1550.0], [91490.0, 5180.0], [91497.5, 20.0], [91515.0, 10.0], [91517.5, 6790.0], [91520.0, 16060.0], [91545.0, 600.0], [91547.5, 2000.0], [91555.0, 70.0], [91557.5, 40.0], [91575.0, 600.0], [91577.5, 2000.0], [91580.0, 1920.0]]}}}
{"jsonrpc": "2.0", "method": "subscription", "params": {"channel": "book.BTC-12DEC25.none.20.100ms", "data": {"timestamp": 1765171703516, "change_id": 130894078061, "instrument_name": "BTC-12DEC25", "bids": [[91385.0, 80.0], [91382.5, 2000.0], [91380.0, 7180.0], [91377.5, 15340.0], [91375.0, 2000.0], [91372.5, 4620.0], [91370.0, 2000.0], [91367.5, 3790.0], [91365.0, 6650.0], [91362.5, 2000.0], [91360.0, 1770.0], [91357.5, 5340.0], [91340.0, 180.0], [91337.5, 910.0], [91335.0, 3000.0], [91320.0, 180.0], [91317.5, 330.0], [91315.0, 1100.0], [91307.5, 900.0], [91305.0, 3000.0]], "asks": [[91387.5, 8320.0], [91395.0, 600.0], [91397.5, 2000.0], [91400.0, 600.0], [91402.5, 2000.0], [91405.0, 600.0], [91407.5, 2000.0], [91410.0, 2010.0], [91412.5, 2000.0], [91415.0, 5680.0], [91417.5, 10.0], [91420.0, 1770.0], [91422.5, 5340.0], [91430.0, 10.0], [91440.0, 180.0], [91442.5, 7620.0], [91445.0, 25540.0], [91447.5, 4740.0], [91450.0, 15870.0], [91460.0, 180.0]]}}}
{"jsonrpc": "2.0", "method": "subscription", "params": {"channel": "book.BTC-12DEC25.none.20.100ms", "data": {"timestamp": 1765171704396, "change_id": 130894078941, "instrument_name": "BTC-12DEC25", "bids": [[91385.0, 80.0], [91380.0, 7180.0], [91377.5, 15340.0], [91375.0, 2000.0], [91372.5, 4620.0], [91370.0, 2000.0], [91367.5, 3790.0], [91365.0, 6650.0], [91362.5, 2000.0], [91360.0, 1770.0], [91357.5, 5340.0], [91340.0, 180.0], [91337.5, 900.0], [91335.0, 3000.0], [91320.0, 180.0], [91317.5, 330.0], [91315.0, 1100.0], [91307.5, 900.0], [91305.0, 3000.0], [91300.0, 180.0]], "asks": [[91387.5, 6320.0], [91395.0, 600.0], [91397.5, 2000.0], [91400.0, 600.0], [91402.5, 2000.0], [91405.0, 600.0], [91407.5, 2000.0], [91410.0, 2010.0], [91412.5, 2000.0], [91415.0, 5680.0], [91417.5, 10.0], [91420.0, 1770.0], [91422.5, 5340.0], [91440.0, 180.0], [91442.5, 7620.0], [91445.0, 25540.0], [91447.5, 4740.0], [91450.0, 15870.0], [91460.0, 180.0], [91462.5, 600.0]]}}}
{"jsonrpc": "2.0", "method": "subscription", "params": {"channel": "book.BTC-12DEC25.none.20.100ms", "data": {"timestamp": 1765171704610, "change_id": 130894079157, "instrument_name": "BTC-12DEC25", "bids": [[91385.0, 80.0], [91382.5, 2000.0], [91380.0, 7180.0], [91377.5, 15340.0], [91375.0, 2000.0], [91372.5, 4620.0], [91370.0, 2000.0], [91367.5, 3790.0], [91365.0, 6650.0], [91362.5, 2000.0], [91360.0, 1770.0], [91357.5, 5340.0], [91340.0, 180.0], [91337.5, 900.0], [91335.0, 3000.0], [91320.0, 180.0], [91317.5, 330.0], [91315.0, 1100.0], [91307.5, 900.0], [91305.0, 3000.0]], "asks": [[91387.5, 8320.0], [91395.0, 600.0], [91397.5, 2000.0], [91400.0, 600.0], [91402.5, 2000.0], [91405.0, 600.0], [91407.5, 2000.0], [91410.0, 2010.0], [91412.5, 2000.0], [91415.0, 5680.0], [91417.5, 10.0], [91420.0, 1770.0], [91422.5, 5340.0], [91440.0, 180.0], [91442.5, 7620.0], [91445.0, 25540.0], [91447.5, 4740.0], [91450.0, 15870.0], [91460.0, 180.0], [91462.5, 600.0]]}}}
{"jsonrpc": "2.0", "method": "subscription", "params": {"channel": "book.BTC-12DEC25.none.20.100ms", "data": {"timestamp": 1765171705042, "change_id": 130894079644, "instrument_name": "BTC-12DEC25", "bids": [[91385.0, 80.0], [91382.5, 2000.0], [91380.0, 7180.0], [91377.5, 15340.0], [91375.0, 2000.0], [91372.5, 4620.0], [91370.0, 2000.0], [91367.5, 3790.0], [91365.0, 6650.0], [91362.5, 2000.0], [91360.0, 1770.0], [91357.5, 5340.0], [91340.0, 180.0], [91337.5, 910.0], [91335.0, 3000.0], [91320.0, 180.0], [91317.5, 330.0], [91315.0, 1100.0], [91307.5, 900.0], [91305.0, 3000.0]], "asks": [[91387.5, 6320.0], [91395.0, 600.0], [91397.5, 2000.0], [91400.0, 600.0], [91402.5, 2000.0], [91405.0, 600.0], [91407.5, 2000.0], [91410.0, 2010.0], [91412.5, 2000.0], [91415.0, 5680.0], [91417.5, 10.0], [91420.0, 1770.0], [91422.5, 5340.0], [91430.0, 10.0], [91440.0, 180.0], [91442.5, 7620.0], [91445.0, 25540.0], [91447.5, 4740.0], [91450.0, 15870.0], [91460.0, 180.0]]}}}
{"jsonrpc": "2.0", "method": "subscription", "params": {"channel": "book.BTC-12DEC25.none.20.100ms", "data": {"timestamp": 1765171705600, "change_id": 130894080156, "instrument_name": "BTC-12DEC25", "bids": [[91385.0, 2080.0], [91382.5, 2000.0], [91380.0, 7180.0], [91377.5, 15340.0], [91375.0, 2000.0], [91372.5, 4620.0], [91370.0, 2000.0], [91367.5, 3790.0], [91365.0, 6650.0], [91362.5, 2000.0], [91360.0, 1770.0], [91357.5, 5340.0], [91340.0, 180.0], [91337.5, 910.0], [91335.0, 3000.0], [91320.0, 180.0], [91317.5, 330.0], [91315.0, 1100.0], [91307.5, 900.0], [91305.0, 3000.0]], "asks": [[91387.5, 6320.0], [91395.0, 600.0], [91397.5, 2000.0], [91400.0, 600.0], [91402.5, 2000.0], [91405.0, 600.0], [91407.5, 2000.0], [91410.0, 2010.0], [91412.5, 2000.0], [91415.0, 5680.0], [91417.5, 10.0], [91420.0, 1770.0], [91422.5, 5340.0], [91430.0, 10.0], [91440.0, 180.0], [91442.5, 7620.0], [91445.0, 25540.0], [91447.5, 4740.0], [91450.0, 15870.0], [91460.0, 180.0]]}}}
{"jsonrpc": "2.0", "method": "subscription", "params": {"channel": "book.BTC-12DEC25.none.20.100ms", "data": {"timestamp": 1765171706341, "change_id": 130894080889, "instrument_name": "BTC-12DEC25", "bids": [[91385.0, 2080.0], [91382.5, 2000.0], [91380.0, 7180.0], [91377.5, 15340.0], [91375.0, 2000.0], [91372.5, 4620.0], [91370.0, 2000.0], [91367.5, 3790.0], [91365.0, 6650.0], [91362.5, 2000.0], [91360.0, 1770.0], [91357.5, 5340.0], [91340.0, 180.0], [91337.5, 900.0], [91335.0, 3000.0], [91320.0, 180.0], [91317.5, 330.0], [91315.0, 1100.0], [91307.5, 900.0], [91305.0, 3000.0]], "asks": [[91387.5, 6320.0], [91395.0, 600.0], [91397.5, 2000.0], [91400.0, 600.0], [91402.5, 2000.0], [91405.0, 600.0], [91407.5, 2000.0], [91410.0, 2010.0], [91412.5, 2000.0], [91415.0, 5680.0], [91417.5, 10.0], [91420.0, 1770.0], [91422.5, 5340.0], [91440.0, 180.0], [91442.5, 7620.0], [91445.0, 25540.0], [91447.5, 4740.0], [91450.0, 15870.0], [91460.0, 180.0], [91462.5, 600.0]]}}}
{"jsonrpc": "2.0", "method": "subscription", "params": {"channel": "book.BTC-12DEC25.none.20.100ms", "data": {"timestamp": 1765171706619, "change_id": 130894081118, "instrument_name": "BTC-12DEC25", "bids": [[91385.0, 80.0], [91382.5, 2000.0], [91380.0, 7180.0], [91377.5, 15340.0], [91375.0, 2000.0], [91372.5, 4620.0], [91370.0, 2000.0], [91367.5, 3790.0], [91365.0, 6650.0], [91362.5, 2000.0], [91360.0, 1770.0], [91357.5, 5340.0], [91340.0, 180.0], [91337.5, 900.0], [91335.0, 3000.0], [91320.0, 180.0], [91317.5, 330.0], [91315.0, 1100.0], [91307.5, 900.0], [91305.0, 3000.0]], "asks": [[91387.5, 6320.0], [91395.0, 600.0], [91397.5, 2000.0], [91400.0, 600.0], [91402.5, 2000.0], [91405.0, 600.0], [91407.5, 2000.0], [91410.0, 2010.0], [91412.5, 2000.0], [91415.0, 5680.0], [91417.5, 10.0], [91420.0, 1770.0], [91422.5, 5340.0], [91440.0, 180.0], [91442.5, 7620.0], [91445.0, 25540.0], [91447.5, 4740.0], [91450.0, 15870.0], [91460.0, 180.0], [91462.5, 600.0]]}}}
{"jsonrpc": "2.0", "method": "subscription", "params": {"channel": "book.BTC-12DEC25.none.20.100ms", "data": {"timestamp": 1765171707054, "change_id": 130894081621, "instrument_name": "BTC-12DEC25", "bids": [[91385.0, 80.0], [91382.5, 2000.0], [91380.0, 7180.0], [91377.5, 15340.0], [91375.0, 2000.0], [91372.5, 4620.0], [91370.0, 2000.0], [91367.5, 3790.0], [91365.0, 6650.0], [91362.5, 2000.0], [91360.0, 1770.0], [91357.5, 5340.0], [91340.0, 180.0], [91337.5, 910.0], [91335.0, 3000.0], [91320.0, 180.0], [91317.5, 330.0], [91315.0, 1100.0], [91307.5, 900.0], [91305.0, 3000.0]], "asks": [[91387.5, 6320.0], [91395.0, 600.0], [91397.5, 2000.0], [91400.0, 600.0], [91402.5, 2000.0], [91405.0, 600.0], [91407.5, 2000.0], [91410.0, 2010.0], [91412.5, 2000.0], [91415.0, 5680.0], [91417.5, 10.0], [91420.0, 1770.0], [91422.5, 5340.0], [91430.0, 10.0], [91440.0, 180.0], [91442.5, 7620.0], [91445.0, 25540.0], [91447.5, 4740.0], [91450.0, 15870.0], [91460.0, 180.0]]}}}
{"jsonrpc": "2.0", "method": "subscription", "params": {"channel": "book.BTC-19DEC25.none.20.100ms", "data": {"timestamp": 1765171706983, "change_id": 130894081472, "instrument_name": "BTC-19DEC25", "bids": [[91450.0, 5000.0], [91447.5, 5190.0], [91437.5, 600.0], [91435.0, 2000.0], [91422.5, 1550.0], [91420.0, 5780.0], [91417.5, 2000.0], [91407.5, 600.0], [91405.0, 2000.0], [91387.5, 730.0], [91385.0, 2450.0], [91382.5, 1900.0], [91380.0, 6350.0], [91377.5, 600.0], [91375.0, 2000.0], [91360.0, 10.0], [91332.5, 9820.0], [91330.0, 15660.0], [91295.0, 6290.0], [91230.0, 39280.0]], "asks": [[91452.5, 5180.0], [91455.0, 26990.0], [91460.0, 21950.0], [91475.0, 1490.0], [91477.5, 5000.0], [91482.5, 14930.0], [91485.0, 50000.0], [91487.5, 1550.0], [91490.0, 5180.0], [91497.5, 20.0], [91515.0, 10.0], [91517.5, 6790.0], [91520.0, 16060.0], [91545.0, 600.0], [91547.5, 2000.0], [91555.0, 70.0], [91557.5, 40.0], [91575.0, 600.0], [91577.5, 2000.0], [91582.5, 6430.0]]}}}
{"jsonrpc": "2.0", "method": "subscription", "params": {"channel": "book.BTC-12DEC25.none.20.100ms", "data": {"timestamp": 1765171707577, "change_id": 130894082104, "instrument_name": "BTC-12DEC25", "bids": [[91385.0, 2080.0], [91382.5, 2000.0], [91380.0, 7180.0], [91377.5, 15340.0], [91375.0, 2000.0], [91372.5, 4620.0], [91370.0, 2000.0], [91367.5, 3790.0], [91365.0, 6650.0], [91362.5, 2000.0], [91360.0, 1770.0], [91357.5, 5340.0], [91340.0, 180.0], [91337.5, 910.0], [91335.0, 3000.0], [91320.0, 180.0], [91317.5, 330.0], [91315.0, 1100.0], [91307.5, 900.0], [91305.0, 3000.0]], "asks": [[91387.5, 6320.0], [91395.0, 600.0], [91397.5, 2000.0], [91400.0, 600.0], [91402.5, 2000.0], [91405.0, 600.0], [91407.5, 2000.0], [91410.0, 2010.0], [91412.5, 2000.0], [91415.0, 5680.0], [91417.5, 10.0], [91420.0, 1770.0], [91422.5, 5340.0], [91430.0, 10.0], [91440.0, 180.0], [91442.5, 7620.0], [91445.0, 25540.0], [91447.5, 4740.0], [91450.0, 15870.0], [91460.0, 180.0]]}}}
{"jsonrpc": "2.0", "method": "subscription", "params": {"channel": "book.BTC-12DEC25.none.20.100ms", "data": {"timestamp": 1765171708097, "change_id": 130894082638, "instrument_name": "BTC-12DEC25", "bids": [[91385.0, 2080.0], [91382.5, 2000.0], [91380.0, 7180.0], [91377.5, 15340.0], [91375.0, 2000.0], [91372.5, 4620.0], [91370.0, 2000.0], [91367.5, 3790.0], [91365.0, 6650.0], [91362.5, 2000.0], [91360.0, 1770.0], [91357.5, 5340.0], [91340.0, 180.0], [91337.5, 900.0], [91335.0, 3000.0], [91320.0, 180.0], [91317.5, 330.0], [91315.0, 1100.0], [91307.5, 900.0], [91305.0, 3000.0]], "asks": [[91387.5, 6320.0], [91395.0, 600.0], [91397.5, 2000.0], [91400.0, 600.0], [91402.5, 2000.0], [91405.0, 600.0], [91407.5, 2000.0], [91410.0, 2010.0], [91412.5, 2000.0], [91415.0, 5680.0], [91417.5, 10.0], [91420.0, 1770.0], [91422.5, 5340.0], [91430.0, 10.0], [91440.0, 180.0], [91442.5, 7620.0], [91445.0, 25540.0], [91447.5, 4740.0], [91450.0, 15870.0], [91460.0, 180.0]]}}}
{"jsonrpc": "2.0", "method": "subscription", "params": {"channel": "book.BTC-12DEC25.none.20.100ms", "data": {"timestamp": 1765171708316, "change_id": 130894082918, "instrument_name": "BTC-12DEC25", "bids": [[91385.0, 2080.0], [91382.5, 7340.0], [91380.0, 7180.0], [91377.5, 10000.0], [91375.0, 2000.0], [91372.5, 4620.0], [91370.0, 2000.0], [91367.5, 3790.0], [91365.0, 6650.0], [91362.5, 2000.0], [91360.0, 1770.0], [91357.5, 5340.0], [91340.0, 180.0], [91337.5, 900.0], [91335.0, 3000.0], [91320.0, 180.0], [91317.5, 330.0], [91315.0, 1100.0], [91307.5, 900.0], [91305.0, 3000.0]], "asks": [[91387.5, 6320.0], [91395.0, 600.0], [91397.5, 2000.0], [91400.0, 600.0], [91402.5, 2000.0], [91405.0, 600.0], [91407.5, 2000.0], [91410.0, 2010.0], [91412.5, 2000.0], [91415.0, 5680.0], [91417.5, 10.0], [91420.0, 1770.0], [91422.5, 5340.0], [91440.0, 180.0], [91442.5, 7620.0], [91445.0, 25540.0], [91447.5, 4740.0], [91450.0, 15870.0], [91460.0, 180.0], [91462.5, 600.0]]}}}
{"jsonrpc": "2.0", "method": "subscription", "params": {"channel": "book.BTC-19DEC25.none.20.100ms", "data": {"timestamp": 1765171708426, "change_id": 130894082968, "instrument_name": "BTC-19DEC25", "bids": [[91450.0, 5000.0], [91447.5, 5190.0], [91437.5, 600.0], [91435.0, 2000.0], [91422.5, 1550.0], [91420.0, 5780.0], [91417.5, 2000.0], [91407.5, 600.0], [91405.0, 2000.0], [91387.5, 730.0], [91385.0, 2450.0], [91382.5, 1900.0], [91380.0, 6350.0], [91377.5, 600.0], [91375.0, 2000.0], [91360.0, 10.0], [91332.5, 9820.0], [91330.0, 15660.0], [91295.0, 6290.0], [91230.0, 39280.0]], "asks": [[91452.5, 5180.0], [91455.0, 21940.0], [91460.0, 21950.0], [91475.0, 1490.0], [91477.5, 5000.0], [91482.5, 14930.0], [91485.0, 50000.0], [91487.5, 1550.0], [91490.0, 5180.0], [91497.5, 20.0], [91515.0, 10.0], [91517.5, 6790.0], [91520.0, 16060.0], [91545.0, 600.0], [91547.5, 2000.0], [91555.0, 70.0], [91557.5, 40.0], [91575.0, 600.0], [91577.5, 2000.0], [91580.0, 1920.0]]}}}
{"jsonrpc": "2.0", "method": "subscription", "params": {"channel": "book.BTC-12DEC25.none.20.100ms", "data": {"timestamp": 1765171708581, "change_id": 130894083387, "instrument_name": "BTC-12DEC25", "bids": [[91385.0, 80.0], [91382.5, 7340.0], [91380.0, 7180.0], [91377.5, 10000.0], [91375.0, 2000.0], [91372.5, 4620.0], [91370.0, 2000.0], [91367.5, 3790.0], [91365.0, 6650.0], [91362.5, 2000.0], [91360.0, 1770.0], [91357.5, 5340.0], [91340.0, 180.0], [91337.5, 900.0], [91335.0, 3000.0], [91320.0, 180.0], [91317.5, 330.0], [91315.0, 1100.0], [91307.5, 900.0], [91305.0, 3000.0]], "asks": [[91387.5, 6320.0], [91395.0, 600.0], [91397.5, 2000.0], [91400.0, 600.0], [91402.5, 2000.0], [91405.0, 600.0], [91407.5, 2000.0], [91410.0, 2010.0], [91412.5, 2000.0], [91415.0, 5680.0], [91417.5, 10.0], [91420.0, 1770.0], [91422.5, 5340.0], [91440.0, 180.0], [91442.5, 7620.0], [91445.0, 25540.0], [91447.5, 4740.0], [91450.0, 15870.0], [91460.0, 180.0], [91462.5, 600.0]]}}}
{"jsonrpc": "2.0", "method": "subscription", "params": {"channel": "book.BTC-19DEC25.none.20.100ms", "data": {"timestamp": 1765171708615, "change_id": 130894083269, "instrument_name": "BTC-19DEC25", "bids": [[91452.5, 5180.0], [91450.0, 5000.0], [91447.5, 10.0], [91437.5, 600.0], [91435.0, 2000.0], [91422.5, 1550.0], [91420.0, 5780.0], [91417.5, 2000.0], [91407.5, 600.0], [91405.0, 2000.0], [91387.5, 730.0], [91385.0, 2450.0], [91382.5, 1900.0], [91380.0, 6350.0], [91377.5, 600.0], [91375.0, 2000.0], [91360.0, 10.0], [91332.5, 9820.0], [91330.0, 15660.0], [91295.0, 6290.0]], "asks": [[91455.0, 21940.0], [91457.5, 10700.0], [91460.0, 21950.0], [91475.0, 1490.0], [91477.5, 5000.0], [91482.5, 14930.0], [91485.0, 50000.0], [91487.5, 1550.0], [91490.0, 5180.0], [91497.5, 20.0], [91515.0, 10.0], [91517.5, 6790.0], [91520.0, 16060.0], [91545.0, 600.0], [91547.5, 2000.0], [91555.0, 70.0], [91557.5, 40.0], [91575.0, 600.0], [91577.5, 2000.0], [91580.0, 1920.0]]}}}
{"jsonrpc": "2.0", "method": "subscription", "params": {"channel": "book.BTC-12DEC25.none.20.100ms", "data": {"timestamp": 1765171709039, "change_id": 130894083815, "instrument_name": "BTC-12DEC25", "bids": [[91385.0, 80.0], [91382.5, 7340.0], [91380.0, 7180.0], [91377.5, 10000.0], [91375.0, 2000.0], [91372.5, 4620.0], [91370.0, 2000.0], [91367.5, 3790.0], [91365.0, 6650.0], [91362.5, 2000.0], [91360.0, 1770.0], [91357.5, 5340.0], [91340.0, 180.0], [91337.5, 910.0], [91335.0, 3000.0], [91320.0, 180.0], [91317.5, 330.0], [91315.0, 1100.0], [91307.5, 900.0], [91305.0, 3000.0]], "asks": [[91387.5, 6320.0], [91395.0, 600.0], [91397.5, 2000.0], [91400.0, 600.0], [91402.5, 2000.0], [91405.0, 600.0], [91407.5, 2000.0], [91410.0, 2010.0], [91412.5, 2000.0], [91415.0, 5680.0], [91417.5, 10.0], [91420.0, 1770.0], [91422.5, 5340.0], [91430.0, 10.0], [91440.0, 180.0], [91442.5, 7620.0], [91445.0, 25540.0], [91447.5, 4740.0], [91450.0, 15870.0], [91460.0, 180.0]]}}}
{"jsonrpc": "2.0", "method": "subscription", "params": {"channel": "book.BTC-19DEC25.none.20.100ms", "data": {"timestamp": 1765171708903, "change_id": 130894083504, "instrument_name": "BTC-19DEC25", "bids": [[91450.0, 10180.0], [91447.5, 10.0], [91437.5, 600.0], [91435.0, 2000.0], [91422.5, 1550.0], [91420.0, 5780.0], [91417.5, 2000.0], [91407.5, 600.0], [91405.0, 2000.0], [91387.5, 730.0], [91385.0, 2450.0], [91382.5, 1900.0], [91380.0, 6350.0], [91377.5, 600.0], [91375.0, 2000.0], [91360.0, 10.0], [91332.5, 9820.0], [91330.0, 15660.0], [91295.0, 6290.0], [91230.0, 39280.0]], "asks": [[91455.0, 21940.0], [91457.5, 10700.0], [91460.0, 21950.0], [91475.0, 1490.0], [91477.5, 5000.0], [91482.5, 14930.0], [91485.0, 50000.0], [91487.5, 1550.0], [91490.0, 5180.0], [91497.5, 20.0], [91515.0, 10.0], [91517.5, 6790.0], [91520.0, 16060.0], [91545.0, 600.0], [91547.5, 2000.0], [91555.0, 70.0], [91557.5, 40.0], [91575.0, 600.0], [91577.5, 2000.0], [91580.0, 1920.0]]}}}
{"jsonrpc": "2.0", "method": "subscription", "params": {"channel": "book.BTC-12DEC25.none.20.100ms", "data": {"timestamp": 1765171709648, "change_id": 130894084367, "instrument_name": "BTC-12DEC25", "bids": [[91385.0, 80.0], [91382.5, 7340.0], [91380.0, 7180.0], [91377.5, 10000.0], [91375.0, 2000.0], [91372.5, 4620.0], [91370.0, 2000.0], [91367.5, 3790.0], [91365.0, 6650.0], [91362.5, 2000.0], [91360.0, 1770.0], [91357.5, 5340.0], [91340.0, 180.0], [91337.5, 910.0], [91335.0, 3000.0], [91320.0, 180.0], [91317.5, 330.0], [91315.0, 1100.0], [91307.5, 900.0], [91305.0, 3000.0]], "asks": [[91387.5, 6320.0], [91395.0, 600.0], [91397.5, 2000.0], [91400.0, 600.0], [91402.5, 2000.0], [91405.0, 600.0], [91407.5, 2000.0], [91410.0, 2010.0], [91412.5, 2000.0], [91415.0, 5000.0], [91417.5, 10.0], [91420.0, 1770.0], [91422.5, 5340.0], [91430.0, 10.0], [91440.0, 180.0], [91442.5, 7620.0], [91445.0, 25540.0], [91447.5, 4740.0], [91450.0, 15870.0], [91460.0, 180.0]]}}}
{"jsonrpc": "2.0", "method": "subscription", "params": {"channel": "book.BTC-12DEC25.none.20.100ms", "data": {"timestamp": 1765171710318, "change_id": 130894085160, "instrument_name": "BTC-12DEC25", "bids": [[91385.0, 80.0], [91382.5, 7340.0], [91380.0, 7180.0], [91377.5, 10000.0], [91375.0, 2000.0], [91372.5, 4620.0], [91370.0, 2000.0], [91367.5, 3790.0], [91365.0, 6650.0], [91362.5, 2000.0], [91360.0, 1770.0], [91357.5, 5340.0], [91340.0, 180.0], [91337.5, 900.0], [91335.0, 3000.0], [91320.0, 180.0], [91317.5, 330.0], [91315.0, 1100.0], [91307.5, 900.0], [91305.0, 3000.0]], "asks": [[91387.5, 6320.0], [91395.0, 600.0], [91397.5, 2000.0], [91400.0, 600.0], [91402.5, 2000.0], [91405.0, 600.0], [91407.5, 2000.0], [91410.0, 2010.0], [91412.5, 2000.0], [91415.0, 5000.0], [91417.5, 10.0], [91420.0, 1770.0], [91422.5, 5340.0], [91440.0, 180.0], [91442.5, 7620.0], [91445.0, 25540.0], [91447.5, 4740.0], [91450.0, 15870.0], [91460.0, 180.0], [91462.5, 600.0]]}}}
{"jsonrpc": "2.0", "method": "subscription", "params": {"channel": "book.BTC-12DEC25.none.20.100ms", "data": {"timestamp": 1765171710543, "change_id": 130894085372, "instrument_name": "BTC-12DEC25", "bids": [[91385.0, 2080.0], [91382.5, 7340.0], [91380.0, 7180.0], [91377.5, 10000.0], [91375.0, 2000.0], [91372.5, 4620.0], [91370.0, 2000.0], [91367.5, 3790.0], [91365.0, 6650.0], [91362.5, 2000.0], [91360.0, 1770.0], [91357.5, 5340.0], [91340.0, 180.0], [91337.5, 900.0], [91335.0, 3000.0], [91320.0, 180.0], [91317.5, 330.0], [91315.0, 1100.0], [91307.5, 900.0], [91305.0, 3000.0]], "asks": [[91387.5, 6320.0], [91395.0, 600.0], [91397.5, 2000.0], [91400.0, 600.0], [91402.5, 2000.0], [91405.0, 600.0], [91407.5, 2000.0], [91410.0, 2010.0], [91412.5, 2000.0], [91415.0, 5000.0], [91417.5, 10.0], [91420.0, 1770.0], [91422.5, 5340.0], [91440.0, 180.0], [91442.5, 7620.0], [91445.0, 25540.0], [91447.5, 4740.0], [91450.0, 15870.0], [91460.0, 180.0], [91462.5, 600.0]]}}}
{"jsonrpc": "2.0", "method": "subscription", "params": {"channel": "book.BTC-12DEC25.none.20.100ms", "data": {"timestamp": 1765171711045, "change_id": 130894085859, "instrument_name": "BTC-12DEC25", "bids": [[91385.0, 2080.0], [91382.5, 7340.0], [91380.0, 7180.0], [91377.5, 10000.0], [91375.0, 2000.0], [91372.5, 4620.0], [91370.0, 2000.0], [91367.5, 3790.0], [91365.0, 6650.0], [91362.5, 2000.0], [91360.0, 1770.0], [91357.5, 5340.0], [91340.0, 180.0], [91337.5, 910.0], [91335.0, 3000.0], [91320.0, 180.0], [91317.5, 330.0], [91315.0, 1100.0], [91307.5, 900.0], [91305.0, 3000.0]], "asks": [[91387.5, 6320.0], [91395.0, 600.0], [91397.5, 2000.0], [91400.0, 600.0], [91402.5, 2000.0], [91405.0, 600.0], [91407.5, 2000.0], [91410.0, 2010.0], [91412.5, 2000.0], [91415.0, 5000.0], [91417.5, 10.0], [91420.0, 1770.0], [91422.5, 5340.0], [91430.0, 10.0], [91440.0, 180.0], [91442.5, 7620.0], [91445.0, 25540.0], [91447.5, 4740.0], [91450.0, 15870.0], [91460.0, 180.0]]}}}
{"jsonrpc": "2.0", "method": "subscription", "params": {"channel": "book.BTC-12DEC25.none.20.100ms", "data": {"timestamp": 1765171712288, "change_id": 130894087069, "instrument_name": "BTC-12DEC25", "bids": [[91385.0, 2080.0], [91382.5, 7340.0], [91380.0, 7180.0], [91377.5, 10000.0], [91375.0, 2000.0], [91372.5, 4620.0], [91370.0, 2000.0], [91367.5, 3790.0], [91365.0, 6650.0], [91362.5, 2000.0], [91360.0, 1770.0], [91357.5, 5340.0], [91340.0, 180.0], [91337.5, 900.0], [91335.0, 3000.0], [91320.0, 180.0], [91317.5, 330.0], [91315.0, 1100.0], [91307.5, 900.0], [91305.0, 3000.0]], "asks": [[91387.5, 6320.0], [91395.0, 600.0], [91397.5, 2000.0], [91400.0, 600.0], [91402.5, 2000.0], [91405.0, 600.0], [91407.5, 2000.0], [91410.0, 2010.0], [91412.5, 2000.0], [91415.0, 5000.0], [91417.5, 10.0], [91420.0, 1770.0], [91422.5, 5340.0], [91440.0, 180.0], [91442.5, 7620.0], [91445.0, 25540.0], [91447.5, 4740.0], [91450.0, 15870.0], [91460.0, 180.0], [91462.5, 600.0]]}}}
{"jsonrpc": "2.0", "method": "subscription", "params": {"channel": "book.BTC-12DEC25.none.20.100ms", "data": {"timestamp": 1765171712717, "change_id": 130894087431, "instrument_name": "BTC-12DEC25", "bids": [[91385.0, 80.0], [91382.5, 7340.0], [91380.0, 7180.0], [91377.5, 10000.0], [91375.0, 2000.0], [91372.5, 4620.0], [91370.0, 2000.0], [91367.5, 3790.0], [91365.0, 6650.0], [91362.5, 2000.0], [91360.0, 1770.0], [91357.5, 5340.0], [91340.0, 180.0], [91337.5, 900.0], [91335.0, 3000.0], [91320.0, 180.0], [91317.5, 330.0], [91315.0, 1100.0], [91307.5, 900.0], [91305.0, 3000.0]], "asks": [[91387.5, 8320.0], [91395.0, 600.0], [91397.5, 2000.0], [91400.0, 600.0], [91402.5, 2000.0], [91405.0, 600.0], [91407.5, 2000.0], [91410.0, 2010.0], [91412.5, 2000.0], [91415.0, 5000.0], [91417.5, 10.0], [91420.0, 1770.0], [91422.5, 5340.0], [91440.0, 180.0], [91442.5, 7620.0], [91445.0, 25540.0], [91447.5, 4740.0], [91450.0, 15870.0], [91460.0, 180.0], [91462.5, 600.0]]}}}
{"jsonrpc": "2.0", "method": "subscription", "params": {"channel": "book.BTC-12DEC25.none.20.100ms", "data": {"timestamp": 1765171713040, "change_id": 130894087904, "instrument_name": "BTC-12DEC25", "bids": [[91385.0, 80.0], [91382.5, 7340.0], [91380.0, 7180.0], [91377.5, 10000.0], [91375.0, 2000.0], [91372.5, 4620.0], [91370.0, 2000.0], [91367.5, 3790.0], [91365.0, 6650.0], [91362.5, 2000.0], [91360.0, 1770.0], [91357.5, 5340.0], [91340.0, 180.0], [91337.5, 900.0], [91335.0, 3000.0], [91320.0, 180.0], [91317.5, 330.0], [91315.0, 1100.0], [91307.5, 900.0], [91305.0, 3000.0]], "asks": [[91387.5, 8320.0], [91395.0, 600.0], [91397.5, 2000.0], [91400.0, 600.0], [91402.5, 2000.0], [91405.0, 600.0], [91407.5, 2000.0], [91410.0, 2010.0], [91412.5, 2000.0], [91415.0, 5000.0], [91417.5, 10.0], [91420.0, 1770.0], [91422.5, 5340.0], [91430.0, 10.0], [91440.0, 180.0], [91442.5, 7620.0], [91445.0, 25540.0], [91447.5, 4740.0], [91450.0, 15870.0], [91460.0, 180.0]]}}}
{"jsonrpc": "2.0", "method": "subscription", "params": {"channel": "book.BTC-19DEC25.none.20.100ms", "data": {"timestamp": 1765171712861, "change_id": 130894087588, "instrument_name": "BTC-19DEC25", "bids": [[91450.0, 10180.0], [91447.5, 10.0], [91437.5, 600.0], [91435.0, 2000.0], [91422.5, 1550.0], [91420.0, 5780.0], [91417.5, 2000.0], [91407.5, 600.0], [91405.0, 2000.0], [91387.5, 730.0], [91385.0, 2450.0], [91382.5, 1900.0], [91380.0, 6350.0], [91377.5, 600.0], [91375.0, 2000.0], [91360.0, 10.0], [91332.5, 9820.0], [91330.0, 15660.0], [91295.0, 6290.0], [91230.0, 39280.0]], "asks": [[91455.0, 23490.0], [91457.5, 5180.0], [91475.0, 1490.0], [91477.5, 5000.0], [91482.5, 14930.0], [91485.0, 50000.0], [91487.5, 1550.0], [91490.0, 5180.0], [91497.5, 20.0], [91515.0, 10.0], [91517.5, 6790.0], [91520.0, 16060.0], [91545.0, 600.0], [91547.5, 2000.0], [91555.0, 70.0], [91557.5, 40.0], [91575.0, 600.0], [91577.5, 2000.0], [91580.0, 1920.0], [91582.5, 6430.0]]}}}
{"jsonrpc": "2.0", "method": "subscription", "params": {"channel": "book.BTC-12DEC25.none.20.100ms", "data": {"timestamp": 1765171713242, "change_id": 130894088007, "instrument_name": "BTC-12DEC25", "bids": [[91385.0, 80.0], [91382.5, 7340.0], [91380.0, 7180.0], [91377.5, 10000.0], [91375.0, 2000.0], [91372.5, 4620.0], [91370.0, 2000.0], [91367.5, 3790.0], [91365.0, 6650.0], [91362.5, 2000.0], [91360.0, 1770.0], [91357.5, 5340.0], [91340.0, 180.0], [91337.5, 900.0], [91335.0, 3000.0], [91320.0, 180.0], [91317.5, 330.0], [91315.0, 1100.0], [91307.5, 900.0], [91305.0, 3000.0]], "asks": [[91387.5, 8320.0], [91395.0, 600.0], [91397.5, 2000.0], [91400.0, 600.0], [91402.5, 2000.0], [91405.0, 600.0], [91407.5, 2000.0], [91410.0, 2010.0], [91412.5, 2000.0], [91415.0, 5000.0], [91417.5, 10.0], [91420.0, 1770.0], [91422.5, 5340.0], [91440.0, 180.0], [91442.5, 7620.0], [91445.0, 25540.0], [91447.5, 4740.0], [91450.0, 15870.0], [91460.0, 180.0], [91462.5, 600.0]]}}}
{"jsonrpc": "2.0", "method": "subscription", "params": {"channel": "book.BTC-19DEC25.none.20.100ms", "data": {"timestamp": 1765171713224, "change_id": 130894088004, "instrument_name": "BTC-19DEC25", "bids": [[91450.0, 10180.0], [91447.5, 10.0], [91437.5, 600.0], [91435.0, 2000.0], [91422.5, 1550.0], [91420.0, 5780.0], [91417.5, 2000.0], [91407.5, 600.0], [91405.0, 2000.0], [91387.5, 730.0], [91385.0, 2450.0], [91382.5, 1900.0], [91380.0, 6350.0], [91377.5, 600.0], [91375.0, 2000.0], [91360.0, 10.0], [91332.5, 9820.0], [91330.0, 15660.0], [91295.0, 6290.0], [91230.0, 39280.0]], "asks": [[91455.0, 45430.0], [91457.5, 5180.0], [91475.0, 1490.0], [91477.5, 5000.0], [91482.5, 14930.0], [91485.0, 50000.0], [91487.5, 1550.0], [91490.0, 5180.0], [91497.5, 20.0], [91515.0, 10.0], [91517.5, 6790.0], [91520.0, 16060.0], [91545.0, 600.0], [91547.5, 2000.0], [91555.0, 70.0], [91557.5, 40.0], [91575.0, 600.0], [91577.5, 2000.0], [91580.0, 1920.0], [91582.5, 6430.0]]}}}
{"jsonrpc": "2.0", "method": "subscription", "params": {"channel": "book.BTC-12DEC25.none.20.100ms", "data": {"timestamp": 1765171713674, "change_id": 130894088491, "instrument_name": "BTC-12DEC25", "bids": [[91385.0, 80.0], [91382.5, 5340.0], [91380.0, 5180.0], [91377.5, 10000.0], [91375.0, 2000.0], [91372.5, 4620.0], [91370.0, 2000.0], [91367.5, 3790.0], [91365.0, 6650.0], [91362.5, 2000.0], [91360.0, 1770.0], [91357.5, 5340.0], [91340.0, 180.0], [91337.5, 900.0], [91335.0, 3000.0], [91320.0, 180.0], [91317.5, 330.0], [91315.0, 1100.0], [91307.5, 900.0], [91305.0, 3000.0]], "asks": [[91387.5, 8320.0], [91395.0, 600.0], [91397.5, 2000.0], [91400.0, 600.0], [91402.5, 2000.0], [91405.0, 2010.0], [91407.5, 7000.0], [91410.0, 600.0], [91412.5, 2000.0], [91417.5, 10.0], [91420.0, 1770.0], [91422.5, 5340.0], [91440.0, 180.0], [91442.5, 7620.0], [91445.0, 25540.0], [91447.5, 4740.0], [91450.0, 15870.0], [91460.0, 180.0], [91462.5, 600.0], [91465.0, 2000.0]]}}}
{"jsonrpc": "2.0", "method": "subscription", "params": {"channel": "book.BTC-19DEC25.none.20.100ms", "data": {"timestamp": 1765171713961, "change_id": 130894088832, "instrument_name": "BTC-19DEC25", "bids": [[91450.0, 10180.0], [91447.5, 10.0], [91437.5, 600.0], [91435.0, 2000.0], [91422.5, 1550.0], [91420.0, 5780.0], [91417.5, 2000.0], [91407.5, 600.0], [91405.0, 2000.0], [91387.5, 730.0], [91385.0, 2450.0], [91382.5, 1900.0], [91380.0, 6350.0], [91377.5, 600.0], [91375.0, 2000.0], [91360.0, 10.0], [91332.5, 9820.0], [91330.0, 15660.0], [91295.0, 6290.0], [91230.0, 39280.0]], "asks": [[91455.0, 23490.0], [91457.5, 5180.0], [91475.0, 1490.0], [91477.5, 5000.0], [91482.5, 14930.0], [91485.0, 50000.0], [91487.5, 1550.0], [91490.0, 5180.0], [91497.5, 20.0], [91515.0, 10.0], [91517.5, 6790.0], [91520.0, 16060.0], [91545.0, 600.0], [91547.5, 2000.0], [91555.0, 70.0], [91557.5, 40.0], [91575.0, 600.0], [91577.5, 2000.0], [91580.0, 1920.0], [91582.5, 6430.0]]}}}
{"jsonrpc": "2.0", "method": "subscription", "params": {"channel": "book.BTC-12DEC25.none.20.100ms", "data": {"timestamp": 1765171714508, "change_id": 130894089579, "instrument_name": "BTC-12DEC25", "bids": [[91385.0, 80.0], [91382.5, 5340.0], [91380.0, 7180.0], [91377.5, 10000.0], [91375.0, 2000.0], [91372.5, 4620.0], [91370.0, 2000.0], [91367.5, 3790.0], [91365.0, 6650.0], [91362.5, 2000.0], [91360.0, 1770.0], [91357.5, 5340.0], [91340.0, 180.0], [91337.5, 910.0], [91335.0, 3000.0], [91320.0, 180.0], [91317.5, 330.0], [91315.0, 1100.0], [91307.5, 900.0], [91305.0, 3000.0]], "asks": [[91387.5, 8320.0], [91395.0, 600.0], [91397.5, 2000.0], [91400.0, 1120.0], [91402.5, 2000.0], [91405.0, 4010.0], [91407.5, 7000.0], [91417.5, 10.0], [91420.0, 1770.0], [91422.5, 5340.0], [91430.0, 10.0], [91440.0, 180.0], [91442.5, 7620.0], [91445.0, 25540.0], [91447.5, 4740.0], [91450.0, 15870.0], [91460.0, 180.0], [91462.5, 600.0], [91465.0, 2000.0], [91472.5, 14930.0]]}}}
{"jsonrpc": "2.0", "method": "subscription", "params": {"channel": "book.BTC-19DEC25.none.20.100ms", "data": {"timestamp": 1765171714432, "change_id": 130894089400, "instrument_name": "BTC-19DEC25", "bids": [[91450.0, 10180.0], [91447.5, 10.0], [91437.5, 600.0], [91435.0, 2000.0], [91422.5, 1550.0], [91420.0, 5780.0], [91417.5, 2000.0], [91407.5, 600.0], [91405.0, 2000.0], [91387.5, 730.0], [91385.0, 2450.0], [91382.5, 1900.0], [91380.0, 6350.0], [91377.5, 600.0], [91375.0, 2000.0], [91360.0, 10.0], [91332.5, 9820.0], [91330.0, 15660.0], [91295.0, 6290.0], [91230.0, 39280.0]], "asks": [[91452.5, 5180.0], [91455.0, 21940.0], [91475.0, 1490.0], [91477.5, 5000.0], [91482.5, 14930.0], [91485.0, 50000.0], [91487.5, 1550.0], [91490.0, 5180.0], [91497.5, 20.0], [91515.0, 10.0], [91517.5, 6790.0], [91520.0, 16060.0], [91545.0, 600.0], [91547.5, 2000.0], [91555.0, 70.0], [91557.5, 40.0], [91575.0, 600.0], [91577.5, 2000.0], [91580.0, 1920.0], [91582.5, 6430.0]]}}}
{"jsonrpc": "2.0", "method": "subscription", "params": {"channel": "book.BTC-12DEC25.none.20.100ms", "data": {"timestamp": 1765171715287, "change_id": 130894090342, "instrument_name": "BTC-12DEC25", "bids": [[91385.0, 80.0], [91382.5, 5340.0], [91380.0, 7180.0], [91377.5, 10000.0], [91375.0, 2000.0], [91372.5, 4620.0], [91370.0, 2000.0], [91367.5, 3790.0], [91365.0, 6650.0], [91362.5, 2000.0], [91360.0, 1770.0], [91357.5, 5340.0], [91340.0, 180.0], [91337.5, 900.0], [91335.0, 3000.0], [91320.0, 180.0], [91317.5, 330.0], [91315.0, 1100.0], [91307.5, 900.0], [91305.0, 3000.0]], "asks": [[91387.5, 6320.0], [91395.0, 600.0], [91397.5, 2000.0], [91400.0, 1120.0], [91402.5, 2000.0], [91405.0, 4010.0], [91407.5, 7000.0], [91417.5, 10.0], [91420.0, 1770.0], [91422.5, 5340.0], [91440.0, 180.0], [91442.5, 7620.0], [91445.0, 25540.0], [91447.5, 4740.0], [91450.0, 15870.0], [91460.0, 180.0], [91462.5, 600.0], [91465.0, 2000.0], [91472.5, 14930.0], [91475.0, 50000.0]]}}}
{"jsonrpc": "2.0", "method": "subscription", "params": {"channel": "book.BTC-12DEC25.none.20.100ms", "data": {"timestamp": 1765171715704, "change_id": 130894090697, "instrument_name": "BTC-12DEC25", "bids": [[91385.0, 80.0], [91382.5, 5340.0], [91380.0, 7180.0], [91377.5, 10000.0], [91375.0, 2000.0], [91372.5, 4620.0], [91370.0, 2000.0], [91367.5, 3790.0], [91365.0, 6650.0], [91362.5, 2000.0], [91360.0, 1770.0], [91357.5, 5340.0], [91340.0, 180.0], [91337.5, 900.0], [91335.0, 3000.0], [91320.0, 180.0], [91317.5, 330.0], [91315.0, 1100.0], [91307.5, 900.0], [91305.0, 3000.0]], "asks": [[91387.5, 6320.0], [91395.0, 600.0], [91397.5, 2000.0], [91400.0, 1120.0], [91402.5, 2000.0], [91405.0, 3420.0], [91407.5, 5000.0], [91417.5, 10.0], [91420.0, 1770.0], [91422.5, 5340.0], [91440.0, 180.0], [91442.5, 7620.0], [91445.0, 25540.0], [91447.5, 4740.0], [91450.0, 15870.0], [91460.0, 180.0], [91462.5, 600.0], [91465.0, 2000.0], [91472.5, 14930.0], [91475.0, 50000.0]]}}}
{"jsonrpc": "2.0", "method": "subscription", "params": {"channel": "book.BTC-19DEC25.none.20.100ms", "data": {"timestamp": 1765171715448, "change_id": 130894090463, "instrument_name": "BTC-19DEC25", "bids": [[91450.0, 10180.0], [91447.5, 10.0], [91437.5, 600.0], [91435.0, 2000.0], [91422.5, 1550.0], [91420.0, 5780.0], [91417.5, 2000.0], [91407.5, 600.0], [91405.0, 2000.0], [91387.5, 730.0], [91385.0, 2450.0], [91382.5, 1900.0], [91380.0, 6350.0], [91377.5, 600.0], [91375.0, 2000.0], [91360.0, 10.0], [91332.5, 9820.0], [91330.0, 15660.0], [91295.0, 6290.0], [91230.0, 39280.0]], "asks": [[91452.5, 5180.0], [91455.0, 43880.0], [91475.0, 1490.0], [91477.5, 5000.0], [91482.5, 14930.0], [91485.0, 50000.0], [91487.5, 1550.0], [91490.0, 5180.0], [91497.5, 20.0], [91515.0, 10.0], [91517.5, 6790.0], [91520.0, 16060.0], [91545.0, 600.0], [91547.5, 2000.0], [91555.0, 70.0], [91557.5, 40.0], [91575.0, 600.0], [91577.5, 2000.0], [91580.0, 1920.0], [91582.5, 6430.0]]}}}
{"jsonrpc": "2.0", "method": "subscription", "params": {"channel": "book.BTC-12DEC25.none.20.100ms", "data": {"timestamp": 1765171716035, "change_id": 130894091180, "instrument_name": "BTC-12DEC25", "bids": [[91385.0, 80.0], [91382.5, 5340.0], [91380.0, 7180.0], [91377.5, 10000.0], [91375.0, 2000.0], [91372.5, 4620.0], [91370.0, 2000.0], [91367.5, 2000.0], [91365.0, 6650.0], [91362.5, 2000.0], [91360.0, 1770.0], [91357.5, 5340.0], [91340.0, 180.0], [91337.5, 910.0], [91335.0, 3000.0], [91320.0, 180.0], [91317.5, 330.0], [91315.0, 1100.0], [91307.5, 900.0], [91305.0, 3000.0]], "asks": [[91387.5, 6320.0], [91395.0, 600.0], [91397.5, 2000.0], [91400.0, 1120.0], [91402.5, 2000.0], [91405.0, 3420.0], [91407.5, 5000.0], [91417.5, 10.0], [91420.0, 1770.0], [91422.5, 5340.0], [91430.0, 10.0], [91440.0, 180.0], [91442.5, 7620.0], [91445.0, 25540.0], [91447.5, 4740.0], [91450.0, 15870.0], [91460.0, 180.0], [91462.5, 600.0], [91465.0, 2000.0], [91472.5, 14930.0]]}}}
{"jsonrpc": "2.0", "method": "subscription", "params": {"channel": "book.BTC-12DEC25.none.20.100ms", "data": {"timestamp": 1765171716404, "change_id": 130894091472, "instrument_name": "BTC-12DEC25", "bids": [[91385.0, 2080.0], [91382.5, 5340.0], [91380.0, 7180.0], [91377.5, 10000.0], [91375.0, 2000.0], [91372.5, 4620.0], [91367.5, 2000.0], [91365.0, 6650.0], [91362.5, 2000.0], [91360.0, 1770.0], [91357.5, 5340.0], [91340.0, 180.0], [91337.5, 910.0], [91335.0, 3000.0], [91320.0, 180.0], [91317.5, 330.0], [91315.0, 1100.0], [91307.5, 900.0], [91305.0, 3000.0], [91300.0, 180.0]], "asks": [[91387.5, 6320.0], [91395.0, 600.0], [91397.5, 2000.0], [91400.0, 1120.0], [91402.5, 2000.0], [91405.0, 3420.0], [91407.5, 5000.0], [91417.5, 10.0], [91420.0, 1770.0], [91422.5, 5340.0], [91430.0, 10.0], [91440.0, 180.0], [91442.5, 7620.0], [91445.0, 25540.0], [91447.5, 4740.0], [91450.0, 15870.0], [91460.0, 180.0], [91462.5, 600.0], [91465.0, 2000.0], [91472.5, 14930.0]]}}}
{"jsonrpc": "2.0", "method": "subscription", "params": {"channel": "book.BTC-12DEC25.none.20.100ms", "data": {"timestamp": 1765171717251, "change_id": 130894092200, "instrument_name": "BTC-12DEC25", "bids": [[91385.0, 80.0], [91382.5, 5340.0], [91380.0, 7180.0], [91377.5, 10000.0], [91375.0, 2000.0], [91372.5, 4620.0], [91367.5, 2000.0], [91365.0, 6650.0], [91362.5, 2000.0], [91360.0, 1770.0], [91357.5, 5340.0], [91340.0, 180.0], [91337.5, 910.0], [91335.0, 3000.0], [91320.0, 180.0], [91317.5, 330.0], [91315.0, 1100.0], [91307.5, 900.0], [91305.0, 3000.0], [91300.0, 180.0]], "asks": [[91387.5, 6320.0], [91395.0, 600.0], [91397.5, 2000.0], [91400.0, 1120.0], [91402.5, 2000.0], [91405.0, 3420.0], [91407.5, 5000.0], [91417.5, 10.0], [91420.0, 1770.0], [91422.5, 5340.0], [91430.0, 10.0], [91440.0, 180.0], [91442.5, 7620.0], [91445.0, 25540.0], [91447.5, 4740.0], [91450.0, 15870.0], [91460.0, 180.0], [91462.5, 600.0], [91465.0, 2000.0], [91472.5, 14930.0]]}}}
{"jsonrpc": "2.0", "method": "subscription", "params": {"channel": "book.BTC-12DEC25.none.20.100ms", "data": {"timestamp": 1765171717465, "change_id": 130894092454, "instrument_name": "BTC-12DEC25", "bids": [[91385.0, 80.0], [91382.5, 7340.0], [91380.0, 7180.0], [91377.5, 10000.0], [91375.0, 2000.0], [91372.5, 4620.0], [91367.5, 2000.0], [91365.0, 6650.0], [91362.5, 2000.0], [91360.0, 1770.0], [91357.5, 5340.0], [91340.0, 180.0], [91337.5, 910.0], [91335.0, 3000.0], [91320.0, 180.0], [91317.5, 330.0], [91315.0, 1100.0], [91307.5, 900.0], [91305.0, 3000.0], [91300.0, 180.0]], "asks": [[91387.5, 8320.0], [91395.0, 600.0], [91397.5, 2000.0], [91400.0, 1120.0], [91402.5, 2000.0], [91405.0, 3420.0], [91407.5, 5000.0], [91417.5, 10.0], [91420.0, 1770.0], [91422.5, 5340.0], [91430.0, 10.0], [91440.0, 180.0], [91442.5, 7620.0], [91445.0, 25540.0], [91447.5, 4740.0], [91450.0, 15870.0], [91460.0, 180.0], [91462.5, 600.0], [91465.0, 2000.0], [91472.5, 14930.0]]}}}
{"jsonrpc": "2.0", "method": "subscription", "params": {"channel": "book.BTC-12DEC25.none.20.100ms", "data": {"timestamp": 1765171718024, "change_id": 130894092963, "instrument_name": "BTC-12DEC25", "bids": [[91385.0, 80.0], [91382.5, 7340.0], [91380.0, 7180.0], [91377.5, 10000.0], [91375.0, 2000.0], [91372.5, 4620.0], [91367.5, 2000.0], [91365.0, 6650.0], [91362.5, 2000.0], [91360.0, 1770.0], [91357.5, 5340.0], [91340.0, 180.0], [91337.5, 910.0], [91335.0, 3000.0], [91320.0, 180.0], [91317.5, 330.0], [91315.0, 1100.0], [91307.5, 900.0], [91305.0, 3000.0], [91300.0, 180.0]], "asks": [[91387.5, 6320.0], [91395.0, 600.0], [91397.5, 2000.0], [91400.0, 1120.0], [91402.5, 2000.0], [91405.0, 3420.0], [91407.5, 5000.0], [91417.5, 10.0], [91420.0, 1770.0], [91422.5, 5340.0], [91430.0, 10.0], [91440.0, 180.0], [91442.5, 7620.0], [91445.0, 25540.0], [91447.5, 4740.0], [91450.0, 15870.0], [91460.0, 180.0], [91462.5, 600.0], [91465.0, 2000.0], [91472.5, 14930.0]]}}}
{"jsonrpc": "2.0", "method": "subscription", "params": {"channel": "book.BTC-19DEC25.none.20.100ms", "data": {"timestamp": 1765171717844, "change_id": 130894092770, "instrument_name": "BTC-19DEC25", "bids": [[91450.0, 10190.0], [91437.5, 600.0], [91435.0, 2000.0], [91422.5, 1550.0], [91420.0, 5780.0], [91417.5, 2000.0], [91407.5, 600.0], [91405.0, 2000.0], [91387.5, 730.0], [91385.0, 2450.0], [91382.5, 1900.0], [91380.0, 6350.0], [91377.5, 600.0], [91375.0, 2000.0], [91360.0, 10.0], [91332.5, 9820.0], [91330.0, 15660.0], [91295.0, 6290.0], [91230.0, 39280.0], [91227.5, 50000.0]], "asks": [[91452.5, 5180.0], [91455.0, 43880.0], [91475.0, 1490.0], [91477.5, 5000.0], [91482.5, 14930.0], [91485.0, 50000.0], [91487.5, 1550.0], [91490.0, 5180.0], [91497.5, 20.0], [91515.0, 10.0], [91517.5, 6790.0], [91520.0, 16060.0], [91545.0, 600.0], [91547.5, 2000.0], [91555.0, 70.0], [91557.5, 40.0], [91575.0, 600.0], [91577.5, 2000.0], [91580.0, 1920.0], [91582.5, 6430.0]]}}}
{"jsonrpc": "2.0", "method": "subscription", "params": {"channel": "book.BTC-12DEC25.none.20.100ms", "data": {"timestamp": 1765171718273, "change_id": 130894093282, "instrument_name": "BTC-12DEC25", "bids": [[91385.0, 2080.0], [91382.5, 7340.0], [91380.0, 7180.0], [91377.5, 10000.0], [91375.0, 2000.0], [91372.5, 4620.0], [91367.5, 2000.0], [91365.0, 6650.0], [91362.5, 2000.0], [91360.0, 1770.0], [91357.5, 5340.0], [91340.0, 180.0], [91337.5, 910.0], [91335.0, 3000.0], [91320.0, 180.0], [91317.5, 330.0], [91315.0, 1100.0], [91307.5, 900.0], [91305.0, 3000.0], [91300.0, 180.0]], "asks": [[91387.5, 6320.0], [91395.0, 600.0], [91397.5, 2000.0], [91400.0, 1120.0], [91402.5, 2000.0], [91405.0, 3420.0], [91407.5, 5000.0], [91417.5, 10.0], [91420.0, 1770.0], [91422.5, 5340.0], [91430.0, 10.0], [91440.0, 180.0], [91442.5, 7620.0], [91445.0, 25540.0], [91447.5, 4740.0], [91450.0, 15870.0], [91460.0, 180.0], [91462.5, 600.0], [91465.0, 2000.0], [91472.5, 14930.0]]}}}
{"jsonrpc": "2.0", "method": "subscription", "params": {"channel": "book.BTC-19DEC25.none.20.100ms", "data": {"timestamp": 1765171718203, "change_id": 130894093183, "instrument_name": "BTC-19DEC25", "bids": [[91450.0, 10180.0], [91447.5, 10.0], [91437.5, 600.0], [91435.0, 2000.0], [91422.5, 1550.0], [91420.0, 5780.0], [91417.5, 2000.0], [91407.5, 600.0], [91405.0, 2000.0], [91387.5, 730.0], [91385.0, 2450.0], [91382.5, 1900.0], [91380.0, 6350.0], [91377.5, 600.0], [91375.0, 2000.0], [91360.0, 10.0], [91332.5, 9820.0], [91330.0, 15660.0], [91295.0, 6290.0], [91230.0, 39280.0]], "asks": [[91452.5, 5180.0], [91455.0, 43880.0], [91475.0, 1490.0], [91477.5, 5000.0], [91482.5, 14930.0], [91485.0, 50000.0], [91487.5, 1550.0], [91490.0, 5180.0], [91497.5, 20.0], [91515.0, 10.0], [91517.5, 6790.0], [91520.0, 16060.0], [91545.0, 600.0], [91547.5, 2000.0], [91555.0, 70.0], [91557.5, 40.0], [91575.0, 600.0], [91577.5, 2000.0], [91580.0, 1920.0], [91582.5, 6430.0]]}}}
{"jsonrpc": "2.0", "method": "subscription", "params": {"channel": "book.BTC-12DEC25.none.20.100ms", "data": {"timestamp": 1765171719004, "change_id": 130894093902, "instrument_name": "BTC-12DEC25", "bids": [[91385.0, 2080.0], [91382.5, 7340.0], [91380.0, 7180.0], [91377.5, 10000.0], [91375.0, 2000.0], [91372.5, 4620.0], [91367.5, 2000.0], [91365.0, 6650.0], [91362.5, 2000.0], [91360.0, 1770.0], [91357.5, 5340.0], [91340.0, 180.0], [91337.5, 900.0], [91335.0, 3000.0], [91320.0, 180.0], [91317.5, 330.0], [91315.0, 1100.0], [91307.5, 900.0], [91305.0, 3000.0], [91300.0, 180.0]], "asks": [[91387.5, 6320.0], [91395.0, 600.0], [91397.5, 2000.0], [91400.0, 1120.0], [91402.5, 2000.0], [91405.0, 3420.0], [91407.5, 5000.0], [91417.5, 10.0], [91420.0, 1770.0], [91422.5, 5340.0], [91440.0, 180.0], [91442.5, 7620.0], [91445.0, 25540.0], [91447.5, 4740.0], [91450.0, 15870.0], [91460.0, 180.0], [91462.5, 600.0], [91465.0, 2000.0], [91472.5, 14930.0], [91475.0, 50000.0]]}}}
{"jsonrpc": "2.0", "method": "subscription", "params": {"channel": "book.BTC-12DEC25.none.20.100ms", "data": {"timestamp": 1765171720247, "change_id": 130894095052, "instrument_name": "BTC-12DEC25", "bids": [[91385.0, 2080.0], [91382.5, 7340.0], [91380.0, 7180.0], [91377.5, 10000.0], [91375.0, 2000.0], [91372.5, 4620.0], [91367.5, 2000.0], [91365.0, 6650.0], [91362.5, 2000.0], [91360.0, 1770.0], [91357.5, 5340.0], [91340.0, 180.0], [91337.5, 900.0], [91335.0, 3000.0], [91320.0, 180.0], [91317.5, 330.0], [91315.0, 1100.0], [91307.5, 900.0], [91305.0, 3000.0], [91300.0, 180.0]], "asks": [[91387.5, 6320.0], [91395.0, 600.0], [91397.5, 2000.0], [91400.0, 1120.0], [91402.5, 2000.0], [91405.0, 3420.0], [91407.5, 5000.0], [91417.5, 10.0], [91420.0, 1770.0], [91422.5, 5340.0], [91440.0, 180.0], [91442.5, 7620.0], [91445.0, 25540.0], [91447.5, 4740.0], [91450.0, 15870.0], [91460.0, 180.0], [91462.5, 600.0], [91465.0, 2000.0], [91472.5, 14930.0], [91475.0, 50000.0]]}}}
{"jsonrpc": "2.0", "method": "subscription", "params": {"channel": "book.BTC-12DEC25.none.20.100ms", "data": {"timestamp": 1765171721207, "change_id": 130894096388, "instrument_name": "BTC-12DEC25", "bids": [[91385.0, 2080.0], [91382.5, 7340.0], [91380.0, 7180.0], [91377.5, 10000.0], [91375.0, 3380.0], [91372.5, 4620.0], [91370.0, 2390.0], [91367.5, 2000.0], [91365.0, 6650.0], [91362.5, 2000.0], [91360.0, 1770.0], [91357.5, 5340.0], [91340.0, 180.0], [91337.5, 910.0], [91335.0, 3000.0], [91320.0, 180.0], [91317.5, 330.0], [91315.0, 1100.0], [91307.5, 900.0], [91305.0, 3000.0]], "asks": [[91387.5, 980.0], [91390.0, 5340.0], [91400.0, 1120.0], [91402.5, 2000.0], [91405.0, 2000.0], [91415.0, 1550.0], [91417.5, 5010.0], [91420.0, 1770.0], [91422.5, 5340.0], [91432.5, 10.0], [91440.0, 180.0], [91442.5, 7620.0], [91445.0, 25540.0], [91447.5, 4740.0], [91450.0, 15870.0], [91460.0, 180.0], [91462.5, 600.0], [91465.0, 2000.0], [91472.5, 14930.0], [91475.0, 50000.0]]}}}
{"jsonrpc": "2.0", "method": "subscription", "params": {"channel": "book.BTC-19DEC25.none.20.100ms", "data": {"timestamp": 1765171721124, "change_id": 130894096167, "instrument_name": "BTC-19DEC25", "bids": [[91450.0, 10180.0], [91447.5, 10.0], [91437.5, 600.0], [91435.0, 2000.0], [91422.5, 1550.0], [91420.0, 5780.0], [91417.5, 2000.0], [91407.5, 600.0], [91405.0, 2000.0], [91387.5, 730.0], [91385.0, 2450.0], [91382.5, 1900.0], [91380.0, 6350.0], [91377.5, 600.0], [91375.0, 2000.0], [91360.0, 10.0], [91332.5, 9820.0], [91330.0, 15660.0], [91295.0, 6290.0], [91230.0, 39280.0]], "asks": [[91455.0, 43880.0], [91460.0, 5180.0], [91482.5, 14930.0], [91485.0, 53040.0], [91487.5, 5000.0], [91490.0, 5180.0], [91497.5, 20.0], [91515.0, 10.0], [91517.5, 6790.0], [91520.0, 16060.0], [91545.0, 600.0], [91547.5, 2000.0], [91555.0, 70.0], [91557.5, 40.0], [91575.0, 600.0], [91577.5, 2000.0], [91580.0, 1920.0], [91582.5, 6430.0], [91625.0, 160.0], [91627.5, 5590.0]]}}}
{"jsonrpc": "2.0", "method": "subscription", "params": {"channel": "book.BTC-12DEC25.none.20.100ms", "data": {"timestamp": 1765171721470, "change_id": 130894096502, "instrument_name": "BTC-12DEC25", "bids": [[91387.5, 7000.0], [91385.0, 2080.0], [91382.5, 7340.0], [91380.0, 12180.0], [91377.5, 2000.0], [91375.0, 3380.0], [91372.5, 4620.0], [91370.0, 2390.0], [91367.5, 2000.0], [91365.0, 6650.0], [91362.5, 2000.0], [91360.0, 1770.0], [91357.5, 5340.0], [91340.0, 180.0], [91337.5, 910.0], [91335.0, 3000.0], [91320.0, 180.0], [91317.5, 330.0], [91315.0, 1100.0], [91307.5, 900.0]], "asks": [[91390.0, 5340.0], [91415.0, 1550.0], [91417.5, 5010.0], [91420.0, 1770.0], [91422.5, 5340.0], [91432.5, 10.0], [91440.0, 180.0], [91442.5, 57620.0], [91445.0, 25540.0], [91447.5, 4740.0], [91450.0, 15870.0], [91460.0, 180.0], [91462.5, 600.0], [91465.0, 2000.0], [91480.0, 180.0], [91487.5, 13410.0], [91490.0, 44940.0], [91500.0, 180.0], [91520.0, 180.0], [91540.0, 180.0]]}}}
{"jsonrpc": "2.0", "method": "subscription", "params": {"channel": "book.BTC-19DEC25.none.20.100ms", "data": {"timestamp": 1765171721649, "change_id": 130894096676, "instrument_name": "BTC-19DEC25", "bids": [[91452.5, 2300.0], [91450.0, 10180.0], [91447.5, 10.0], [91437.5, 600.0], [91435.0, 2000.0], [91422.5, 1550.0], [91420.0, 5780.0], [91417.5, 2000.0], [91407.5, 600.0], [91405.0, 2000.0], [91387.5, 730.0], [91385.0, 2450.0], [91382.5, 1900.0], [91380.0, 6350.0], [91377.5, 600.0], [91375.0, 2000.0], [91360.0, 10.0], [91332.5, 9820.0], [91330.0, 15660.0], [91295.0, 6290.0]], "asks": [[91455.0, 43880.0], [91460.0, 5180.0], [91482.5, 14930.0], [91485.0, 53040.0], [91487.5, 5000.0], [91490.0, 5180.0], [91497.5, 20.0], [91515.0, 10.0], [91517.5, 6790.0], [91520.0, 16060.0], [91545.0, 600.0], [91547.5, 2000.0], [91555.0, 70.0], [91557.5, 40.0], [91575.0, 600.0], [91577.5, 2000.0], [91580.0, 1920.0], [91582.5, 6430.0], [91625.0, 160.0], [91627.5, 5590.0]]}}}
{"jsonrpc": "2.0", "method": "subscription", "params": {"channel": "book.BTC-12DEC25.none.20.100ms", "data": {"timestamp": 1765171721975, "change_id": 130894096965, "instrument_name": "BTC-12DEC25", "bids": [[91387.5, 12340.0], [91385.0, 80.0], [91382.5, 2000.0], [91380.0, 12180.0], [91377.5, 2000.0], [91375.0, 3380.0], [91372.5, 6620.0], [91370.0, 2390.0], [91367.5, 2000.0], [91365.0, 6650.0], [91362.5, 2000.0], [91360.0, 1770.0], [91357.5, 5340.0], [91340.0, 180.0], [91337.5, 910.0], [91335.0, 3000.0], [91320.0, 180.0], [91317.5, 330.0], [91315.0, 1100.0], [91307.5, 900.0]], "asks": [[91390.0, 6420.0], [91410.0, 600.0], [91412.5, 2000.0], [91415.0, 1550.0], [91417.5, 5010.0], [91420.0, 1770.0], [91422.5, 5340.0], [91432.5, 10.0], [91440.0, 180.0], [91442.5, 57620.0], [91445.0, 25540.0], [91447.5, 4740.0], [91450.0, 15870.0], [91460.0, 180.0], [91462.5, 600.0], [91465.0, 2000.0], [91480.0, 180.0], [91487.5, 13410.0], [91490.0, 44940.0], [91500.0, 180.0]]}}}
{"jsonrpc": "2.0", "method": "subscription", "params": {"channel": "book.BTC-19DEC25.none.20.100ms", "data": {"timestamp": 1765171721822, "change_id": 130894096865, "instrument_name": "BTC-19DEC25", "bids": [[91455.0, 7180.0], [91452.5, 1500.0], [91450.0, 5000.0], [91437.5, 600.0], [91435.0, 2000.0], [91422.5, 1550.0], [91420.0, 5780.0], [91417.5, 2000.0], [91407.5, 600.0], [91405.0, 2000.0], [91387.5, 730.0], [91385.0, 2450.0], [91382.5, 1900.0], [91380.0, 6350.0], [91377.5, 600.0], [91375.0, 2000.0], [91360.0, 10.0], [91332.5, 9820.0], [91330.0, 15660.0], [91295.0, 6290.0]], "asks": [[91460.0, 5180.0], [91485.0, 3040.0], [91487.5, 5000.0], [91490.0, 5180.0], [91497.5, 20.0], [91515.0, 20330.0], [91517.5, 52000.0], [91520.0, 16060.0], [91545.0, 600.0], [91547.5, 2000.0], [91555.0, 70.0], [91557.5, 40.0], [91575.0, 600.0], [91577.5, 2000.0], [91580.0, 1920.0], [91582.5, 6430.0], [91625.0, 160.0], [91627.5, 5590.0], [91630.0, 18710.0], [91645.0, 40.0]]}}}
{"jsonrpc": "2.0", "method": "subscription", "params": {"channel": "book.BTC-12DEC25.none.20.100ms", "data": {"timestamp": 1765171722020, "change_id": 130894097050, "instrument_name": "BTC-12DEC25", "bids": [[91387.5, 12340.0], [91385.0, 80.0], [91382.5, 2000.0], [91380.0, 12180.0], [91377.5, 2000.0], [91375.0, 3380.0], [91372.5, 6620.0], [91370.0, 2390.0], [91367.5, 2000.0], [91365.0, 6650.0], [91362.5, 2000.0], [91360.0, 1770.0], [91357.5, 5340.0], [91340.0, 180.0], [91337.5, 900.0], [91335.0, 3000.0], [91330.0, 10.0], [91320.0, 180.0], [91317.5, 330.0], [91315.0, 1100.0]], "asks": [[91390.0, 6420.0], [91410.0, 600.0], [91412.5, 2000.0], [91415.0, 1550.0], [91417.5, 5010.0], [91420.0, 1770.0], [91422.5, 5340.0], [91440.0, 190.0], [91442.5, 57620.0], [91445.0, 25540.0], [91447.5, 4740.0], [91450.0, 15870.0], [91460.0, 180.0], [91462.5, 600.0], [91465.0, 2000.0], [91480.0, 180.0], [91487.5, 13410.0], [91490.0, 44940.0], [91500.0, 180.0], [91520.0, 180.0]]}}}
{"jsonrpc": "2.0", "method": "subscription", "params": {"channel": "book.BTC-19DEC25.none.20.100ms", "data": {"timestamp": 1765171722293, "change_id": 130894097397, "instrument_name": "BTC-19DEC25", "bids": [[91455.0, 7180.0], [91452.5, 10.0], [91450.0, 5000.0], [91440.0, 1280.0], [91437.5, 2300.0], [91435.0, 2000.0], [91422.5, 1550.0], [91420.0, 5780.0], [91417.5, 2000.0], [91407.5, 600.0], [91405.0, 2000.0], [91387.5, 730.0], [91385.0, 2450.0], [91382.5, 1900.0], [91380.0, 6350.0], [91377.5, 600.0], [91375.0, 2000.0], [91360.0, 10.0], [91332.5, 9820.0], [91330.0, 15660.0]], "asks": [[91460.0, 5180.0], [91485.0, 3040.0], [91487.5, 5000.0], [91490.0, 5180.0], [91497.5, 20.0], [91515.0, 20330.0], [91517.5, 52000.0], [91520.0, 16060.0], [91545.0, 600.0], [91547.5, 2000.0], [91555.0, 70.0], [91557.5, 40.0], [91575.0, 600.0], [91577.5, 2000.0], [91580.0, 1920.0], [91582.5, 6430.0], [91625.0, 160.0], [91627.5, 5590.0], [91630.0, 18710.0], [91645.0, 40.0]]}}}
{"jsonrpc": "2.0", "method": "subscription", "params": {"channel": "book.BTC-12DEC25.none.20.100ms", "data": {"timestamp": 1765171722610, "change_id": 130894097846, "instrument_name": "BTC-12DEC25", "bids": [[91387.5, 7000.0], [91385.0, 80.0], [91382.5, 2000.0], [91380.0, 17380.0], [91377.5, 2000.0], [91375.0, 3380.0], [91372.5, 6620.0], [91370.0, 2390.0], [91367.5, 2000.0], [91365.0, 6000.0], [91360.0, 180.0], [91345.0, 1610.0], [91342.5, 5200.0], [91340.0, 180.0], [91337.5, 900.0], [91335.0, 3000.0], [91320.0, 180.0], [91317.5, 330.0], [91315.0, 1100.0], [91307.5, 900.0]], "asks": [[91390.0, 1080.0], [91395.0, 1550.0], [91397.5, 5200.0], [91405.0, 600.0], [91407.5, 2000.0], [91410.0, 600.0], [91412.5, 2000.0], [91415.0, 1550.0], [91417.5, 5000.0], [91420.0, 190.0], [91437.5, 5200.0], [91440.0, 22730.0], [91442.5, 50000.0], [91445.0, 25540.0], [91447.5, 4740.0], [91450.0, 15870.0], [91460.0, 180.0], [91462.5, 600.0], [91465.0, 2000.0], [91480.0, 180.0]]}}}
{"jsonrpc": "2.0", "method": "subscription", "params": {"channel": "book.BTC-19DEC25.none.20.100ms", "data": {"timestamp": 1765171722653, "change_id": 130894097841, "instrument_name": "BTC-19DEC25", "bids": [[91457.5, 6600.0], [91450.0, 1560.0], [91447.5, 5190.0], [91440.0, 1280.0], [91437.5, 2300.0], [91435.0, 2000.0], [91420.0, 600.0], [91417.5, 2000.0], [91407.5, 600.0], [91405.0, 3550.0], [91402.5, 5190.0], [91387.5, 730.0], [91385.0, 2450.0], [91382.5, 1900.0], [91380.0, 6350.0], [91377.5, 600.0], [91375.0, 2000.0], [91360.0, 10.0], [91332.5, 9820.0], [91330.0, 15660.0]], "asks": [[91462.5, 1550.0], [91465.0, 5190.0], [91480.0, 690.0], [91482.5, 2300.0], [91485.0, 1490.0], [91487.5, 5000.0], [91497.5, 20.0], [91505.0, 1550.0], [91507.5, 5190.0], [91515.0, 10.0], [91517.5, 2000.0], [91520.0, 16060.0], [91545.0, 50600.0], [91547.5, 2000.0], [91555.0, 70.0], [91557.5, 40.0], [91575.0, 600.0], [91577.5, 2000.0], [91580.0, 1920.0], [91582.5, 6430.0]]}}}
{"jsonrpc": "2.0", "method": "subscription", "params": {"channel": "book.BTC-12DEC25.none.20.100ms", "data": {"timestamp": 1765171723003, "change_id": 130894098236, "instrument_name": "BTC-12DEC25", "bids": [[91387.5, 7000.0], [91385.0, 80.0], [91382.5, 12000.0], [91380.0, 7380.0], [91377.5, 2000.0], [91375.0, 3380.0], [91372.5, 6620.0], [91370.0, 2390.0], [91367.5, 2000.0], [91365.0, 6000.0], [91360.0, 180.0], [91345.0, 1610.0], [91342.5, 5200.0], [91340.0, 180.0], [91337.5, 900.0], [91335.0, 3000.0], [91320.0, 180.0], [91317.5, 330.0], [91315.0, 1100.0], [91307.5, 900.0]], "asks": [[91392.5, 4910.0], [91395.0, 1550.0], [91397.5, 5200.0], [91405.0, 600.0], [91407.5, 2000.0], [91410.0, 600.0], [91412.5, 2000.0], [91415.0, 1550.0], [91417.5, 5000.0], [91420.0, 190.0], [91437.5, 5200.0], [91440.0, 22730.0], [91442.5, 50000.0], [91445.0, 25540.0], [91447.5, 4740.0], [91450.0, 15870.0], [91460.0, 180.0], [91462.5, 600.0], [91465.0, 2000.0], [91480.0, 180.0]]}}}
{"jsonrpc": "2.0", "method": "subscription", "params": {"channel": "book.BTC-19DEC25.none.20.100ms", "data": {"timestamp": 1765171722821, "change_id": 130894098035, "instrument_name": "BTC-19DEC25", "bids": [[91457.5, 6600.0], [91450.0, 1560.0], [91447.5, 5190.0], [91440.0, 1280.0], [91437.5, 2300.0], [91435.0, 2000.0], [91420.0, 600.0], [91417.5, 2000.0], [91407.5, 600.0], [91405.0, 3550.0], [91402.5, 5190.0], [91387.5, 730.0], [91385.0, 2450.0], [91382.5, 1900.0], [91380.0, 6350.0], [91377.5, 600.0], [91375.0, 2000.0], [91360.0, 10.0], [91332.5, 9820.0], [91330.0, 15660.0]], "asks": [[91460.0, 21940.0], [91462.5, 73500.0], [91465.0, 5190.0], [91485.0, 1490.0], [91487.5, 5000.0], [91497.5, 20.0], [91505.0, 1550.0], [91507.5, 5190.0], [91515.0, 10.0], [91517.5, 2000.0], [91520.0, 16060.0], [91545.0, 600.0], [91547.5, 2000.0], [91555.0, 70.0], [91557.5, 40.0], [91575.0, 600.0], [91577.5, 2000.0], [91580.0, 1920.0], [91582.5, 6430.0], [91625.0, 160.0]]}}}
{"jsonrpc": "2.0", "method": "subscription", "params": {"channel": "book.BTC-12DEC25.none.20.100ms", "data": {"timestamp": 1765171723306, "change_id": 130894098626, "instrument_name": "BTC-12DEC25", "bids": [[91387.5, 7000.0], [91385.0, 2080.0], [91382.5, 12000.0], [91380.0, 7380.0], [91377.5, 2000.0], [91375.0, 3380.0], [91372.5, 6620.0], [91370.0, 2390.0], [91367.5, 2000.0], [91365.0, 6000.0], [91360.0, 180.0], [91345.0, 1610.0], [91342.5, 5200.0], [91340.0, 180.0], [91337.5, 900.0], [91335.0, 3000.0], [91330.0, 10.0], [91320.0, 180.0], [91317.5, 330.0], [91315.0, 1100.0]], "asks": [[91392.5, 4910.0], [91395.0, 2670.0], [91397.5, 5200.0], [91405.0, 600.0], [91407.5, 2000.0], [91410.0, 1120.0], [91412.5, 2000.0], [91415.0, 3550.0], [91417.5, 5010.0], [91420.0, 180.0], [91437.5, 5200.0], [91440.0, 22740.0], [91442.5, 50000.0], [91445.0, 25540.0], [91447.5, 4740.0], [91450.0, 15870.0], [91460.0, 180.0], [91462.5, 600.0], [91465.0, 2000.0], [91480.0, 180.0]]}}}
{"jsonrpc": "2.0", "method": "subscription", "params": {"channel": "book.BTC-19DEC25.none.20.100ms", "data": {"timestamp": 1765171723304, "change_id": 130894098605, "instrument_name": "BTC-19DEC25", "bids": [[91457.5, 6600.0], [91450.0, 1560.0], [91447.5, 5190.0], [91445.0, 690.0], [91442.5, 2300.0], [91440.0, 1280.0], [91437.5, 2300.0], [91435.0, 2000.0], [91420.0, 600.0], [91417.5, 2000.0], [91407.5, 600.0], [91405.0, 3550.0], [91402.5, 5190.0], [91387.5, 730.0], [91385.0, 2450.0], [91382.5, 1900.0], [91380.0, 6350.0], [91377.5, 600.0], [91375.0, 2000.0], [91360.0, 10.0]], "asks": [[91460.0, 21940.0], [91462.5, 73500.0], [91465.0, 5190.0], [91485.0, 1490.0], [91487.5, 5000.0], [91497.5, 20.0], [91505.0, 1550.0], [91507.5, 5190.0], [91515.0, 10.0], [91517.5, 6790.0], [91520.0, 16060.0], [91545.0, 600.0], [91547.5, 2000.0], [91555.0, 70.0], [91557.5, 40.0], [91575.0, 600.0], [91577.5, 2000.0], [91580.0, 1920.0], [91582.5, 6430.0], [91625.0, 160.0]]}}}
{"jsonrpc": "2.0", "method": "subscription", "params": {"channel": "book.BTC-12DEC25.none.20.100ms", "data": {"timestamp": 1765171723593, "change_id": 130894098912, "instrument_name": "BTC-12DEC25", "bids": [[91387.5, 7000.0], [91385.0, 2080.0], [91382.5, 12000.0], [91380.0, 5380.0], [91377.5, 2000.0], [91375.0, 3380.0], [91372.5, 6620.0], [91370.0, 2390.0], [91367.5, 2000.0], [91365.0, 6000.0], [91360.0, 180.0], [91345.0, 1610.0], [91342.5, 5200.0], [91340.0, 180.0], [91337.5, 900.0], [91335.0, 3000.0], [91330.0, 10.0], [91320.0, 180.0], [91317.5, 330.0], [91315.0, 1100.0]], "asks": [[91392.5, 5870.0], [91395.0, 1550.0], [91397.5, 5200.0], [91400.0, 600.0], [91402.5, 2000.0], [91405.0, 600.0], [91407.5, 2000.0], [91410.0, 1120.0], [91412.5, 2000.0], [91415.0, 3550.0], [91417.5, 5010.0], [91420.0, 180.0], [91435.0, 1610.0], [91437.5, 5200.0], [91440.0, 22740.0], [91442.5, 50000.0], [91445.0, 25540.0], [91447.5, 4740.0], [91450.0, 15870.0], [91460.0, 180.0]]}}}
{"jsonrpc": "2.0", "method": "subscription", "params": {"channel": "book.BTC-19DEC25.none.20.100ms", "data": {"timestamp": 1765171723430, "change_id": 130894098714, "instrument_name": "BTC-19DEC25", "bids": [[91457.5, 7000.0], [91452.5, 2300.0], [91450.0, 1560.0], [91447.5, 5190.0], [91445.0, 690.0], [91442.5, 2300.0], [91440.0, 1280.0], [91437.5, 2300.0], [91435.0, 2000.0], [91420.0, 600.0], [91417.5, 2000.0], [91407.5, 600.0], [91405.0, 3550.0], [91402.5, 5190.0], [91387.5, 730.0], [91385.0, 2450.0], [91382.5, 1900.0], [91380.0, 6350.0], [91377.5, 600.0], [91375.0, 2000.0]], "asks": [[91460.0, 21940.0], [91462.5, 73500.0], [91465.0, 5190.0], [91485.0, 1490.0], [91487.5, 5000.0], [91497.5, 20.0], [91505.0, 1550.0], [91507.5, 5190.0], [91515.0, 10.0], [91517.5, 6790.0], [91520.0, 16060.0], [91545.0, 600.0], [91547.5, 2000.0], [91555.0, 70.0], [91557.5, 40.0], [91575.0, 600.0], [91577.5, 2000.0], [91580.0, 1920.0], [91582.5, 6430.0], [91625.0, 160.0]]}}}
{"jsonrpc": "2.0", "method": "subscription", "params": {"channel": "book.BTC-19DEC25.none.20.100ms", "data": {"timestamp": 1765171723975, "change_id": 130894099262, "instrument_name": "BTC-19DEC25", "bids": [[91457.5, 5000.0], [91452.5, 2300.0], [91450.0, 1560.0], [91447.5, 5190.0], [91445.0, 690.0], [91442.5, 2300.0], [91440.0, 1280.0], [91437.5, 2300.0], [91435.0, 2000.0], [91420.0, 600.0], [91417.5, 2000.0], [91407.5, 600.0], [91405.0, 3550.0], [91402.5, 5190.0], [91387.5, 730.0], [91385.0, 2450.0], [91382.5, 1900.0], [91380.0, 6350.0], [91377.5, 600.0], [91375.0, 2000.0]], "asks": [[91460.0, 21940.0], [91462.5, 73500.0], [91465.0, 5190.0], [91485.0, 1490.0], [91487.5, 5000.0], [91497.5, 20.0], [91505.0, 1550.0], [91507.5, 5190.0], [91515.0, 10.0], [91517.5, 6790.0], [91520.0, 16060.0], [91545.0, 600.0], [91547.5, 2000.0], [91555.0, 70.0], [91557.5, 40.0], [91575.0, 600.0], [91577.5, 2000.0], [91580.0, 1920.0], [91582.5, 6430.0], [91625.0, 160.0]]}}}
{"jsonrpc": "2.0", "method": "subscription", "params": {"channel": "book.BTC-12DEC25.none.20.100ms", "data": {"timestamp": 1765171724315, "change_id": 130894099827, "instrument_name": "BTC-12DEC25", "bids": [[91387.5, 7000.0], [91385.0, 2080.0], [91382.5, 12000.0], [91380.0, 5380.0], [91377.5, 2000.0], [91375.0, 3380.0], [91372.5, 6620.0], [91370.0, 2390.0], [91367.5, 2000.0], [91365.0, 6000.0], [91360.0, 180.0], [91345.0, 1610.0], [91342.5, 5200.0], [91340.0, 180.0], [91337.5, 900.0], [91335.0, 3000.0], [91320.0, 180.0], [91317.5, 330.0], [91315.0, 1100.0], [91307.5, 900.0]], "asks": [[91392.5, 5870.0], [91395.0, 1550.0], [91397.5, 5200.0], [91400.0, 600.0], [91402.5, 2000.0], [91405.0, 600.0], [91407.5, 2000.0], [91410.0, 1120.0], [91412.5, 2000.0], [91415.0, 3550.0], [91417.5, 5010.0], [91420.0, 180.0], [91435.0, 1610.0], [91437.5, 5200.0], [91440.0, 22730.0], [91442.5, 50000.0], [91445.0, 25540.0], [91447.5, 4740.0], [91450.0, 15870.0], [91460.0, 180.0]]}}}
{"jsonrpc": "2.0", "method": "subscription", "params": {"channel": "book.BTC-19DEC25.none.20.100ms", "data": {"timestamp": 1765171724108, "change_id": 130894099574, "instrument_name": "BTC-19DEC25", "bids": [[91457.5, 5000.0], [91452.5, 2300.0], [91450.0, 10.0], [91447.5, 5190.0], [91445.0, 690.0], [91442.5, 2300.0], [91440.0, 1280.0], [91437.5, 2300.0], [91435.0, 2000.0], [91420.0, 600.0], [91417.5, 2000.0], [91407.5, 600.0], [91405.0, 3550.0], [91402.5, 5190.0], [91387.5, 730.0], [91385.0, 2450.0], [91382.5, 1900.0], [91380.0, 6350.0], [91377.5, 600.0], [91375.0, 2000.0]], "asks": [[91460.0, 21940.0], [91462.5, 73500.0], [91465.0, 5190.0], [91485.0, 1490.0], [91487.5, 5000.0], [91497.5, 20.0], [91505.0, 1550.0], [91507.5, 5190.0], [91515.0, 10.0], [91517.5, 6790.0], [91520.0, 16060.0], [91545.0, 600.0], [91547.5, 2000.0], [91555.0, 70.0], [91557.5, 40.0], [91575.0, 600.0], [91577.5, 2000.0], [91580.0, 1920.0], [91582.5, 6430.0], [91625.0, 160.0]]}}}
{"jsonrpc": "2.0", "method": "subscription", "params": {"channel": "book.BTC-19DEC25.none.20.100ms", "data": {"timestamp": 1765171724562, "change_id": 130894100033, "instrument_name": "BTC-19DEC25", "bids": [[91457.5, 5000.0], [91452.5, 2300.0], [91450.0, 1560.0], [91447.5, 5190.0], [91445.0, 690.0], [91442.5, 2300.0], [91440.0, 1280.0], [91437.5, 2300.0], [91435.0, 2000.0], [91420.0, 600.0], [91417.5, 2000.0], [91407.5, 600.0], [91405.0, 3550.0], [91402.5, 5190.0], [91387.5, 730.0], [91385.0, 2450.0], [91382.5, 1900.0], [91380.0, 6350.0], [91377.5, 600.0], [91375.0, 2000.0]], "asks": [[91460.0, 21940.0], [91462.5, 51550.0], [91465.0, 5190.0], [91485.0, 1490.0], [91487.5, 5000.0], [91497.5, 20.0], [91505.0, 1550.0], [91507.5, 5190.0], [91515.0, 10.0], [91517.5, 6790.0], [91520.0, 16060.0], [91545.0, 600.0], [91547.5, 2000.0], [91555.0, 70.0], [91557.5, 40.0], [91575.0, 600.0], [91577.5, 2000.0], [91580.0, 1920.0], [91582.5, 6430.0], [91625.0, 160.0]]}}}
{"jsonrpc": "2.0", "method": "subscription", "params": {"channel": "book.BTC-19DEC25.none.20.100ms", "data": {"timestamp": 1765171724881, "change_id": 130894100240, "instrument_name": "BTC-19DEC25", "bids": [[91457.5, 5000.0], [91452.5, 2310.0], [91450.0, 1550.0], [91447.5, 5190.0], [91445.0, 690.0], [91442.5, 2300.0], [91440.0, 1280.0], [91437.5, 2300.0], [91435.0, 2000.0], [91420.0, 600.0], [91417.5, 2000.0], [91407.5, 600.0], [91405.0, 3550.0], [91402.5, 5190.0], [91387.5, 730.0], [91385.0, 2450.0], [91382.5, 1900.0], [91380.0, 6350.0], [91377.5, 600.0], [91375.0, 2000.0]], "asks": [[91460.0, 21940.0], [91462.5, 1550.0], [91465.0, 5190.0], [91485.0, 1490.0], [91487.5, 5000.0], [91497.5, 20.0], [91505.0, 1550.0], [91507.5, 5190.0], [91515.0, 10.0], [91517.5, 6790.0], [91520.0, 66060.0], [91545.0, 600.0], [91547.5, 2000.0], [91555.0, 70.0], [91557.5, 40.0], [91575.0, 600.0], [91577.5, 2000.0], [91580.0, 1920.0], [91582.5, 6430.0], [91625.0, 160.0]]}}}
{"jsonrpc": "2.0", "method": "subscription", "params": {"channel": "book.BTC-12DEC25.none.20.100ms", "data": {"timestamp": 1765171725256, "change_id": 130894100671, "instrument_name": "BTC-12DEC25", "bids": [[91390.0, 2000.0], [91387.5, 7000.0], [91385.0, 2080.0], [91382.5, 12000.0], [91380.0, 5380.0], [91377.5, 2000.0], [91375.0, 3380.0], [91372.5, 6620.0], [91370.0, 2390.0], [91367.5, 2000.0], [91365.0, 6000.0], [91360.0, 180.0], [91345.0, 1610.0], [91342.5, 5200.0], [91340.0, 180.0], [91337.5, 900.0], [91335.0, 3000.0], [91330.0, 10.0], [91320.0, 180.0], [91317.5, 330.0]], "asks": [[91392.5, 5870.0], [91395.0, 1550.0], [91397.5, 5200.0], [91400.0, 600.0], [91402.5, 2000.0], [91405.0, 600.0], [91407.5, 2000.0], [91410.0, 1120.0], [91412.5, 2000.0], [91415.0, 3550.0], [91417.5, 5010.0], [91420.0, 180.0], [91435.0, 1610.0], [91437.5, 5210.0], [91440.0, 22730.0], [91442.5, 50000.0], [91445.0, 25540.0], [91447.5, 4740.0], [91450.0, 15870.0], [91460.0, 180.0]]}}}
{"jsonrpc": "2.0", "method": "subscription", "params": {"channel": "book.BTC-19DEC25.none.20.100ms", "data": {"timestamp": 1765171725138, "change_id": 130894100639, "instrument_name": "BTC-19DEC25", "bids": [[91457.5, 5000.0], [91452.5, 2300.0], [91450.0, 1560.0], [91447.5, 5190.0], [91445.0, 690.0], [91442.5, 2300.0], [91440.0, 1280.0], [91437.5, 2300.0], [91435.0, 2000.0], [91420.0, 600.0], [91417.5, 2000.0], [91407.5, 600.0], [91405.0, 3550.0], [91402.5, 5190.0], [91387.5, 730.0], [91385.0, 2450.0], [91382.5, 1900.0], [91380.0, 6350.0], [91377.5, 600.0], [91375.0, 2000.0]], "asks": [[91460.0, 43890.0], [91462.5, 51550.0], [91465.0, 5190.0], [91485.0, 1490.0], [91487.5, 5000.0], [91497.5, 20.0], [91505.0, 1550.0], [91507.5, 5190.0], [91515.0, 10.0], [91517.5, 6790.0], [91520.0, 16060.0], [91545.0, 600.0], [91547.5, 2000.0], [91555.0, 70.0], [91557.5, 40.0], [91575.0, 600.0], [91577.5, 2000.0], [91580.0, 1920.0], [91582.5, 6430.0], [91625.0, 160.0]]}}}
{"jsonrpc": "2.0", "method": "subscription", "params": {"channel": "book.BTC-19DEC25.none.20.100ms", "data": {"timestamp": 1765171725408, "change_id": 130894100866, "instrument_name": "BTC-19DEC25", "bids": [[91457.5, 7100.0], [91452.5, 2300.0], [91450.0, 1560.0], [91447.5, 5190.0], [91445.0, 690.0], [91442.5, 2300.0], [91440.0, 1280.0], [91437.5, 2300.0], [91435.0, 2000.0], [91420.0, 600.0], [91417.5, 2000.0], [91407.5, 600.0], [91405.0, 3550.0], [91402.5, 5190.0], [91387.5, 730.0], [91385.0, 2450.0], [91382.5, 1900.0], [91380.0, 6350.0], [91377.5, 600.0], [91375.0, 2000.0]], "asks": [[91460.0, 43890.0], [91462.5, 51550.0], [91465.0, 5190.0], [91485.0, 1490.0], [91487.5, 5000.0], [91497.5, 20.0], [91505.0, 1550.0], [91507.5, 5190.0], [91515.0, 10.0], [91517.5, 6790.0], [91520.0, 16060.0], [91545.0, 600.0], [91547.5, 2000.0], [91555.0, 70.0], [91557.5, 40.0], [91575.0, 600.0], [91577.5, 2000.0], [91580.0, 1920.0], [91582.5, 6430.0], [91625.0, 160.0]]}}}
{"jsonrpc": "2.0", "method": "subscription", "params": {"channel": "book.BTC-19DEC25.none.20.100ms", "data": {"timestamp": 1765171725980, "change_id": 130894101290, "instrument_name": "BTC-19DEC25", "bids": [[91457.5, 7100.0], [91452.5, 2310.0], [91450.0, 1550.0], [91447.5, 5190.0], [91445.0, 690.0], [91442.5, 2300.0], [91440.0, 1280.0], [91437.5, 2300.0], [91435.0, 2000.0], [91420.0, 600.0], [91417.5, 2000.0], [91407.5, 600.0], [91405.0, 3550.0], [91402.5, 5190.0], [91387.5, 730.0], [91385.0, 2450.0], [91382.5, 1900.0], [91380.0, 6350.0], [91377.5, 600.0], [91375.0, 2000.0]], "asks": [[91460.0, 43890.0], [91462.5, 51550.0], [91465.0, 5190.0], [91485.0, 1490.0], [91487.5, 5000.0], [91497.5, 20.0], [91505.0, 1550.0], [91507.5, 5190.0], [91515.0, 10.0], [91517.5, 6790.0], [91520.0, 16060.0], [91545.0, 600.0], [91547.5, 2000.0], [91555.0, 70.0], [91557.5, 40.0], [91575.0, 600.0], [91577.5, 2000.0], [91580.0, 1920.0], [91582.5, 6430.0], [91625.0, 160.0]]}}}
{"jsonrpc": "2.0", "method": "subscription", "params": {"channel": "book.BTC-12DEC25.none.20.100ms", "data": {"timestamp": 1765171726277, "change_id": 130894101717, "instrument_name": "BTC-12DEC25", "bids": [[91390.0, 2000.0], [91387.5, 7000.0], [91385.0, 2080.0], [91382.5, 12000.0], [91380.0, 5380.0], [91377.5, 2000.0], [91375.0, 3380.0], [91372.5, 6620.0], [91370.0, 2390.0], [91367.5, 2000.0], [91365.0, 6000.0], [91360.0, 180.0], [91345.0, 1610.0], [91342.5, 5200.0], [91340.0, 180.0], [91337.5, 900.0], [91335.0, 3000.0], [91320.0, 180.0], [91317.5, 330.0], [91315.0, 1100.0]], "asks": [[91392.5, 5870.0], [91395.0, 1550.0], [91397.5, 5200.0], [91400.0, 600.0], [91402.5, 2000.0], [91405.0, 600.0], [91407.5, 2000.0], [91410.0, 1120.0], [91412.5, 2000.0], [91415.0, 3550.0], [91417.5, 5010.0], [91420.0, 180.0], [91435.0, 1610.0], [91437.5, 5210.0], [91440.0, 22730.0], [91442.5, 50000.0], [91445.0, 25540.0], [91447.5, 4740.0], [91450.0, 15870.0], [91460.0, 180.0]]}}}
{"jsonrpc": "2.0", "method": "subscription", "params": {"channel": "book.BTC-19DEC25.none.20.100ms", "data": {"timestamp": 1765171726274, "change_id": 130894101716, "instrument_name": "BTC-19DEC25", "bids": [[91457.5, 7100.0], [91452.5, 2300.0], [91450.0, 1560.0], [91447.5, 5190.0], [91445.0, 690.0], [91442.5, 2300.0], [91440.0, 1280.0], [91437.5, 2300.0], [91435.0, 2000.0], [91420.0, 600.0], [91417.5, 2000.0], [91407.5, 600.0], [91405.0, 3550.0], [91402.5, 5190.0], [91387.5, 730.0], [91385.0, 2450.0], [91382.5, 1900.0], [91380.0, 6350.0], [91377.5, 600.0], [91375.0, 2000.0]], "asks": [[91460.0, 43890.0], [91462.5, 51550.0], [91465.0, 5190.0], [91485.0, 1490.0], [91487.5, 5000.0], [91497.5, 20.0], [91505.0, 1550.0], [91507.5, 5190.0], [91515.0, 10.0], [91517.5, 6790.0], [91520.0, 16060.0], [91545.0, 600.0], [91547.5, 2000.0], [91555.0, 70.0], [91557.5, 40.0], [91575.0, 600.0], [91577.5, 2000.0], [91580.0, 1920.0], [91582.5, 6430.0], [91625.0, 160.0]]}}}
{"jsonrpc": "2.0", "method": "subscription", "params": {"channel": "book.BTC-12DEC25.none.20.100ms", "data": {"timestamp": 1765171726476, "change_id": 130894101879, "instrument_name": "BTC-12DEC25", "bids": [[91390.0, 2000.0], [91387.5, 7000.0], [91385.0, 2080.0], [91382.5, 12000.0], [91380.0, 5380.0], [91377.5, 2000.0], [91375.0, 3380.0], [91372.5, 6620.0], [91370.0, 2390.0], [91367.5, 2000.0], [91365.0, 6000.0], [91360.0, 180.0], [91345.0, 1610.0], [91342.5, 5200.0], [91340.0, 180.0], [91337.5, 900.0], [91335.0, 3000.0], [91320.0, 180.0], [91317.5, 330.0], [91315.0, 1100.0]], "asks": [[91392.5, 5870.0], [91395.0, 1550.0], [91397.5, 5200.0], [91400.0, 600.0], [91402.5, 2000.0], [91405.0, 600.0], [91407.5, 2000.0], [91410.0, 1120.0], [91412.5, 2000.0], [91415.0, 3550.0], [91417.5, 5010.0], [91420.0, 180.0], [91435.0, 1610.0], [91437.5, 5200.0], [91440.0, 22730.0], [91442.5, 50000.0], [91445.0, 25540.0], [91447.5, 4740.0], [91450.0, 15870.0], [91460.0, 180.0]]}}}
{"jsonrpc": "2.0", "method": "subscription", "params": {"channel": "book.BTC-19DEC25.none.20.100ms", "data": {"timestamp": 1765171726593, "change_id": 130894102038, "instrument_name": "BTC-19DEC25", "bids": [[91457.5, 7100.0], [91452.5, 2300.0], [91450.0, 1560.0], [91447.5, 5190.0], [91445.0, 690.0], [91442.5, 2300.0], [91440.0, 1280.0], [91437.5, 2300.0], [91435.0, 2000.0], [91420.0, 600.0], [91417.5, 2000.0], [91407.5, 600.0], [91405.0, 3550.0], [91402.5, 5190.0], [91387.5, 730.0], [91385.0, 2450.0], [91382.5, 1900.0], [91380.0, 6350.0], [91377.5, 600.0], [91375.0, 2000.0]], "asks": [[91460.0, 43890.0], [91462.5, 51550.0], [91465.0, 5190.0], [91485.0, 1490.0], [91487.5, 5000.0], [91497.5, 20.0], [91505.0, 1550.0], [91507.5, 5190.0], [91515.0, 10.0], [91517.5, 6790.0], [91520.0, 16060.0], [91545.0, 600.0], [91547.5, 2000.0], [91555.0, 70.0], [91557.5, 40.0], [91575.0, 600.0], [91577.5, 2000.0], [91580.0, 1920.0], [91582.5, 6430.0], [91625.0, 160.0]]}}}
{"jsonrpc": "2.0", "method": "subscription", "params": {"channel": "book.BTC-19DEC25.none.20.100ms", "data": {"timestamp": 1765171726872, "change_id": 130894102201, "instrument_name": "BTC-19DEC25", "bids": [[91457.5, 7100.0], [91452.5, 2310.0], [91450.0, 1550.0], [91447.5, 5190.0], [91445.0, 690.0], [91442.5, 2300.0], [91440.0, 1280.0], [91437.5, 2300.0], [91435.0, 2000.0], [91420.0, 600.0], [91417.5, 2000.0], [91407.5, 600.0], [91405.0, 3550.0], [91402.5, 5190.0], [91387.5, 730.0], [91385.0, 2450.0], [91382.5, 1900.0], [91380.0, 6350.0], [91377.5, 600.0], [91375.0, 2000.0]], "asks": [[91460.0, 43890.0], [91462.5, 51550.0], [91465.0, 5190.0], [91485.0, 1490.0], [91487.5, 5000.0], [91497.5, 20.0], [91505.0, 1550.0], [91507.5, 5190.0], [91515.0, 10.0], [91517.5, 6790.0], [91520.0, 16060.0], [91545.0, 600.0], [91547.5, 2000.0], [91555.0, 70.0], [91557.5, 40.0], [91575.0, 600.0], [91577.5, 2000.0], [91580.0, 1920.0], [91582.5, 6430.0], [91625.0, 160.0]]}}}
{"jsonrpc": "2.0", "method": "subscription", "params": {"channel": "book.BTC-12DEC25.none.20.100ms", "data": {"timestamp": 1765171727254, "change_id": 130894102610, "instrument_name": "BTC-12DEC25", "bids": [[91390.0, 2000.0], [91387.5, 7000.0], [91385.0, 2080.0], [91382.5, 12000.0], [91380.0, 5380.0], [91377.5, 2000.0], [91375.0, 3380.0], [91372.5, 6620.0], [91370.0, 2390.0], [91367.5, 2000.0], [91365.0, 6000.0], [91360.0, 180.0], [91345.0, 1610.0], [91342.5, 5200.0], [91340.0, 180.0], [91337.5, 900.0], [91335.0, 3000.0], [91320.0, 180.0], [91317.5, 330.0], [91315.0, 1100.0]], "asks": [[91392.5, 5870.0], [91395.0, 1550.0], [91397.5, 5200.0], [91400.0, 600.0], [91402.5, 2000.0], [91405.0, 600.0], [91407.5, 2000.0], [91410.0, 1120.0], [91412.5, 2000.0], [91415.0, 3550.0], [91417.5, 5000.0], [91420.0, 190.0], [91435.0, 1610.0], [91437.5, 5200.0], [91440.0, 22730.0], [91442.5, 50000.0], [91445.0, 25540.0], [91447.5, 4740.0], [91450.0, 15870.0], [91460.0, 180.0]]}}}
{"jsonrpc": "2.0", "method": "subscription", "params": {"channel": "book.BTC-19DEC25.none.20.100ms", "data": {"timestamp": 1765171727259, "change_id": 130894102613, "instrument_name": "BTC-19DEC25", "bids": [[91457.5, 7100.0], [91452.5, 2310.0], [91450.0, 1550.0], [91447.5, 5190.0], [91445.0, 690.0], [91442.5, 2300.0], [91440.0, 1280.0], [91437.5, 2300.0], [91435.0, 2000.0], [91420.0, 600.0], [91417.5, 2000.0], [91407.5, 600.0], [91405.0, 3550.0], [91402.5, 5190.0], [91387.5, 730.0], [91385.0, 2450.0], [91382.5, 1900.0], [91380.0, 6350.0], [91377.5, 600.0], [91375.0, 2000.0]], "asks": [[91460.0, 43890.0], [91462.5, 51550.0], [91465.0, 5190.0], [91485.0, 1490.0], [91487.5, 5000.0], [91497.5, 20.0], [91505.0, 1550.0], [91507.5, 5190.0], [91515.0, 10.0], [91517.5, 6790.0], [91520.0, 16060.0], [91545.0, 600.0], [91547.5, 2000.0], [91555.0, 70.0], [91557.5, 40.0], [91575.0, 600.0], [91577.5, 2000.0], [91580.0, 1920.0], [91582.5, 6430.0], [91625.0, 160.0]]}}}
{"jsonrpc": "2.0", "method": "subscription", "params": {"channel": "book.BTC-12DEC25.none.20.100ms", "data": {"timestamp": 1765171727626, "change_id": 130894103032, "instrument_name": "BTC-12DEC25", "bids": [[91390.0, 2000.0], [91387.5, 7000.0], [91385.0, 2080.0], [91382.5, 12000.0], [91380.0, 5380.0], [91377.5, 2000.0], [91375.0, 3380.0], [91372.5, 6620.0], [91370.0, 2390.0], [91367.5, 2000.0], [91365.0, 6000.0], [91360.0, 180.0], [91345.0, 1610.0], [91342.5, 5200.0], [91340.0, 180.0], [91337.5, 900.0], [91335.0, 3000.0], [91320.0, 180.0], [91317.5, 330.0], [91315.0, 1100.0]], "asks": [[91392.5, 5870.0], [91395.0, 1550.0], [91397.5, 5200.0], [91400.0, 600.0], [91402.5, 2000.0], [91405.0, 600.0], [91407.5, 2000.0], [91410.0, 1120.0], [91412.5, 2000.0], [91415.0, 3550.0], [91417.5, 5010.0], [91420.0, 180.0], [91435.0, 1610.0], [91437.5, 5200.0], [91440.0, 22730.0], [91442.5, 50000.0], [91445.0, 25540.0], [91447.5, 4740.0], [91450.0, 15870.0], [91460.0, 180.0]]}}}
{"jsonrpc": "2.0", "method": "subscription", "params": {"channel": "book.BTC-19DEC25.none.20.100ms", "data": {"timestamp": 1765171727603, "change_id": 130894103030, "instrument_name": "BTC-19DEC25", "bids": [[91457.5, 7100.0], [91452.5, 2300.0], [91450.0, 1560.0], [91447.5, 5190.0], [91445.0, 690.0], [91442.5, 2300.0], [91440.0, 1280.0], [91437.5, 2300.0], [91435.0, 2000.0], [91420.0, 600.0], [91417.5, 2000.0], [91407.5, 600.0], [91405.0, 3550.0], [91402.5, 5190.0], [91387.5, 730.0], [91385.0, 2450.0], [91382.5, 1900.0], [91380.0, 6350.0], [91377.5, 600.0], [91375.0, 2000.0]], "asks": [[91460.0, 43890.0], [91462.5, 51550.0], [91465.0, 5190.0], [91485.0, 1490.0], [91487.5, 5000.0], [91497.5, 20.0], [91505.0, 1550.0], [91507.5, 5190.0], [91515.0, 10.0], [91517.5, 6790.0], [91520.0, 16060.0], [91545.0, 600.0], [91547.5, 2000.0], [91555.0, 70.0], [91557.5, 40.0], [91575.0, 600.0], [91577.5, 2000.0], [91580.0, 1920.0], [91582.5, 6430.0], [91625.0, 160.0]]}}}
{"jsonrpc": "2.0", "method": "subscription", "params": {"channel": "book.BTC-12DEC25.none.20.100ms", "data": {"timestamp": 1765171727871, "change_id": 130894103212, "instrument_name": "BTC-12DEC25", "bids": [[91390.0, 2000.0], [91387.5, 7000.0], [91385.0, 2080.0], [91382.5, 12000.0], [91380.0, 5380.0], [91377.5, 2000.0], [91375.0, 3380.0], [91372.5, 6620.0], [91370.0, 2390.0], [91367.5, 2000.0], [91365.0, 6000.0], [91360.0, 180.0], [91345.0, 1610.0], [91342.5, 5200.0], [91340.0, 180.0], [91337.5, 900.0], [91335.0, 3000.0], [91320.0, 180.0], [91317.5, 330.0], [91315.0, 1100.0]], "asks": [[91392.5, 5870.0], [91395.0, 1550.0], [91397.5, 5200.0], [91400.0, 600.0], [91402.5, 2000.0], [91405.0, 600.0], [91407.5, 2000.0], [91410.0, 1120.0], [91412.5, 2000.0], [91415.0, 3550.0], [91417.5, 5010.0], [91420.0, 180.0], [91435.0, 1610.0], [91437.5, 5200.0], [91440.0, 22730.0], [91442.5, 50000.0], [91445.0, 25540.0], [91447.5, 4740.0], [91450.0, 15870.0], [91460.0, 180.0]]}}}
{"jsonrpc": "2.0", "method": "subscription", "params": {"channel": "book.BTC-19DEC25.none.20.100ms", "data": {"timestamp": 1765171727876, "change_id": 130894103213, "instrument_name": "BTC-19DEC25", "bids": [[91457.5, 7100.0], [91452.5, 2300.0], [91450.0, 1560.0], [91447.5, 5190.0], [91445.0, 690.0], [91442.5, 2300.0], [91440.0, 1280.0], [91437.5, 2300.0], [91435.0, 2000.0], [91420.0, 600.0], [91417.5, 2000.0], [91407.5, 600.0], [91405.0, 3550.0], [91402.5, 5190.0], [91387.5, 730.0], [91385.0, 2450.0], [91382.5, 1900.0], [91380.0, 6350.0], [91377.5, 600.0], [91375.0, 2000.0]], "asks": [[91460.0, 43890.0], [91462.5, 51550.0], [91465.0, 5190.0], [91485.0, 1490.0], [91487.5, 5000.0], [91497.5, 20.0], [91505.0, 1550.0], [91507.5, 5190.0], [91515.0, 10.0], [91517.5, 6790.0], [91520.0, 16060.0], [91545.0, 600.0], [91547.5, 2000.0], [91555.0, 70.0], [91557.5, 40.0], [91575.0, 600.0], [91577.5, 2000.0], [91580.0, 1920.0], [91582.5, 6430.0], [91625.0, 160.0]]}}}
{"jsonrpc": "2.0", "method": "subscription", "params": {"channel": "book.BTC-12DEC25.none.20.100ms", "data": {"timestamp": 1765171728098, "change_id": 130894103570, "instrument_name": "BTC-12DEC25", "bids": [[91387.5, 5000.0], [91385.0, 2080.0], [91382.5, 12000.0], [91380.0, 5380.0], [91377.5, 2000.0], [91375.0, 3380.0], [91372.5, 6620.0], [91370.0, 2390.0], [91367.5, 2000.0], [91365.0, 6000.0], [91360.0, 180.0], [91345.0, 1610.0], [91342.5, 5200.0], [91340.0, 180.0], [91337.5, 900.0], [91335.0, 3000.0], [91330.0, 10.0], [91320.0, 180.0], [91317.5, 330.0], [91315.0, 1100.0]], "asks": [[91392.5, 5870.0], [91395.0, 1550.0], [91397.5, 5200.0], [91400.0, 600.0], [91402.5, 2000.0], [91405.0, 600.0], [91407.5, 2000.0], [91410.0, 1120.0], [91412.5, 2000.0], [91415.0, 3550.0], [91417.5, 5010.0], [91420.0, 180.0], [91435.0, 1610.0], [91437.5, 5200.0], [91440.0, 22740.0], [91442.5, 50000.0], [91445.0, 25540.0], [91447.5, 4740.0], [91450.0, 15870.0], [91460.0, 180.0]]}}}
{"jsonrpc": "2.0", "method": "subscription", "params": {"channel": "book.BTC-19DEC25.none.20.100ms", "data": {"timestamp": 1765171728112, "change_id": 130894103573, "instrument_name": "BTC-19DEC25", "bids": [[91457.5, 5000.0], [91452.5, 2300.0], [91450.0, 10.0], [91447.5, 5190.0], [91440.0, 1280.0], [91437.5, 2300.0], [91435.0, 2000.0], [91420.0, 600.0], [91417.5, 2000.0], [91407.5, 600.0], [91405.0, 3550.0], [91402.5, 5190.0], [91387.5, 730.0], [91385.0, 2450.0], [91382.5, 1900.0], [91380.0, 6350.0], [91377.5, 600.0], [91375.0, 2000.0], [91360.0, 10.0], [91332.5, 9820.0]], "asks": [[91460.0, 43890.0], [91462.5, 51550.0], [91465.0, 5190.0], [91485.0, 1490.0], [91487.5, 5000.0], [91497.5, 20.0], [91505.0, 1550.0], [91507.5, 5190.0], [91515.0, 10.0], [91517.5, 6790.0], [91520.0, 16060.0], [91545.0, 600.0], [91547.5, 2000.0], [91555.0, 70.0], [91557.5, 40.0], [91575.0, 600.0], [91577.5, 2000.0], [91580.0, 1920.0], [91582.5, 6430.0], [91625.0, 160.0]]}}}
{"jsonrpc": "2.0", "method": "subscription", "params": {"channel": "book.BTC-12DEC25.none.20.100ms", "data": {"timestamp": 1765171728524, "change_id": 130894104053, "instrument_name": "BTC-12DEC25", "bids": [[91387.5, 7000.0], [91385.0, 2080.0], [91382.5, 12000.0], [91380.0, 5380.0], [91377.5, 2000.0], [91375.0, 2000.0], [91372.5, 6620.0], [91370.0, 2390.0], [91367.5, 2000.0], [91365.0, 6000.0], [91360.0, 180.0], [91345.0, 1610.0], [91342.5, 5200.0], [91340.0, 180.0], [91337.5, 900.0], [91335.0, 3000.0], [91330.0, 10.0], [91320.0, 180.0], [91317.5, 330.0], [91315.0, 1100.0]], "asks": [[91392.5, 5870.0], [91395.0, 1550.0], [91397.5, 5200.0], [91400.0, 600.0], [91402.5, 2000.0], [91405.0, 600.0], [91407.5, 2000.0], [91410.0, 1120.0], [91412.5, 2000.0], [91415.0, 3550.0], [91417.5, 5010.0], [91420.0, 180.0], [91435.0, 1610.0], [91437.5, 5200.0], [91440.0, 22740.0], [91442.5, 50000.0], [91445.0, 25540.0], [91447.5, 4740.0], [91450.0, 15870.0], [91460.0, 180.0]]}}}
{"jsonrpc": "2.0", "method": "subscription", "params": {"channel": "book.BTC-19DEC25.none.20.100ms", "data": {"timestamp": 1765171728512, "change_id": 130894104050, "instrument_name": "BTC-19DEC25", "bids": [[91457.5, 5000.0], [91452.5, 10.0], [91450.0, 2300.0], [91447.5, 5190.0], [91440.0, 1280.0], [91437.5, 2300.0], [91435.0, 2000.0], [91420.0, 600.0], [91417.5, 2000.0], [91407.5, 600.0], [91405.0, 3550.0], [91402.5, 5190.0], [91387.5, 730.0], [91385.0, 2450.0], [91382.5, 1900.0], [91380.0, 6350.0], [91377.5, 600.0], [91375.0, 2000.0], [91360.0, 10.0], [91332.5, 9820.0]], "asks": [[91460.0, 21940.0], [91462.5, 1550.0], [91465.0, 5190.0], [91485.0, 1490.0], [91487.5, 5000.0], [91497.5, 20.0], [91505.0, 1550.0], [91507.5, 5190.0], [91515.0, 10.0], [91517.5, 6790.0], [91520.0, 66060.0], [91545.0, 600.0], [91547.5, 2000.0], [91555.0, 70.0], [91557.5, 40.0], [91575.0, 600.0], [91577.5, 2000.0], [91580.0, 1920.0], [91582.5, 6430.0], [91625.0, 160.0]]}}}
{"jsonrpc": "2.0", "method": "subscription", "params": {"channel": "book.BTC-12DEC25.none.20.100ms", "data": {"timestamp": 1765171728683, "change_id": 130894104125, "instrument_name": "BTC-12DEC25", "bids": [[91387.5, 7000.0], [91385.0, 2080.0], [91382.5, 12000.0], [91380.0, 5380.0], [91375.0, 2000.0], [91372.5, 6620.0], [91370.0, 2390.0], [91367.5, 2000.0], [91365.0, 6000.0], [91360.0, 180.0], [91345.0, 1610.0], [91342.5, 5200.0], [91340.0, 180.0], [91337.5, 900.0], [91335.0, 3000.0], [91330.0, 10.0], [91320.0, 180.0], [91317.5, 330.0], [91315.0, 1100.0], [91307.5, 900.0]], "asks": [[91392.5, 5870.0], [91395.0, 1550.0], [91397.5, 5200.0], [91400.0, 600.0], [91402.5, 2000.0], [91405.0, 600.0], [91407.5, 2000.0], [91410.0, 1120.0], [91412.5, 2000.0], [91415.0, 3550.0], [91417.5, 5010.0], [91420.0, 180.0], [91435.0, 1610.0], [91437.5, 5200.0], [91440.0, 22740.0], [91442.5, 50000.0], [91445.0, 25540.0], [91447.5, 4740.0], [91450.0, 15870.0], [91460.0, 180.0]]}}}
{"jsonrpc": "2.0", "method": "subscription", "params": {"channel": "book.BTC-19DEC25.none.20.100ms", "data": {"timestamp": 1765171728698, "change_id": 130894104135, "instrument_name": "BTC-19DEC25", "bids": [[91457.5, 5000.0], [91452.5, 10.0], [91450.0, 2300.0], [91447.5, 5190.0], [91445.0, 690.0], [91442.5, 2300.0], [91440.0, 1280.0], [91437.5, 2300.0], [91435.0, 2000.0], [91420.0, 600.0], [91417.5, 2000.0], [91407.5, 600.0], [91405.0, 3550.0], [91402.5, 5190.0], [91387.5, 730.0], [91385.0, 2450.0], [91382.5, 1900.0], [91380.0, 6350.0], [91377.5, 600.0], [91375.0, 2000.0]], "asks": [[91460.0, 21940.0], [91462.5, 1550.0], [91465.0, 5190.0], [91485.0, 1490.0], [91487.5, 5000.0], [91497.5, 20.0], [91505.0, 1550.0], [91507.5, 5190.0], [91515.0, 10.0], [91517.5, 6790.0], [91520.0, 66060.0], [91545.0, 600.0], [91547.5, 2000.0], [91555.0, 70.0], [91557.5, 40.0], [91575.0, 600.0], [91577.5, 2000.0], [91580.0, 1920.0], [91582.5, 6430.0], [91625.0, 160.0]]}}}
{"jsonrpc": "2.0", "method": "subscription", "params": {"channel": "book.BTC-12DEC25.none.20.100ms", "data": {"timestamp": 1765171729237, "change_id": 130894104759, "instrument_name": "BTC-12DEC25", "bids": [[91387.5, 7000.0], [91385.0, 2080.0], [91382.5, 12000.0], [91380.0, 5380.0], [91375.0, 2000.0], [91372.5, 6620.0], [91370.0, 2390.0], [91367.5, 2000.0], [91365.0, 6000.0], [91360.0, 180.0], [91345.0, 1610.0], [91342.5, 5200.0], [91340.0, 180.0], [91337.5, 900.0], [91335.0, 3000.0], [91320.0, 180.0], [91317.5, 330.0], [91315.0, 1100.0], [91307.5, 900.0], [91305.0, 3000.0]], "asks": [[91392.5, 5870.0], [91395.0, 1550.0], [91397.5, 5200.0], [91400.0, 600.0], [91402.5, 2000.0], [91405.0, 600.0], [91407.5, 2000.0], [91410.0, 1120.0], [91412.5, 2000.0], [91415.0, 3550.0], [91417.5, 5010.0], [91420.0, 180.0], [91435.0, 1610.0], [91437.5, 5200.0], [91440.0, 22730.0], [91442.5, 50000.0], [91445.0, 25540.0], [91447.5, 4740.0], [91450.0, 15870.0], [91460.0, 180.0]]}}}
{"jsonrpc": "2.0", "method": "subscription", "params": {"channel": "book.BTC-19DEC25.none.20.100ms", "data": {"timestamp": 1765171729516, "change_id": 130894105130, "instrument_name": "BTC-19DEC25", "bids": [[91457.5, 6800.0], [91452.5, 10.0], [91450.0, 2300.0], [91447.5, 5190.0], [91445.0, 690.0], [91442.5, 2300.0], [91440.0, 1280.0], [91437.5, 2300.0], [91435.0, 2000.0], [91420.0, 600.0], [91417.5, 2000.0], [91407.5, 600.0], [91405.0, 3550.0], [91402.5, 5190.0], [91387.5, 730.0], [91385.0, 2450.0], [91382.5, 1900.0], [91380.0, 6350.0], [91377.5, 600.0], [91375.0, 2000.0]], "asks": [[91460.0, 21940.0], [91462.5, 1550.0], [91465.0, 5190.0], [91485.0, 1490.0], [91487.5, 5000.0], [91497.5, 20.0], [91505.0, 1550.0], [91507.5, 5190.0], [91515.0, 10.0], [91517.5, 6790.0], [91520.0, 66060.0], [91545.0, 600.0], [91547.5, 2000.0], [91555.0, 70.0], [91557.5, 40.0], [91575.0, 600.0], [91577.5, 2000.0], [91580.0, 1920.0], [91582.5, 6430.0], [91625.0, 160.0]]}}}
{"jsonrpc": "2.0", "method": "subscription", "params": {"channel": "book.BTC-12DEC25.none.20.100ms", "data": {"timestamp": 1765171730265, "change_id": 130894105841, "instrument_name": "BTC-12DEC25", "bids": [[91387.5, 5000.0], [91385.0, 2080.0], [91382.5, 12000.0], [91380.0, 5380.0], [91375.0, 2000.0], [91372.5, 6620.0], [91370.0, 2390.0], [91367.5, 2000.0], [91365.0, 6000.0], [91360.0, 180.0], [91345.0, 1610.0], [91342.5, 5200.0], [91340.0, 180.0], [91337.5, 900.0], [91335.0, 3000.0], [91330.0, 10.0], [91320.0, 180.0], [91317.5, 330.0], [91315.0, 1100.0], [91307.5, 900.0]], "asks": [[91392.5, 5870.0], [91395.0, 1550.0], [91397.5, 5200.0], [91400.0, 600.0], [91402.5, 2000.0], [91405.0, 600.0], [91407.5, 2000.0], [91410.0, 1120.0], [91412.5, 2000.0], [91415.0, 3560.0], [91417.5, 5000.0], [91420.0, 180.0], [91435.0, 1610.0], [91437.5, 5200.0], [91440.0, 22730.0], [91442.5, 50000.0], [91445.0, 25540.0], [91447.5, 4740.0], [91450.0, 15870.0], [91460.0, 180.0]]}}}
