{"jsonrpc": "2.0", "id": 1, "result": ["book.BTC-6FEB26.none.20.100ms", "book.BTC-13FEB26.none.20.100ms"], "usIn": 1769941985537402, "usOut": 1769941985537667, "usDiff": 265, "testnet": false}
{"jsonrpc": "2.0", "method": "subscription", "params": {"channel": "book.BTC-6FEB26.none.20.100ms", "data": {"timestamp": 1769941985491, "change_id": 137826370652, "instrument_name": "BTC-6FEB26", "bids": [[78920.0, 1750.0], [78917.5, 6070.0], [78910.0, 21530.0], [78907.5, 39270.0], [78905.0, 38290.0], [78885.0, 890.0], [78882.5, 2990.0], [78840.0, 2610.0], [78837.5, 8750.0], [78835.0, 4660.0], [78832.5, 15620.0], [78810.0, 5850.0], [78807.5, 19590.0], [78805.0, 10.0], [78800.0, 40.0], [78762.5, 34820.0], [78760.0, 45700.0], [78745.0, 4420.0], [78722.5, 40810.0], [78717.5, 20310.0]], "asks": [[78927.5, 1400.0], [78937.5, 1400.0], [78940.0, 1850.0], [78942.5, 1500.0], [78955.0, 420.0], [78960.0, 1400.0], [78962.5, 40.0], [78985.0, 20130.0], [78987.5, 20000.0], [78990.0, 50000.0], [78992.5, 5900.0], [78995.0, 19750.0], [78997.5, 1050.0], [79000.0, 8330.0], [79002.5, 16160.0], [79035.0, 1360.0], [79037.5, 4570.0], [79065.0, 12340.0], [79067.5, 41350.0], [79107.5, 40590.0]]}}}
{"jsonrpc": "2.0", "method": "subscription", "params": {"channel": "book.BTC-13FEB26.none.20.100ms", "data": {"timestamp": 1769941984821, "change_id": 137826369783, "instrument_name": "BTC-13FEB26", "bids": [[79000.0, 4550.0], [78997.5, 11320.0], [78995.0, 49230.0], [78992.5, 37910.0], [78990.0, 460.0], [78987.5, 1500.0], [78957.5, 1510.0], [78955.0, 5060.0], [78940.0, 4900.0], [78937.5, 16410.0], [78907.5, 40.0], [78895.0, 1530.0], [78892.5, 5140.0], [78882.5, 10.0], [78880.0, 40.0], [78867.5, 10.0], [78860.0, 4420.0], [78852.5, 34820.0], [78850.0, 13680.0], [78847.5, 45840.0]], "asks": [[79002.5, 200.0], [79007.5, 1500.0], [79025.0, 1100.0], [79027.5, 4550.0], [79035.0, 40.0], [79057.5, 10.0], [79075.0, 40.0], [79085.0, 2170.0], [79105.0, 20000.0], [79107.5, 16640.0], [79115.0, 50000.0], [79117.5, 5070.0], [79130.0, 15180.0], [79140.0, 41340.0], [79145.0, 8740.0], [79160.0, 4570.0], [79180.0, 30670.0], [79205.0, 29580.0], [79220.0, 670.0], [79225.0, 34810.0]]}}}
{"jsonrpc": "2.0", "method": "subscription", "params": {"channel": "book.BTC-6FEB26.none.20.100ms", "data": {"timestamp": 1769941985563, "change_id": 137826370687, "instrument_name": "BTC-6FEB26", "bids": [[78920.0, 1750.0], [78917.5, 6070.0], [78910.0, 21530.0], [78907.5, 39270.0], [78905.0, 38290.0], [78885.0, 890.0], [78882.5, 2990.0], [78840.0, 2610.0], [78837.5, 8750.0], [78835.0, 4660.0], [78832.5, 15620.0], [78810.0, 5850.0], [78807.5, 19590.0], [78805.0, 10.0], [78800.0, 40.0], [78762.5, 34820.0], [78760.0, 45700.0], [78745.0, 4420.0], [78722.5, 40810.0], [78717.5, 20310.0]], "asks": [[78927.5, 1400.0], [78937.5, 1400.0], [78940.0, 1850.0], [78942.5, 1500.0], [78955.0, 420.0], [78960.0, 1400.0], [78962.5, 40.0], [78982.5, 20000.0], [78985.0, 5970.0], [78990.0, 50000.0], [78992.5, 5900.0], [78995.0, 19750.0], [78997.5, 1050.0], [79000.0, 8330.0], [79002.5, 16160.0], [79035.0, 1360.0], [79037.5, 4570.0], [79065.0, 12340.0], [79067.5, 41350.0], [79107.5, 40590.0]]}}}
{"jsonrpc": "2.0", "method": "subscription", "params": {"channel": "book.BTC-13FEB26.none.20.100ms", "data": {"timestamp": 1769941985781, "change_id": 137826371026, "instrument_name": "BTC-13FEB26", "bids": [[79000.0, 4550.0], [78997.5, 11320.0], [78995.0, 49230.0], [78992.5, 37910.0], [78990.0, 460.0], [78987.5, 1500.0], [78960.0, 1510.0], [78957.5, 5060.0], [78940.0, 4900.0], [78937.5, 16410.0], [78907.5, 40.0], [78887.5, 1530.0], [78885.0, 5140.0], [78882.5, 10.0], [78880.0, 40.0], [78870.0, 8700.0], [78867.5, 10.0], [78862.5, 1320.0], [78860.0, 4420.0], [78852.5, 34820.0]], "asks": [[79002.5, 200.0], [79007.5, 1500.0], [79025.0, 1100.0], [79027.5, 4550.0], [79035.0, 40.0], [79057.5, 10.0], [79075.0, 40.0], [79085.0, 2170.0], [79105.0, 20000.0], [79107.5, 16640.0], [79115.0, 50000.0], [79117.5, 5070.0], [79130.0, 15180.0], [79140.0, 41340.0], [79145.0, 8740.0], [79160.0, 4570.0], [79180.0, 30670.0], [79205.0, 29580.0], [79220.0, 670.0], [79225.0, 34810.0]]}}}
{"jsonrpc": "2.0", "method": "subscription", "params": {"channel": "book.BTC-6FEB26.none.20.100ms", "data": {"timestamp": 1769941986209, "change_id": 137826371957, "instrument_name": "BTC-6FEB26", "bids": [[78920.0, 1750.0], [78917.5, 6070.0], [78910.0, 21530.0], [78907.5, 39270.0], [78905.0, 38290.0], [78885.0, 890.0], [78882.5, 2990.0], [78842.5, 2170.0], [78840.0, 2610.0], [78837.5, 8750.0], [78835.0, 4660.0], [78832.5, 15620.0], [78810.0, 5850.0], [78807.5, 19590.0], [78805.0, 10.0], [78800.0, 40.0], [78762.5, 34820.0], [78760.0, 45700.0], [78745.0, 4420.0], [78722.5, 40810.0]], "asks": [[78927.5, 1400.0], [78937.5, 1400.0], [78940.0, 1850.0], [78942.5, 1500.0], [78955.0, 420.0], [78960.0, 1400.0], [78962.5, 40.0], [78982.5, 20000.0], [78985.0, 5970.0], [78990.0, 50000.0], [78992.5, 5900.0], [78995.0, 19750.0], [78997.5, 1050.0], [79000.0, 8330.0], [79002.5, 16160.0], [79035.0, 1360.0], [79037.5, 4570.0], [79065.0, 12340.0], [79067.5, 41350.0], [79107.5, 40590.0]]}}}
{"jsonrpc": "2.0", "method": "subscription", "params": {"channel": "book.BTC-13FEB26.none.20.100ms", "data": {"timestamp": 1769941986572, "change_id": 137826372903, "instrument_name": "BTC-13FEB26", "bids": [[79000.0, 4550.0], [78997.5, 11320.0], [78995.0, 49230.0], [78992.5, 39410.0], [78990.0, 10.0], [78960.0, 1510.0], [78957.5, 5060.0], [78940.0, 4900.0], [78937.5, 16410.0], [78907.5, 40.0], [78902.5, 2170.0], [78887.5, 1530.0], [78885.0, 5140.0], [78882.5, 10.0], [78880.0, 40.0], [78870.0, 8700.0], [78867.5, 10.0], [78862.5, 1320.0], [78860.0, 4420.0], [78852.5, 34820.0]], "asks": [[79002.5, 200.0], [79015.0, 1500.0], [79025.0, 1100.0], [79027.5, 4550.0], [79035.0, 40.0], [79057.5, 10.0], [79075.0, 40.0], [79085.0, 2170.0], [79105.0, 20000.0], [79107.5, 16640.0], [79115.0, 50000.0], [79117.5, 5070.0], [79130.0, 15180.0], [79140.0, 41340.0], [79145.0, 8740.0], [79160.0, 4570.0], [79180.0, 30670.0], [79205.0, 29580.0], [79220.0, 670.0], [79225.0, 34810.0]]}}}
{"jsonrpc": "2.0", "method": "subscription", "params": {"channel": "book.BTC-6FEB26.none.20.100ms", "data": {"timestamp": 1769941986497, "change_id": 137826372879, "instrument_name": "BTC-6FEB26", "bids": [[78925.0, 450.0], [78922.5, 1510.0], [78920.0, 1750.0], [78917.5, 4560.0], [78910.0, 21530.0], [78907.5, 37870.0], [78905.0, 38290.0], [78885.0, 890.0], [78882.5, 2990.0], [78845.0, 650.0], [78842.5, 2170.0], [78840.0, 2610.0], [78837.5, 8750.0], [78835.0, 4660.0], [78832.5, 15610.0], [78810.0, 5850.0], [78807.5, 19590.0], [78805.0, 10.0], [78800.0, 40.0], [78762.5, 34830.0]], "asks": [[78937.5, 1400.0], [78940.0, 1850.0], [78942.5, 1500.0], [78955.0, 420.0], [78960.0, 1400.0], [78962.5, 40.0], [78980.0, 5970.0], [78982.5, 20000.0], [78992.5, 5900.0], [78995.0, 69750.0], [78997.5, 1050.0], [79000.0, 8330.0], [79002.5, 16160.0], [79035.0, 1360.0], [79037.5, 4570.0], [79065.0, 12340.0], [79067.5, 41350.0], [79107.5, 40590.0], [79117.5, 19600.0], [79130.0, 50.0]]}}}
{"jsonrpc": "2.0", "method": "subscription", "params": {"channel": "book.BTC-6FEB26.none.20.100ms", "data": {"timestamp": 1769941987168, "change_id": 137826373620, "instrument_name": "BTC-6FEB26", "bids": [[78925.0, 450.0], [78922.5, 1510.0], [78920.0, 1750.0], [78917.5, 4560.0], [78910.0, 21530.0], [78907.5, 37870.0], [78905.0, 38290.0], [78885.0, 890.0], [78882.5, 2990.0], [78845.0, 650.0], [78842.5, 2170.0], [78840.0, 2610.0], [78837.5, 8750.0], [78835.0, 4660.0], [78832.5, 15610.0], [78810.0, 5850.0], [78807.5, 19590.0], [78805.0, 10.0], [78800.0, 40.0], [78765.0, 160.0]], "asks": [[78937.5, 1400.0], [78940.0, 1850.0], [78942.5, 1500.0], [78955.0, 420.0], [78960.0, 1400.0], [78962.5, 40.0], [78980.0, 5970.0], [78982.5, 20000.0], [78992.5, 5900.0], [78995.0, 69750.0], [78997.5, 1050.0], [79000.0, 8330.0], [79002.5, 16160.0], [79035.0, 1360.0], [79037.5, 4570.0], [79065.0, 12340.0], [79067.5, 41350.0], [79107.5, 40590.0], [79117.5, 19600.0], [79130.0, 50.0]]}}}
{"jsonrpc": "2.0", "method": "subscription", "params": {"channel": "book.BTC-6FEB26.none.20.100ms", "data": {"timestamp": 1769941987429, "change_id": 137826373883, "instrument_name": "BTC-6FEB26", "bids": [[78925.0, 450.0], [78922.5, 1500.0], [78920.0, 1760.0], [78917.5, 4560.0], [78910.0, 21530.0], [78907.5, 37870.0], [78905.0, 38290.0], [78885.0, 890.0], [78882.5, 2990.0], [78845.0, 650.0], [78842.5, 2170.0], [78840.0, 2610.0], [78837.5, 8750.0], [78835.0, 4660.0], [78832.5, 15610.0], [78810.0, 5850.0], [78807.5, 19590.0], [78805.0, 10.0], [78800.0, 40.0], [78765.0, 160.0]], "asks": [[78937.5, 1400.0], [78940.0, 1850.0], [78942.5, 1500.0], [78945.0, 5970.0], [78947.5, 20000.0], [78950.0, 420.0], [78952.5, 1400.0], [78955.0, 420.0], [78960.0, 1400.0], [78962.5, 40.0], [78992.5, 20070.0], [78995.0, 69750.0], [78997.5, 1050.0], [79000.0, 8330.0], [79002.5, 16160.0], [79035.0, 1360.0], [79037.5, 4570.0], [79065.0, 12340.0], [79067.5, 41350.0], [79107.5, 40590.0]]}}}
{"jsonrpc": "2.0", "method": "subscription", "params": {"channel": "book.BTC-13FEB26.none.20.100ms", "data": {"timestamp": 1769941987957, "change_id": 137826374420, "instrument_name": "BTC-13FEB26", "bids": [[79000.0, 4550.0], [78997.5, 11320.0], [78995.0, 49230.0], [78992.5, 39410.0], [78990.0, 10.0], [78960.0, 1510.0], [78957.5, 5060.0], [78940.0, 4900.0], [78937.5, 16410.0], [78907.5, 40.0], [78905.0, 650.0], [78902.5, 2170.0], [78887.5, 1530.0], [78885.0, 5140.0], [78882.5, 10.0], [78880.0, 40.0], [78872.5, 2600.0], [78870.0, 8700.0], [78867.5, 10.0], [78862.5, 1320.0]], "asks": [[79002.5, 200.0], [79015.0, 1500.0], [79025.0, 1100.0], [79027.5, 4550.0], [79035.0, 40.0], [79057.5, 10.0], [79075.0, 40.0], [79085.0, 2170.0], [79105.0, 20000.0], [79107.5, 16640.0], [79115.0, 50000.0], [79117.5, 5070.0], [79130.0, 15180.0], [79140.0, 41340.0], [79145.0, 8740.0], [79160.0, 4570.0], [79180.0, 30670.0], [79205.0, 29580.0], [79220.0, 670.0], [79225.0, 34810.0]]}}}
{"jsonrpc": "2.0", "method": "subscription", "params": {"channel": "book.BTC-6FEB26.none.20.100ms", "data": {"timestamp": 1769941988124, "change_id": 137826374626, "instrument_name": "BTC-6FEB26", "bids": [[78925.0, 450.0], [78922.5, 1510.0], [78920.0, 1750.0], [78917.5, 4560.0], [78910.0, 21530.0], [78907.5, 37870.0], [78905.0, 38290.0], [78885.0, 890.0], [78882.5, 2990.0], [78845.0, 650.0], [78842.5, 2170.0], [78840.0, 2610.0], [78837.5, 8750.0], [78835.0, 4660.0], [78832.5, 15610.0], [78810.0, 5850.0], [78807.5, 19590.0], [78805.0, 10.0], [78800.0, 40.0], [78765.0, 160.0]], "asks": [[78937.5, 1400.0], [78940.0, 1850.0], [78942.5, 1500.0], [78950.0, 420.0], [78952.5, 1400.0], [78955.0, 420.0], [78960.0, 1400.0], [78962.5, 40.0], [78992.5, 40070.0], [78995.0, 69750.0], [78997.5, 1050.0], [79000.0, 8330.0], [79002.5, 16160.0], [79035.0, 1360.0], [79037.5, 4570.0], [79065.0, 12340.0], [79067.5, 41350.0], [79107.5, 40590.0], [79117.5, 19600.0], [79130.0, 50.0]]}}}
{"jsonrpc": "2.0", "method": "subscription", "params": {"channel": "book.BTC-13FEB26.none.20.100ms", "data": {"timestamp": 1769941988450, "change_id": 137826374925, "instrument_name": "BTC-13FEB26", "bids": [[79000.0, 4550.0], [78997.5, 11320.0], [78995.0, 49230.0], [78992.5, 39410.0], [78990.0, 10.0], [78960.0, 1510.0], [78957.5, 5060.0], [78940.0, 4900.0], [78937.5, 16410.0], [78907.5, 40.0], [78905.0, 650.0], [78902.5, 2170.0], [78887.5, 1530.0], [78885.0, 5140.0], [78882.5, 10.0], [78880.0, 40.0], [78872.5, 2600.0], [78870.0, 8700.0], [78867.5, 10.0], [78862.5, 1320.0]], "asks": [[79002.5, 200.0], [79010.0, 1500.0], [79025.0, 1100.0], [79027.5, 4550.0], [79035.0, 40.0], [79057.5, 10.0], [79075.0, 40.0], [79085.0, 2170.0], [79105.0, 20000.0], [79107.5, 16640.0], [79115.0, 50000.0], [79117.5, 5070.0], [79130.0, 15180.0], [79140.0, 41340.0], [79145.0, 8740.0], [79160.0, 4570.0], [79180.0, 30670.0], [79205.0, 29580.0], [79220.0, 670.0], [79225.0, 34810.0]]}}}
{"jsonrpc": "2.0", "method": "subscription", "params": {"channel": "book.BTC-13FEB26.none.20.100ms", "data": {"timestamp": 1769941988683, "change_id": 137826375284, "instrument_name": "BTC-13FEB26", "bids": [[79000.0, 4550.0], [78997.5, 11320.0], [78995.0, 49230.0], [78992.5, 39410.0], [78990.0, 10.0], [78945.0, 1510.0], [78942.5, 5060.0], [78940.0, 4900.0], [78937.5, 16410.0], [78907.5, 40.0], [78905.0, 650.0], [78902.5, 2170.0], [78887.5, 1530.0], [78885.0, 5140.0], [78882.5, 10.0], [78880.0, 40.0], [78872.5, 2600.0], [78870.0, 8700.0], [78867.5, 10.0], [78862.5, 1320.0]], "asks": [[79002.5, 200.0], [79010.0, 1500.0], [79025.0, 1100.0], [79027.5, 4550.0], [79035.0, 40.0], [79057.5, 10.0], [79075.0, 40.0], [79085.0, 2170.0], [79105.0, 20000.0], [79107.5, 16640.0], [79115.0, 50000.0], [79117.5, 5070.0], [79130.0, 15180.0], [79140.0, 41340.0], [79145.0, 8740.0], [79160.0, 4570.0], [79180.0, 30670.0], [79205.0, 29580.0], [79220.0, 670.0], [79225.0, 34810.0]]}}}
{"jsonrpc": "2.0", "method": "subscription", "params": {"channel": "book.BTC-6FEB26.none.20.100ms", "data": {"timestamp": 1769941988945, "change_id": 137826375448, "instrument_name": "BTC-6FEB26", "bids": [[78925.0, 450.0], [78922.5, 1510.0], [78920.0, 1750.0], [78917.5, 4560.0], [78910.0, 21530.0], [78907.5, 37870.0], [78905.0, 38290.0], [78885.0, 890.0], [78882.5, 2990.0], [78845.0, 650.0], [78842.5, 2170.0], [78840.0, 2610.0], [78837.5, 8750.0], [78835.0, 4660.0], [78832.5, 15610.0], [78820.0, 5850.0], [78817.5, 19590.0], [78805.0, 10.0], [78800.0, 40.0], [78765.0, 160.0]], "asks": [[78937.5, 1400.0], [78940.0, 1850.0], [78942.5, 1500.0], [78950.0, 420.0], [78952.5, 1400.0], [78955.0, 420.0], [78960.0, 1400.0], [78962.5, 40.0], [78990.0, 50000.0], [78992.5, 20000.0], [78995.0, 19750.0], [78997.5, 1050.0], [79000.0, 8330.0], [79002.5, 16160.0], [79035.0, 1360.0], [79037.5, 4570.0], [79065.0, 12340.0], [79067.5, 41350.0], [79107.5, 40590.0], [79117.5, 19600.0]]}}}
{"jsonrpc": "2.0", "method": "subscription", "params": {"channel": "book.BTC-13FEB26.none.20.100ms", "data": {"timestamp": 1769941989008, "change_id": 137826375517, "instrument_name": "BTC-13FEB26", "bids": [[79000.0, 4550.0], [78997.5, 11320.0], [78995.0, 49230.0], [78992.5, 39410.0], [78990.0, 10.0], [78945.0, 1510.0], [78942.5, 5060.0], [78940.0, 4900.0], [78937.5, 16410.0], [78907.5, 80.0], [78905.0, 650.0], [78902.5, 2170.0], [78887.5, 1530.0], [78885.0, 5140.0], [78882.5, 10.0], [78880.0, 40.0], [78872.5, 2600.0], [78870.0, 8700.0], [78867.5, 10.0], [78862.5, 1320.0]], "asks": [[79002.5, 200.0], [79010.0, 1500.0], [79025.0, 1100.0], [79027.5, 4550.0], [79035.0, 40.0], [79057.5, 10.0], [79075.0, 40.0], [79085.0, 2170.0], [79105.0, 20000.0], [79107.5, 16640.0], [79115.0, 50000.0], [79117.5, 5070.0], [79130.0, 15180.0], [79140.0, 41340.0], [79145.0, 8740.0], [79160.0, 4570.0], [79180.0, 30670.0], [79205.0, 29580.0], [79220.0, 670.0], [79225.0, 34810.0]]}}}
{"jsonrpc": "2.0", "method": "subscription", "params": {"channel": "book.BTC-6FEB26.none.20.100ms", "data": {"timestamp": 1769941988958, "change_id": 137826375449, "instrument_name": "BTC-6FEB26", "bids": [[78925.0, 450.0], [78922.5, 1510.0], [78920.0, 1750.0], [78917.5, 4560.0], [78910.0, 21530.0], [78907.5, 37870.0], [78905.0, 38290.0], [78885.0, 890.0], [78882.5, 2990.0], [78845.0, 650.0], [78842.5, 2170.0], [78840.0, 2610.0], [78837.5, 8750.0], [78835.0, 4660.0], [78832.5, 15610.0], [78820.0, 5850.0], [78817.5, 19590.0], [78805.0, 10.0], [78800.0, 40.0], [78765.0, 160.0]], "asks": [[78937.5, 1400.0], [78940.0, 1850.0], [78942.5, 1500.0], [78950.0, 420.0], [78952.5, 1400.0], [78955.0, 420.0], [78960.0, 1400.0], [78962.5, 40.0], [78992.5, 20000.0], [78995.0, 69750.0], [78997.5, 1050.0], [79000.0, 8330.0], [79002.5, 16160.0], [79035.0, 1360.0], [79037.5, 4570.0], [79065.0, 12340.0], [79067.5, 41350.0], [79107.5, 40590.0], [79117.5, 19600.0], [79130.0, 50.0]]}}}
{"jsonrpc": "2.0", "method": "subscription", "params": {"channel": "book.BTC-13FEB26.none.20.100ms", "data": {"timestamp": 1769941989376, "change_id": 137826375935, "instrument_name": "BTC-13FEB26", "bids": [[79000.0, 4550.0], [78997.5, 11320.0], [78995.0, 49230.0], [78992.5, 37910.0], [78990.0, 10.0], [78987.5, 450.0], [78985.0, 1500.0], [78945.0, 1510.0], [78942.5, 5060.0], [78940.0, 4900.0], [78937.5, 16410.0], [78907.5, 80.0], [78905.0, 650.0], [78902.5, 2170.0], [78887.5, 1530.0], [78885.0, 5140.0], [78882.5, 10.0], [78880.0, 40.0], [78872.5, 2600.0], [78870.0, 8700.0]], "asks": [[79002.5, 200.0], [79010.0, 1500.0], [79025.0, 1100.0], [79027.5, 4550.0], [79035.0, 40.0], [79057.5, 10.0], [79075.0, 40.0], [79085.0, 2170.0], [79105.0, 20000.0], [79107.5, 16640.0], [79115.0, 50000.0], [79117.5, 5070.0], [79130.0, 15180.0], [79140.0, 41340.0], [79145.0, 8740.0], [79160.0, 4570.0], [79180.0, 30670.0], [79205.0, 29580.0], [79220.0, 670.0], [79225.0, 34810.0]]}}}
{"jsonrpc": "2.0", "method": "subscription", "params": {"channel": "book.BTC-6FEB26.none.20.100ms", "data": {"timestamp": 1769941989514, "change_id": 137826376248, "instrument_name": "BTC-6FEB26", "bids": [[78920.0, 1760.0], [78917.5, 4560.0], [78915.0, 1500.0], [78910.0, 21530.0], [78907.5, 37870.0], [78905.0, 38290.0], [78885.0, 890.0], [78882.5, 2990.0], [78845.0, 650.0], [78842.5, 2170.0], [78840.0, 2610.0], [78837.5, 8750.0], [78835.0, 4660.0], [78832.5, 15610.0], [78820.0, 5850.0], [78817.5, 19590.0], [78805.0, 10.0], [78800.0, 50.0], [78765.0, 160.0], [78762.5, 34820.0]], "asks": [[78935.0, 2680.0], [78937.5, 2900.0], [78940.0, 1400.0], [78950.0, 420.0], [78952.5, 1400.0], [78955.0, 420.0], [78960.0, 1400.0], [78962.5, 40.0], [78992.5, 70000.0], [78995.0, 19750.0], [78997.5, 1050.0], [79000.0, 8330.0], [79002.5, 16160.0], [79035.0, 1360.0], [79037.5, 4570.0], [79065.0, 12340.0], [79067.5, 41340.0], [79107.5, 40600.0], [79117.5, 19600.0], [79130.0, 50.0]]}}}
{"jsonrpc": "2.0", "method": "subscription", "params": {"channel": "book.BTC-13FEB26.none.20.100ms", "data": {"timestamp": 1769941989778, "change_id": 137826376598, "instrument_name": "BTC-13FEB26", "bids": [[79000.0, 4550.0], [78997.5, 11320.0], [78995.0, 49230.0], [78992.5, 37910.0], [78990.0, 10.0], [78987.5, 450.0], [78985.0, 1500.0], [78945.0, 1510.0], [78942.5, 5060.0], [78940.0, 4900.0], [78937.5, 16410.0], [78907.5, 80.0], [78905.0, 650.0], [78902.5, 2170.0], [78887.5, 1530.0], [78885.0, 5140.0], [78882.5, 10.0], [78880.0, 40.0], [78872.5, 2600.0], [78870.0, 8700.0]], "asks": [[79002.5, 1700.0], [79025.0, 1100.0], [79027.5, 4550.0], [79035.0, 40.0], [79057.5, 10.0], [79075.0, 40.0], [79085.0, 2170.0], [79105.0, 20000.0], [79107.5, 16640.0], [79115.0, 50000.0], [79117.5, 5070.0], [79130.0, 15180.0], [79140.0, 41340.0], [79145.0, 8740.0], [79160.0, 4570.0], [79180.0, 30670.0], [79202.5, 160.0], [79205.0, 29580.0], [79220.0, 670.0], [79225.0, 34810.0]]}}}
{"jsonrpc": "2.0", "method": "subscription", "params": {"channel": "book.BTC-6FEB26.none.20.100ms", "data": {"timestamp": 1769941989852, "change_id": 137826376616, "instrument_name": "BTC-6FEB26", "bids": [[78920.0, 1750.0], [78917.5, 4560.0], [78915.0, 1510.0], [78910.0, 21530.0], [78907.5, 37870.0], [78905.0, 38290.0], [78885.0, 890.0], [78882.5, 2990.0], [78845.0, 650.0], [78842.5, 2170.0], [78840.0, 2610.0], [78837.5, 8750.0], [78835.0, 4660.0], [78832.5, 15610.0], [78820.0, 5850.0], [78817.5, 19590.0], [78805.0, 10.0], [78800.0, 50.0], [78765.0, 160.0], [78762.5, 34820.0]], "asks": [[78935.0, 1400.0], [78937.5, 2900.0], [78940.0, 1400.0], [78950.0, 420.0], [78952.5, 1400.0], [78955.0, 420.0], [78960.0, 1400.0], [78962.5, 40.0], [78992.5, 20000.0], [78995.0, 19750.0], [78997.5, 51050.0], [79000.0, 8330.0], [79002.5, 16160.0], [79035.0, 1360.0], [79037.5, 4570.0], [79065.0, 12340.0], [79067.5, 41340.0], [79107.5, 40600.0], [79117.5, 19600.0], [79130.0, 50.0]]}}}
{"jsonrpc": "2.0", "method": "subscription", "params": {"channel": "book.BTC-6FEB26.none.20.100ms", "data": {"timestamp": 1769941990225, "change_id": 137826376986, "instrument_name": "BTC-6FEB26", "bids": [[78922.5, 10.0], [78920.0, 1750.0], [78917.5, 4560.0], [78915.0, 1500.0], [78910.0, 21530.0], [78907.5, 37870.0], [78905.0, 38290.0], [78885.0, 890.0], [78882.5, 2990.0], [78845.0, 650.0], [78842.5, 2170.0], [78840.0, 2610.0], [78837.5, 8750.0], [78835.0, 4660.0], [78832.5, 15610.0], [78820.0, 5850.0], [78817.5, 19590.0], [78805.0, 10.0], [78800.0, 50.0], [78765.0, 160.0]], "asks": [[78935.0, 2680.0], [78937.5, 2900.0], [78940.0, 1400.0], [78950.0, 420.0], [78952.5, 1400.0], [78955.0, 420.0], [78960.0, 1400.0], [78962.5, 40.0], [78992.5, 70000.0], [78995.0, 19750.0], [79000.0, 8330.0], [79002.5, 16160.0], [79035.0, 1360.0], [79037.5, 4570.0], [79065.0, 12340.0], [79067.5, 41340.0], [79107.5, 40600.0], [79117.5, 19600.0], [79130.0, 50.0], [79137.5, 50000.0]]}}}
{"jsonrpc": "2.0", "method": "subscription", "params": {"channel": "book.BTC-13FEB26.none.20.100ms", "data": {"timestamp": 1769941990530, "change_id": 137826377347, "instrument_name": "BTC-13FEB26", "bids": [[79000.0, 4550.0], [78997.5, 11320.0], [78995.0, 49230.0], [78992.5, 37910.0], [78990.0, 10.0], [78987.5, 450.0], [78985.0, 1500.0], [78947.5, 10.0], [78945.0, 1510.0], [78942.5, 5060.0], [78940.0, 4900.0], [78937.5, 16410.0], [78907.5, 80.0], [78905.0, 650.0], [78902.5, 2170.0], [78887.5, 1530.0], [78885.0, 5140.0], [78882.5, 10.0], [78880.0, 40.0], [78872.5, 2600.0]], "asks": [[79002.5, 1700.0], [79025.0, 1100.0], [79027.5, 4550.0], [79035.0, 40.0], [79057.5, 10.0], [79075.0, 40.0], [79085.0, 2170.0], [79105.0, 20000.0], [79107.5, 16640.0], [79115.0, 50000.0], [79117.5, 5070.0], [79130.0, 15180.0], [79140.0, 41340.0], [79145.0, 8740.0], [79160.0, 4570.0], [79180.0, 30670.0], [79202.5, 160.0], [79205.0, 29580.0], [79220.0, 670.0], [79225.0, 34810.0]]}}}
{"jsonrpc": "2.0", "method": "subscription", "params": {"channel": "book.BTC-6FEB26.none.20.100ms", "data": {"timestamp": 1769941990583, "change_id": 137826377389, "instrument_name": "BTC-6FEB26", "bids": [[78922.5, 10.0], [78920.0, 1750.0], [78917.5, 4560.0], [78915.0, 1500.0], [78910.0, 21530.0], [78907.5, 37870.0], [78905.0, 38290.0], [78885.0, 890.0], [78882.5, 2990.0], [78845.0, 650.0], [78842.5, 2170.0], [78840.0, 2610.0], [78837.5, 8750.0], [78835.0, 4660.0], [78832.5, 15610.0], [78820.0, 5850.0], [78817.5, 19590.0], [78805.0, 20.0], [78800.0, 40.0], [78765.0, 160.0]], "asks": [[78935.0, 1850.0], [78937.5, 1500.0], [78950.0, 420.0], [78952.5, 1400.0], [78955.0, 420.0], [78960.0, 1400.0], [78962.5, 40.0], [78992.5, 20000.0], [78995.0, 19750.0], [78997.5, 50000.0], [79000.0, 8330.0], [79002.5, 16160.0], [79035.0, 1360.0], [79037.5, 4570.0], [79065.0, 12340.0], [79067.5, 41340.0], [79107.5, 40590.0], [79117.5, 19610.0], [79130.0, 50.0], [79137.5, 50000.0]]}}}
{"jsonrpc": "2.0", "method": "subscription", "params": {"channel": "book.BTC-13FEB26.none.20.100ms", "data": {"timestamp": 1769941990916, "change_id": 137826377705, "instrument_name": "BTC-13FEB26", "bids": [[79000.0, 4550.0], [78997.5, 11320.0], [78995.0, 49230.0], [78992.5, 37910.0], [78990.0, 10.0], [78987.5, 450.0], [78985.0, 1500.0], [78947.5, 10.0], [78945.0, 1510.0], [78942.5, 5060.0], [78940.0, 4900.0], [78937.5, 16410.0], [78907.5, 80.0], [78905.0, 650.0], [78902.5, 2170.0], [78887.5, 1530.0], [78885.0, 5140.0], [78882.5, 10.0], [78880.0, 40.0], [78872.5, 2600.0]], "asks": [[79002.5, 200.0], [79025.0, 1100.0], [79027.5, 4550.0], [79035.0, 40.0], [79057.5, 10.0], [79075.0, 40.0], [79085.0, 2170.0], [79105.0, 20000.0], [79107.5, 16640.0], [79115.0, 50000.0], [79117.5, 5070.0], [79130.0, 15180.0], [79140.0, 41340.0], [79145.0, 8740.0], [79160.0, 4570.0], [79180.0, 30670.0], [79202.5, 160.0], [79205.0, 29580.0], [79220.0, 670.0], [79225.0, 34810.0]]}}}
{"jsonrpc": "2.0", "method": "subscription", "params": {"channel": "book.BTC-6FEB26.none.20.100ms", "data": {"timestamp": 1769941990925, "change_id": 137826377732, "instrument_name": "BTC-6FEB26", "bids": [[78922.5, 10.0], [78920.0, 1750.0], [78917.5, 4560.0], [78915.0, 1500.0], [78910.0, 21530.0], [78907.5, 37870.0], [78905.0, 38290.0], [78885.0, 890.0], [78882.5, 2990.0], [78845.0, 650.0], [78842.5, 2170.0], [78840.0, 2610.0], [78837.5, 8750.0], [78835.0, 4660.0], [78832.5, 15610.0], [78820.0, 5850.0], [78817.5, 19590.0], [78805.0, 10.0], [78800.0, 50.0], [78765.0, 160.0]], "asks": [[78935.0, 1400.0], [78950.0, 420.0], [78952.5, 1400.0], [78955.0, 420.0], [78960.0, 1400.0], [78962.5, 40.0], [78992.5, 20000.0], [78995.0, 19750.0], [78997.5, 50000.0], [79000.0, 8330.0], [79002.5, 16160.0], [79035.0, 1360.0], [79037.5, 4570.0], [79065.0, 12340.0], [79067.5, 41340.0], [79107.5, 40590.0], [79117.5, 19610.0], [79130.0, 50.0], [79137.5, 50000.0], [79147.5, 500.0]]}}}
{"jsonrpc": "2.0", "method": "subscription", "params": {"channel": "book.BTC-13FEB26.none.20.100ms", "data": {"timestamp": 1769941991092, "change_id": 137826377969, "instrument_name": "BTC-13FEB26", "bids": [[79000.0, 4550.0], [78997.5, 11320.0], [78995.0, 49230.0], [78992.5, 39410.0], [78990.0, 10.0], [78947.5, 10.0], [78945.0, 1510.0], [78942.5, 5060.0], [78940.0, 4900.0], [78937.5, 16410.0], [78907.5, 80.0], [78905.0, 650.0], [78902.5, 2170.0], [78887.5, 1530.0], [78885.0, 5140.0], [78882.5, 10.0], [78880.0, 40.0], [78872.5, 2600.0], [78870.0, 8700.0], [78867.5, 10.0]], "asks": [[79002.5, 200.0], [79015.0, 1500.0], [79025.0, 1100.0], [79027.5, 4550.0], [79035.0, 40.0], [79057.5, 10.0], [79075.0, 40.0], [79085.0, 2170.0], [79105.0, 20000.0], [79107.5, 16640.0], [79115.0, 50000.0], [79117.5, 5070.0], [79130.0, 15180.0], [79140.0, 41340.0], [79145.0, 8740.0], [79160.0, 4570.0], [79180.0, 30670.0], [79202.5, 160.0], [79205.0, 29580.0], [79220.0, 670.0]]}}}
{"jsonrpc": "2.0", "method": "subscription", "params": {"channel": "book.BTC-6FEB26.none.20.100ms", "data": {"timestamp": 1769941991090, "change_id": 137826377962, "instrument_name": "BTC-6FEB26", "bids": [[78927.5, 450.0], [78925.0, 1500.0], [78922.5, 10.0], [78920.0, 1750.0], [78917.5, 4560.0], [78910.0, 21530.0], [78907.5, 37870.0], [78905.0, 38290.0], [78885.0, 890.0], [78882.5, 2990.0], [78845.0, 650.0], [78842.5, 2170.0], [78840.0, 2610.0], [78837.5, 8750.0], [78835.0, 4660.0], [78832.5, 15610.0], [78820.0, 5850.0], [78817.5, 19590.0], [78805.0, 10.0], [78800.0, 50.0]], "asks": [[78935.0, 1400.0], [78942.5, 450.0], [78945.0, 1500.0], [78950.0, 420.0], [78952.5, 1400.0], [78955.0, 420.0], [78960.0, 1400.0], [78962.5, 40.0], [78992.5, 20000.0], [78995.0, 19750.0], [78997.5, 50000.0], [79000.0, 8330.0], [79002.5, 16160.0], [79035.0, 1360.0], [79037.5, 4570.0], [79065.0, 12340.0], [79067.5, 41340.0], [79107.5, 40590.0], [79117.5, 19600.0], [79130.0, 60.0]]}}}
{"jsonrpc": "2.0", "method": "subscription", "params": {"channel": "book.BTC-13FEB26.none.20.100ms", "data": {"timestamp": 1769941991333, "change_id": 137826378239, "instrument_name": "BTC-13FEB26", "bids": [[79000.0, 4550.0], [78997.5, 11320.0], [78995.0, 38360.0], [78992.5, 1500.0], [78990.0, 10.0], [78947.5, 10.0], [78945.0, 1510.0], [78942.5, 5060.0], [78940.0, 4900.0], [78937.5, 16410.0], [78907.5, 80.0], [78905.0, 650.0], [78902.5, 2170.0], [78887.5, 1530.0], [78885.0, 5140.0], [78882.5, 10.0], [78880.0, 40.0], [78872.5, 2600.0], [78870.0, 8700.0], [78867.5, 10.0]], "asks": [[79002.5, 200.0], [79015.0, 1500.0], [79025.0, 1100.0], [79027.5, 4550.0], [79035.0, 40.0], [79057.5, 10.0], [79075.0, 40.0], [79085.0, 2170.0], [79105.0, 20000.0], [79107.5, 16640.0], [79115.0, 50000.0], [79117.5, 5070.0], [79130.0, 15180.0], [79140.0, 41340.0], [79145.0, 8740.0], [79160.0, 4570.0], [79180.0, 30670.0], [79202.5, 160.0], [79205.0, 29580.0], [79220.0, 670.0]]}}}
{"jsonrpc": "2.0", "method": "subscription", "params": {"channel": "book.BTC-6FEB26.none.20.100ms", "data": {"timestamp": 1769941991434, "change_id": 137826378378, "instrument_name": "BTC-6FEB26", "bids": [[78927.5, 460.0], [78925.0, 1920.0], [78922.5, 1400.0], [78920.0, 1750.0], [78917.5, 4560.0], [78910.0, 21530.0], [78907.5, 37870.0], [78905.0, 38290.0], [78885.0, 890.0], [78882.5, 2990.0], [78845.0, 650.0], [78842.5, 2170.0], [78840.0, 2610.0], [78837.5, 8750.0], [78835.0, 4660.0], [78832.5, 15610.0], [78820.0, 5850.0], [78817.5, 19590.0], [78805.0, 10.0], [78800.0, 50.0]], "asks": [[78942.5, 450.0], [78945.0, 1500.0], [78950.0, 420.0], [78952.5, 1400.0], [78955.0, 420.0], [78960.0, 1400.0], [78962.5, 40.0], [78992.5, 20000.0], [78995.0, 19750.0], [78997.5, 50000.0], [79000.0, 8330.0], [79002.5, 16160.0], [79035.0, 1360.0], [79037.5, 4570.0], [79065.0, 12340.0], [79067.5, 41340.0], [79107.5, 40590.0], [79117.5, 19600.0], [79130.0, 60.0], [79137.5, 50000.0]]}}}
{"jsonrpc": "2.0", "method": "subscription", "params": {"channel": "book.BTC-13FEB26.none.20.100ms", "data": {"timestamp": 1769941991694, "change_id": 137826378782, "instrument_name": "BTC-13FEB26", "bids": [[79000.0, 42470.0], [78997.5, 11320.0], [78995.0, 38360.0], [78992.5, 1500.0], [78990.0, 10.0], [78952.5, 1510.0], [78950.0, 5060.0], [78947.5, 10.0], [78940.0, 4900.0], [78937.5, 16410.0], [78907.5, 80.0], [78905.0, 650.0], [78902.5, 2170.0], [78895.0, 1530.0], [78892.5, 5140.0], [78882.5, 10.0], [78880.0, 40.0], [78872.5, 2600.0], [78870.0, 8700.0], [78867.5, 10.0]], "asks": [[79002.5, 200.0], [79015.0, 1500.0], [79025.0, 1100.0], [79027.5, 4550.0], [79035.0, 40.0], [79057.5, 10.0], [79075.0, 40.0], [79085.0, 2170.0], [79105.0, 20000.0], [79107.5, 16640.0], [79115.0, 50000.0], [79117.5, 5070.0], [79130.0, 15180.0], [79140.0, 41340.0], [79145.0, 8740.0], [79160.0, 4570.0], [79180.0, 30670.0], [79202.5, 160.0], [79205.0, 29580.0], [79220.0, 670.0]]}}}
{"jsonrpc": "2.0", "method": "subscription", "params": {"channel": "book.BTC-6FEB26.none.20.100ms", "data": {"timestamp": 1769941992034, "change_id": 137826379012, "instrument_name": "BTC-6FEB26", "bids": [[78927.5, 460.0], [78925.0, 1920.0], [78922.5, 1400.0], [78920.0, 1750.0], [78917.5, 4560.0], [78910.0, 21530.0], [78907.5, 37870.0], [78905.0, 38290.0], [78885.0, 890.0], [78882.5, 2990.0], [78845.0, 650.0], [78842.5, 2170.0], [78840.0, 2610.0], [78837.5, 8750.0], [78835.0, 4660.0], [78832.5, 15610.0], [78820.0, 5850.0], [78817.5, 19590.0], [78805.0, 10.0], [78800.0, 50.0]], "asks": [[78942.5, 450.0], [78945.0, 1500.0], [78950.0, 420.0], [78952.5, 1400.0], [78955.0, 420.0], [78960.0, 1400.0], [78962.5, 40.0], [78992.5, 20000.0], [78995.0, 19750.0], [78997.5, 50000.0], [79000.0, 8330.0], [79002.5, 16160.0], [79035.0, 1360.0], [79037.5, 4570.0], [79065.0, 12340.0], [79067.5, 41340.0], [79105.0, 12120.0], [79107.5, 40590.0], [79117.5, 19600.0], [79130.0, 60.0]]}}}
{"jsonrpc": "2.0", "method": "subscription", "params": {"channel": "book.BTC-13FEB26.none.20.100ms", "data": {"timestamp": 1769941992534, "change_id": 137826380012, "instrument_name": "BTC-13FEB26", "bids": [[79002.5, 12680.0], [79000.0, 42470.0], [78997.5, 11320.0], [78995.0, 38360.0], [78992.5, 1500.0], [78990.0, 10.0], [78957.5, 1510.0], [78955.0, 5060.0], [78947.5, 10.0], [78940.0, 4900.0], [78937.5, 16410.0], [78907.5, 80.0], [78905.0, 650.0], [78902.5, 2170.0], [78895.0, 1530.0], [78892.5, 5140.0], [78882.5, 10.0], [78880.0, 40.0], [78872.5, 2600.0], [78870.0, 8700.0]], "asks": [[79015.0, 1500.0], [79017.5, 500.0], [79025.0, 1100.0], [79027.5, 4550.0], [79035.0, 40.0], [79057.5, 10.0], [79075.0, 40.0], [79085.0, 2170.0], [79105.0, 20000.0], [79107.5, 16640.0], [79115.0, 50000.0], [79117.5, 5070.0], [79130.0, 15180.0], [79140.0, 41340.0], [79145.0, 8740.0], [79160.0, 4570.0], [79180.0, 30670.0], [79202.5, 160.0], [79205.0, 29580.0], [79220.0, 670.0]]}}}
{"jsonrpc": "2.0", "method": "subscription", "params": {"channel": "book.BTC-6FEB26.none.20.100ms", "data": {"timestamp": 1769941992411, "change_id": 137826379542, "instrument_name": "BTC-6FEB26", "bids": [[78927.5, 450.0], [78925.0, 1920.0], [78922.5, 1410.0], [78920.0, 1750.0], [78917.5, 4560.0], [78910.0, 21530.0], [78907.5, 37870.0], [78905.0, 38290.0], [78885.0, 890.0], [78882.5, 2990.0], [78845.0, 650.0], [78842.5, 2170.0], [78840.0, 2610.0], [78837.5, 8750.0], [78835.0, 4660.0], [78832.5, 15610.0], [78820.0, 5850.0], [78817.5, 19600.0], [78805.0, 10.0], [78800.0, 40.0]], "asks": [[78940.0, 2270.0], [78942.5, 1400.0], [78945.0, 1500.0], [78950.0, 420.0], [78952.5, 1400.0], [78955.0, 420.0], [78960.0, 1400.0], [78962.5, 40.0], [78992.5, 20000.0], [78995.0, 19750.0], [78997.5, 50000.0], [79000.0, 8330.0], [79002.5, 16160.0], [79035.0, 1360.0], [79037.5, 4570.0], [79065.0, 12340.0], [79067.5, 41340.0], [79105.0, 12130.0], [79107.5, 40590.0], [79117.5, 19600.0]]}}}
{"jsonrpc": "2.0", "method": "subscription", "params": {"channel": "book.BTC-13FEB26.none.20.100ms", "data": {"timestamp": 1769941992656, "change_id": 137826380373, "instrument_name": "BTC-13FEB26", "bids": [[79002.5, 12680.0], [79000.0, 42470.0], [78997.5, 11320.0], [78995.0, 37910.0], [78990.0, 10.0], [78957.5, 1510.0], [78955.0, 5060.0], [78947.5, 10.0], [78940.0, 4900.0], [78937.5, 16410.0], [78907.5, 80.0], [78905.0, 650.0], [78902.5, 2170.0], [78895.0, 1530.0], [78892.5, 5140.0], [78882.5, 10.0], [78880.0, 40.0], [78872.5, 2600.0], [78870.0, 8700.0], [78867.5, 10.0]], "asks": [[79015.0, 1500.0], [79017.5, 500.0], [79025.0, 1100.0], [79027.5, 4550.0], [79035.0, 40.0], [79057.5, 10.0], [79075.0, 40.0], [79085.0, 2170.0], [79105.0, 20000.0], [79107.5, 16640.0], [79115.0, 50000.0], [79117.5, 5070.0], [79130.0, 15180.0], [79140.0, 41340.0], [79145.0, 8740.0], [79160.0, 4570.0], [79180.0, 30670.0], [79202.5, 160.0], [79205.0, 29580.0], [79220.0, 670.0]]}}}
{"jsonrpc": "2.0", "method": "subscription", "params": {"channel": "book.BTC-6FEB26.none.20.100ms", "data": {"timestamp": 1769941992826, "change_id": 137826380654, "instrument_name": "BTC-6FEB26", "bids": [[78920.0, 1750.0], [78917.5, 4570.0], [78910.0, 21530.0], [78907.5, 37870.0], [78905.0, 38290.0], [78885.0, 890.0], [78882.5, 2990.0], [78845.0, 650.0], [78842.5, 2170.0], [78840.0, 2610.0], [78837.5, 8750.0], [78835.0, 4660.0], [78832.5, 15610.0], [78820.0, 5850.0], [78817.5, 19590.0], [78805.0, 10.0], [78800.0, 40.0], [78765.0, 170.0], [78762.5, 34820.0], [78760.0, 45700.0]], "asks": [[78937.5, 1400.0], [78940.0, 1400.0], [78942.5, 21400.0], [78945.0, 1500.0], [78950.0, 420.0], [78952.5, 1400.0], [78955.0, 420.0], [78960.0, 1400.0], [78962.5, 40.0], [78992.5, 50000.0], [78995.0, 19750.0], [79000.0, 8330.0], [79002.5, 16160.0], [79035.0, 1360.0], [79037.5, 4570.0], [79065.0, 12340.0], [79067.5, 41340.0], [79105.0, 12130.0], [79107.5, 40590.0], [79117.5, 19600.0]]}}}
{"jsonrpc": "2.0", "method": "subscription", "params": {"channel": "book.BTC-13FEB26.none.20.100ms", "data": {"timestamp": 1769941993163, "change_id": 137826381170, "instrument_name": "BTC-13FEB26", "bids": [[79002.5, 12680.0], [79000.0, 42470.0], [78997.5, 11320.0], [78995.0, 37910.0], [78990.0, 460.0], [78987.5, 1500.0], [78957.5, 1510.0], [78955.0, 5060.0], [78947.5, 10.0], [78940.0, 4900.0], [78937.5, 16410.0], [78907.5, 80.0], [78905.0, 650.0], [78902.5, 2170.0], [78895.0, 1530.0], [78892.5, 5140.0], [78882.5, 10.0], [78880.0, 40.0], [78872.5, 2600.0], [78870.0, 8700.0]], "asks": [[79010.0, 2600.0], [79017.5, 500.0], [79025.0, 1100.0], [79027.5, 4550.0], [79032.5, 1100.0], [79035.0, 40.0], [79057.5, 10.0], [79075.0, 40.0], [79080.0, 20000.0], [79085.0, 2170.0], [79107.5, 16640.0], [79115.0, 50000.0], [79117.5, 5070.0], [79130.0, 15180.0], [79140.0, 41340.0], [79145.0, 8740.0], [79160.0, 4570.0], [79180.0, 30670.0], [79202.5, 160.0], [79205.0, 29580.0]]}}}
{"jsonrpc": "2.0", "method": "subscription", "params": {"channel": "book.BTC-6FEB26.none.20.100ms", "data": {"timestamp": 1769941993179, "change_id": 137826381178, "instrument_name": "BTC-6FEB26", "bids": [[78925.0, 420.0], [78922.5, 10.0], [78920.0, 3250.0], [78917.5, 4560.0], [78910.0, 21530.0], [78907.5, 37870.0], [78905.0, 38290.0], [78885.0, 890.0], [78882.5, 2990.0], [78845.0, 650.0], [78842.5, 2170.0], [78840.0, 2610.0], [78837.5, 8750.0], [78835.0, 4660.0], [78832.5, 15610.0], [78820.0, 5850.0], [78817.5, 19590.0], [78805.0, 10.0], [78800.0, 40.0], [78765.0, 170.0]], "asks": [[78937.5, 1400.0], [78940.0, 9740.0], [78942.5, 21400.0], [78950.0, 420.0], [78952.5, 1400.0], [78955.0, 420.0], [78960.0, 1400.0], [78962.5, 40.0], [78987.5, 50000.0], [78995.0, 19750.0], [79000.0, 8330.0], [79002.5, 16160.0], [79035.0, 1360.0], [79037.5, 4570.0], [79065.0, 12340.0], [79067.5, 41340.0], [79105.0, 12130.0], [79107.5, 40590.0], [79117.5, 19600.0], [79130.0, 50.0]]}}}
{"jsonrpc": "2.0", "method": "subscription", "params": {"channel": "book.BTC-6FEB26.none.20.100ms", "data": {"timestamp": 1769941993400, "change_id": 137826381382, "instrument_name": "BTC-6FEB26", "bids": [[78925.0, 420.0], [78920.0, 3260.0], [78917.5, 4560.0], [78910.0, 21530.0], [78907.5, 37870.0], [78905.0, 38290.0], [78885.0, 890.0], [78882.5, 2990.0], [78845.0, 650.0], [78842.5, 2170.0], [78840.0, 2610.0], [78837.5, 8750.0], [78835.0, 4660.0], [78832.5, 15610.0], [78820.0, 5850.0], [78817.5, 19590.0], [78805.0, 10.0], [78800.0, 40.0], [78765.0, 170.0], [78762.5, 34820.0]], "asks": [[78937.5, 1400.0], [78940.0, 9740.0], [78942.5, 20000.0], [78950.0, 420.0], [78952.5, 1400.0], [78955.0, 420.0], [78960.0, 1400.0], [78962.5, 40.0], [78987.5, 50000.0], [78995.0, 19750.0], [79000.0, 8330.0], [79002.5, 16160.0], [79035.0, 1360.0], [79037.5, 4570.0], [79065.0, 12340.0], [79067.5, 41340.0], [79105.0, 12140.0], [79107.5, 40590.0], [79117.5, 19600.0], [79130.0, 50.0]]}}}
{"jsonrpc": "2.0", "method": "subscription", "params": {"channel": "book.BTC-13FEB26.none.20.100ms", "data": {"timestamp": 1769941993789, "change_id": 137826381974, "instrument_name": "BTC-13FEB26", "bids": [[79002.5, 12680.0], [79000.0, 42470.0], [78997.5, 11320.0], [78995.0, 38360.0], [78992.5, 1500.0], [78990.0, 10.0], [78957.5, 1510.0], [78955.0, 5060.0], [78947.5, 10.0], [78940.0, 4900.0], [78937.5, 16410.0], [78907.5, 80.0], [78905.0, 650.0], [78902.5, 2170.0], [78895.0, 1530.0], [78892.5, 5140.0], [78882.5, 10.0], [78880.0, 40.0], [78872.5, 2600.0], [78870.0, 8700.0]], "asks": [[79010.0, 1500.0], [79017.5, 500.0], [79025.0, 1100.0], [79027.5, 4550.0], [79032.5, 1100.0], [79035.0, 40.0], [79057.5, 10.0], [79075.0, 40.0], [79082.5, 20000.0], [79085.0, 2170.0], [79107.5, 16640.0], [79115.0, 50000.0], [79117.5, 5070.0], [79130.0, 15180.0], [79140.0, 41340.0], [79145.0, 8740.0], [79160.0, 4570.0], [79180.0, 30670.0], [79202.5, 160.0], [79205.0, 29580.0]]}}}
{"jsonrpc": "2.0", "method": "subscription", "params": {"channel": "book.BTC-6FEB26.none.20.100ms", "data": {"timestamp": 1769941993853, "change_id": 137826381994, "instrument_name": "BTC-6FEB26", "bids": [[78927.5, 450.0], [78925.0, 1510.0], [78920.0, 1750.0], [78917.5, 4560.0], [78910.0, 21530.0], [78907.5, 37870.0], [78905.0, 38290.0], [78885.0, 890.0], [78882.5, 2990.0], [78845.0, 650.0], [78842.5, 2170.0], [78840.0, 2610.0], [78837.5, 8750.0], [78835.0, 4660.0], [78832.5, 15610.0], [78820.0, 5850.0], [78817.5, 19590.0], [78805.0, 20.0], [78800.0, 40.0], [78765.0, 160.0]], "asks": [[78937.5, 1400.0], [78940.0, 9740.0], [78942.5, 20000.0], [78950.0, 420.0], [78952.5, 1400.0], [78955.0, 420.0], [78960.0, 1400.0], [78962.5, 40.0], [78992.5, 50000.0], [78995.0, 19750.0], [79000.0, 8330.0], [79002.5, 16160.0], [79035.0, 1360.0], [79037.5, 4570.0], [79065.0, 12340.0], [79067.5, 41340.0], [79105.0, 12130.0], [79107.5, 40600.0], [79117.5, 19600.0], [79130.0, 50.0]]}}}
{"jsonrpc": "2.0", "method": "subscription", "params": {"channel": "book.BTC-6FEB26.none.20.100ms", "data": {"timestamp": 1769941994031, "change_id": 137826382156, "instrument_name": "BTC-6FEB26", "bids": [[78927.5, 450.0], [78925.0, 1500.0], [78922.5, 10.0], [78920.0, 1750.0], [78917.5, 4560.0], [78910.0, 21530.0], [78907.5, 37870.0], [78905.0, 38290.0], [78885.0, 890.0], [78882.5, 2990.0], [78845.0, 650.0], [78842.5, 2170.0], [78840.0, 2610.0], [78837.5, 8750.0], [78835.0, 4660.0], [78832.5, 15610.0], [78820.0, 5850.0], [78817.5, 19590.0], [78805.0, 20.0], [78800.0, 40.0]], "asks": [[78937.5, 1400.0], [78940.0, 9740.0], [78942.5, 20000.0], [78950.0, 420.0], [78952.5, 1400.0], [78955.0, 420.0], [78960.0, 1400.0], [78962.5, 40.0], [78992.5, 50000.0], [78995.0, 19750.0], [79000.0, 8330.0], [79002.5, 16160.0], [79035.0, 1360.0], [79037.5, 4570.0], [79065.0, 12340.0], [79067.5, 41340.0], [79105.0, 12130.0], [79107.5, 40600.0], [79117.5, 19600.0], [79130.0, 50.0]]}}}
{"jsonrpc": "2.0", "method": "subscription", "params": {"channel": "book.BTC-6FEB26.none.20.100ms", "data": {"timestamp": 1769941994280, "change_id": 137826382456, "instrument_name": "BTC-6FEB26", "bids": [[78927.5, 450.0], [78925.0, 1920.0], [78922.5, 1410.0], [78920.0, 1750.0], [78917.5, 4560.0], [78910.0, 21530.0], [78907.5, 37870.0], [78905.0, 38290.0], [78885.0, 890.0], [78882.5, 2990.0], [78845.0, 650.0], [78842.5, 2170.0], [78840.0, 2610.0], [78837.5, 8750.0], [78835.0, 4660.0], [78832.5, 15610.0], [78820.0, 5850.0], [78817.5, 19590.0], [78805.0, 20.0], [78800.0, 40.0]], "asks": [[78937.5, 1400.0], [78940.0, 9740.0], [78942.5, 20000.0], [78950.0, 420.0], [78952.5, 1400.0], [78955.0, 420.0], [78960.0, 1400.0], [78962.5, 40.0], [78990.0, 20820.0], [78992.5, 50000.0], [78995.0, 19750.0], [79000.0, 8330.0], [79002.5, 16160.0], [79035.0, 1360.0], [79037.5, 4570.0], [79065.0, 12340.0], [79067.5, 41340.0], [79105.0, 12130.0], [79107.5, 40600.0], [79117.5, 19600.0]]}}}
{"jsonrpc": "2.0", "method": "subscription", "params": {"channel": "book.BTC-13FEB26.none.20.100ms", "data": {"timestamp": 1769941994899, "change_id": 137826383397, "instrument_name": "BTC-13FEB26", "bids": [[79002.5, 12680.0], [79000.0, 42470.0], [78997.5, 11320.0], [78995.0, 38360.0], [78992.5, 1500.0], [78990.0, 10.0], [78957.5, 1510.0], [78955.0, 5060.0], [78947.5, 10.0], [78940.0, 4900.0], [78937.5, 16410.0], [78907.5, 80.0], [78905.0, 650.0], [78902.5, 2170.0], [78895.0, 1530.0], [78892.5, 5140.0], [78882.5, 10.0], [78880.0, 40.0], [78872.5, 2600.0], [78870.0, 8700.0]], "asks": [[79010.0, 1500.0], [79017.5, 500.0], [79022.5, 470.0], [79025.0, 1100.0], [79027.5, 4550.0], [79032.5, 1100.0], [79035.0, 40.0], [79057.5, 10.0], [79075.0, 40.0], [79082.5, 20000.0], [79085.0, 2170.0], [79107.5, 16640.0], [79115.0, 50000.0], [79117.5, 5070.0], [79130.0, 15180.0], [79140.0, 41340.0], [79145.0, 8740.0], [79160.0, 4570.0], [79180.0, 30670.0], [79202.5, 160.0]]}}}
{"jsonrpc": "2.0", "method": "subscription", "params": {"channel": "book.BTC-6FEB26.none.20.100ms", "data": {"timestamp": 1769941994894, "change_id": 137826383394, "instrument_name": "BTC-6FEB26", "bids": [[78927.5, 450.0], [78925.0, 1500.0], [78922.5, 10.0], [78920.0, 1750.0], [78917.5, 4560.0], [78910.0, 21530.0], [78907.5, 37870.0], [78905.0, 38290.0], [78885.0, 890.0], [78882.5, 2990.0], [78845.0, 650.0], [78842.5, 2170.0], [78840.0, 2610.0], [78837.5, 8750.0], [78835.0, 4660.0], [78832.5, 15610.0], [78820.0, 5850.0], [78817.5, 19590.0], [78805.0, 20.0], [78800.0, 40.0]], "asks": [[78937.5, 1400.0], [78940.0, 9740.0], [78942.5, 20000.0], [78950.0, 420.0], [78952.5, 1400.0], [78955.0, 420.0], [78960.0, 1400.0], [78962.5, 40.0], [78992.5, 50000.0], [78995.0, 19750.0], [79000.0, 8330.0], [79002.5, 16160.0], [79035.0, 1360.0], [79037.5, 4570.0], [79065.0, 12340.0], [79067.5, 41340.0], [79105.0, 12130.0], [79107.5, 40600.0], [79117.5, 19600.0], [79130.0, 50.0]]}}}
{"jsonrpc": "2.0", "method": "subscription", "params": {"channel": "book.BTC-13FEB26.none.20.100ms", "data": {"timestamp": 1769941995135, "change_id": 137826383678, "instrument_name": "BTC-13FEB26", "bids": [[79002.5, 12680.0], [79000.0, 42470.0], [78997.5, 11320.0], [78995.0, 38360.0], [78992.5, 1500.0], [78990.0, 10.0], [78957.5, 1510.0], [78955.0, 5060.0], [78947.5, 10.0], [78940.0, 4900.0], [78937.5, 16410.0], [78907.5, 80.0], [78905.0, 650.0], [78902.5, 2170.0], [78895.0, 1530.0], [78892.5, 5140.0], [78882.5, 10.0], [78880.0, 40.0], [78872.5, 2600.0], [78870.0, 8700.0]], "asks": [[79010.0, 1500.0], [79017.5, 500.0], [79020.0, 1100.0], [79022.5, 470.0], [79025.0, 1100.0], [79027.5, 4550.0], [79032.5, 1100.0], [79035.0, 40.0], [79057.5, 10.0], [79075.0, 40.0], [79082.5, 20000.0], [79085.0, 2170.0], [79107.5, 16640.0], [79115.0, 50000.0], [79117.5, 5070.0], [79130.0, 15180.0], [79140.0, 41340.0], [79145.0, 8740.0], [79160.0, 4570.0], [79180.0, 30670.0]]}}}
{"jsonrpc": "2.0", "method": "subscription", "params": {"channel": "book.BTC-6FEB26.none.20.100ms", "data": {"timestamp": 1769941995269, "change_id": 137826383811, "instrument_name": "BTC-6FEB26", "bids": [[78927.5, 450.0], [78925.0, 1920.0], [78922.5, 1410.0], [78920.0, 1750.0], [78917.5, 4560.0], [78910.0, 21530.0], [78907.5, 37870.0], [78905.0, 38290.0], [78885.0, 890.0], [78882.5, 2990.0], [78845.0, 650.0], [78842.5, 2170.0], [78840.0, 2610.0], [78837.5, 8750.0], [78835.0, 4660.0], [78832.5, 15610.0], [78820.0, 5850.0], [78817.5, 19590.0], [78805.0, 20.0], [78800.0, 40.0]], "asks": [[78937.5, 1400.0], [78940.0, 9740.0], [78942.5, 20000.0], [78950.0, 420.0], [78952.5, 1400.0], [78955.0, 420.0], [78960.0, 1400.0], [78962.5, 40.0], [78992.5, 50000.0], [78995.0, 19750.0], [79000.0, 8330.0], [79002.5, 16160.0], [79035.0, 1360.0], [79037.5, 4570.0], [79065.0, 12340.0], [79067.5, 41340.0], [79105.0, 12130.0], [79107.5, 40600.0], [79117.5, 19600.0], [79130.0, 50.0]]}}}
{"jsonrpc": "2.0", "method": "subscription", "params": {"channel": "book.BTC-13FEB26.none.20.100ms", "data": {"timestamp": 1769941996124, "change_id": 137826384936, "instrument_name": "BTC-13FEB26", "bids": [[79002.5, 12680.0], [79000.0, 42470.0], [78997.5, 11320.0], [78995.0, 37910.0], [78990.0, 10.0], [78957.5, 1510.0], [78955.0, 5060.0], [78947.5, 10.0], [78940.0, 4900.0], [78937.5, 16410.0], [78907.5, 80.0], [78905.0, 650.0], [78902.5, 2170.0], [78895.0, 1530.0], [78892.5, 5140.0], [78882.5, 10.0], [78880.0, 40.0], [78872.5, 2600.0], [78870.0, 8700.0], [78867.5, 10.0]], "asks": [[79010.0, 2600.0], [79017.5, 500.0], [79020.0, 1100.0], [79022.5, 470.0], [79025.0, 1100.0], [79027.5, 5650.0], [79030.0, 20000.0], [79032.5, 1100.0], [79035.0, 40.0], [79057.5, 10.0], [79075.0, 40.0], [79085.0, 2170.0], [79107.5, 16640.0], [79115.0, 50000.0], [79117.5, 5070.0], [79130.0, 15180.0], [79140.0, 41340.0], [79145.0, 8740.0], [79160.0, 4570.0], [79180.0, 30670.0]]}}}
{"jsonrpc": "2.0", "method": "subscription", "params": {"channel": "book.BTC-6FEB26.none.20.100ms", "data": {"timestamp": 1769941996199, "change_id": 137826385087, "instrument_name": "BTC-6FEB26", "bids": [[78922.5, 10.0], [78920.0, 1750.0], [78917.5, 6060.0], [78910.0, 21530.0], [78907.5, 37870.0], [78905.0, 38290.0], [78885.0, 890.0], [78882.5, 2990.0], [78845.0, 650.0], [78842.5, 2170.0], [78840.0, 2610.0], [78837.5, 8750.0], [78835.0, 4660.0], [78832.5, 15610.0], [78820.0, 5850.0], [78817.5, 19590.0], [78805.0, 10.0], [78800.0, 50.0], [78765.0, 160.0], [78762.5, 34820.0]], "asks": [[78937.5, 1400.0], [78940.0, 9740.0], [78942.5, 20000.0], [78950.0, 420.0], [78952.5, 1400.0], [78955.0, 420.0], [78960.0, 1400.0], [78962.5, 40.0], [78992.5, 50000.0], [78995.0, 19750.0], [79000.0, 8330.0], [79002.5, 16160.0], [79035.0, 1360.0], [79037.5, 4570.0], [79065.0, 12340.0], [79067.5, 41340.0], [79105.0, 12130.0], [79107.5, 40600.0], [79117.5, 19600.0], [79130.0, 50.0]]}}}
{"jsonrpc": "2.0", "method": "subscription", "params": {"channel": "book.BTC-13FEB26.none.20.100ms", "data": {"timestamp": 1769941996419, "change_id": 137826385424, "instrument_name": "BTC-13FEB26", "bids": [[79000.0, 4550.0], [78990.0, 10.0], [78985.0, 450.0], [78982.5, 1500.0], [78957.5, 1510.0], [78955.0, 5060.0], [78947.5, 10.0], [78940.0, 4900.0], [78937.5, 16410.0], [78907.5, 80.0], [78905.0, 650.0], [78902.5, 2170.0], [78895.0, 1530.0], [78892.5, 5140.0], [78882.5, 10.0], [78880.0, 40.0], [78872.5, 2600.0], [78870.0, 8700.0], [78867.5, 10.0], [78862.5, 1320.0]], "asks": [[79005.0, 1500.0], [79010.0, 1100.0], [79017.5, 500.0], [79020.0, 1100.0], [79022.5, 470.0], [79025.0, 1100.0], [79027.5, 5650.0], [79030.0, 20000.0], [79032.5, 1100.0], [79035.0, 40.0], [79057.5, 10.0], [79075.0, 40.0], [79085.0, 2170.0], [79107.5, 16640.0], [79115.0, 50000.0], [79117.5, 5070.0], [79130.0, 15180.0], [79140.0, 41340.0], [79145.0, 8740.0], [79160.0, 4570.0]]}}}
{"jsonrpc": "2.0", "method": "subscription", "params": {"channel": "book.BTC-6FEB26.none.20.100ms", "data": {"timestamp": 1769941996418, "change_id": 137826385420, "instrument_name": "BTC-6FEB26", "bids": [[78920.0, 1750.0], [78917.5, 6060.0], [78915.0, 10.0], [78885.0, 890.0], [78882.5, 2990.0], [78845.0, 650.0], [78842.5, 2170.0], [78840.0, 2610.0], [78837.5, 8750.0], [78835.0, 4660.0], [78832.5, 15610.0], [78820.0, 5850.0], [78817.5, 19590.0], [78805.0, 10.0], [78800.0, 50.0], [78765.0, 160.0], [78762.5, 34820.0], [78760.0, 45700.0], [78745.0, 4420.0], [78722.5, 40810.0]], "asks": [[78935.0, 2900.0], [78937.5, 1400.0], [78940.0, 8240.0], [78942.5, 20000.0], [78950.0, 420.0], [78952.5, 1400.0], [78955.0, 420.0], [78960.0, 1400.0], [78962.5, 40.0], [78992.5, 50000.0], [78995.0, 19750.0], [79000.0, 8330.0], [79002.5, 16160.0], [79035.0, 1360.0], [79037.5, 4570.0], [79065.0, 12340.0], [79067.5, 41340.0], [79105.0, 12130.0], [79107.5, 40600.0], [79117.5, 19600.0]]}}}
{"jsonrpc": "2.0", "method": "subscription", "params": {"channel": "book.BTC-13FEB26.none.20.100ms", "data": {"timestamp": 1769941996633, "change_id": 137826385798, "instrument_name": "BTC-13FEB26", "bids": [[79000.0, 25740.0], [78997.5, 37910.0], [78995.0, 37910.0], [78990.0, 10.0], [78985.0, 450.0], [78982.5, 1500.0], [78957.5, 1510.0], [78955.0, 5060.0], [78947.5, 10.0], [78940.0, 4900.0], [78937.5, 16410.0], [78907.5, 80.0], [78905.0, 650.0], [78902.5, 2170.0], [78895.0, 1530.0], [78892.5, 5140.0], [78882.5, 10.0], [78880.0, 40.0], [78872.5, 2600.0], [78870.0, 8700.0]], "asks": [[79005.0, 1500.0], [79010.0, 1100.0], [79017.5, 500.0], [79020.0, 1100.0], [79022.5, 470.0], [79025.0, 1100.0], [79027.5, 5650.0], [79030.0, 20000.0], [79032.5, 1100.0], [79035.0, 40.0], [79057.5, 10.0], [79075.0, 40.0], [79085.0, 2170.0], [79107.5, 16640.0], [79115.0, 50000.0], [79117.5, 5070.0], [79130.0, 15180.0], [79140.0, 41340.0], [79145.0, 8740.0], [79160.0, 4570.0]]}}}
{"jsonrpc": "2.0", "method": "subscription", "params": {"channel": "book.BTC-6FEB26.none.20.100ms", "data": {"timestamp": 1769941996785, "change_id": 137826386045, "instrument_name": "BTC-6FEB26", "bids": [[78920.0, 1760.0], [78917.5, 6060.0], [78912.5, 11300.0], [78910.0, 49170.0], [78907.5, 37870.0], [78885.0, 890.0], [78882.5, 2990.0], [78845.0, 650.0], [78842.5, 2170.0], [78840.0, 2610.0], [78837.5, 8750.0], [78835.0, 4660.0], [78832.5, 15610.0], [78820.0, 5850.0], [78817.5, 19590.0], [78805.0, 10.0], [78800.0, 50.0], [78765.0, 160.0], [78762.5, 34820.0], [78760.0, 45700.0]], "asks": [[78935.0, 2900.0], [78937.5, 1400.0], [78940.0, 8240.0], [78942.5, 20000.0], [78950.0, 420.0], [78952.5, 1400.0], [78955.0, 420.0], [78960.0, 1400.0], [78962.5, 40.0], [78992.5, 50000.0], [78995.0, 19750.0], [79000.0, 8330.0], [79002.5, 16160.0], [79035.0, 1360.0], [79037.5, 4570.0], [79065.0, 12340.0], [79067.5, 41340.0], [79105.0, 12130.0], [79107.5, 40600.0], [79117.5, 19600.0]]}}}
{"jsonrpc": "2.0", "method": "subscription", "params": {"channel": "book.BTC-13FEB26.none.20.100ms", "data": {"timestamp": 1769941997112, "change_id": 137826386622, "instrument_name": "BTC-13FEB26", "bids": [[79000.0, 25740.0], [78997.5, 37910.0], [78995.0, 37910.0], [78990.0, 10.0], [78985.0, 450.0], [78982.5, 1500.0], [78957.5, 1510.0], [78955.0, 5060.0], [78947.5, 10.0], [78940.0, 4900.0], [78937.5, 16410.0], [78907.5, 80.0], [78905.0, 650.0], [78902.5, 2170.0], [78895.0, 1530.0], [78892.5, 5140.0], [78882.5, 10.0], [78880.0, 40.0], [78872.5, 2600.0], [78870.0, 8700.0]], "asks": [[79005.0, 1500.0], [79017.5, 500.0], [79020.0, 1100.0], [79022.5, 470.0], [79025.0, 1100.0], [79027.5, 5650.0], [79030.0, 20000.0], [79032.5, 1100.0], [79035.0, 40.0], [79057.5, 10.0], [79075.0, 40.0], [79085.0, 2170.0], [79107.5, 16640.0], [79115.0, 50000.0], [79117.5, 5070.0], [79130.0, 15180.0], [79140.0, 41340.0], [79145.0, 8740.0], [79160.0, 4570.0], [79180.0, 30670.0]]}}}
{"jsonrpc": "2.0", "method": "subscription", "params": {"channel": "book.BTC-6FEB26.none.20.100ms", "data": {"timestamp": 1769941997418, "change_id": 137826386912, "instrument_name": "BTC-6FEB26", "bids": [[78922.5, 420.0], [78920.0, 3150.0], [78917.5, 6070.0], [78912.5, 11300.0], [78910.0, 49170.0], [78907.5, 37870.0], [78885.0, 890.0], [78882.5, 2990.0], [78845.0, 650.0], [78842.5, 2170.0], [78840.0, 2610.0], [78837.5, 8750.0], [78835.0, 4660.0], [78832.5, 15610.0], [78820.0, 5850.0], [78817.5, 19590.0], [78805.0, 10.0], [78800.0, 50.0], [78765.0, 160.0], [78762.5, 34820.0]], "asks": [[78935.0, 2900.0], [78937.5, 1400.0], [78940.0, 8240.0], [78942.5, 20000.0], [78950.0, 420.0], [78952.5, 1400.0], [78955.0, 420.0], [78960.0, 1400.0], [78962.5, 40.0], [78987.5, 50000.0], [78995.0, 19750.0], [79000.0, 8330.0], [79002.5, 16160.0], [79035.0, 1360.0], [79037.5, 4570.0], [79065.0, 12340.0], [79067.5, 41340.0], [79105.0, 12140.0], [79107.5, 40590.0], [79117.5, 19600.0]]}}}
{"jsonrpc": "2.0", "method": "subscription", "params": {"channel": "book.BTC-13FEB26.none.20.100ms", "data": {"timestamp": 1769941997688, "change_id": 137826387282, "instrument_name": "BTC-13FEB26", "bids": [[79000.0, 25740.0], [78997.5, 37910.0], [78995.0, 37910.0], [78990.0, 10.0], [78985.0, 450.0], [78982.5, 1500.0], [78962.5, 1510.0], [78960.0, 5060.0], [78947.5, 10.0], [78940.0, 4900.0], [78937.5, 16410.0], [78907.5, 80.0], [78905.0, 650.0], [78902.5, 2170.0], [78895.0, 1530.0], [78892.5, 5140.0], [78882.5, 10.0], [78880.0, 40.0], [78872.5, 2600.0], [78870.0, 8700.0]], "asks": [[79005.0, 1500.0], [79017.5, 500.0], [79020.0, 1100.0], [79022.5, 470.0], [79025.0, 1100.0], [79027.5, 5650.0], [79030.0, 20000.0], [79032.5, 1100.0], [79035.0, 40.0], [79057.5, 10.0], [79075.0, 40.0], [79085.0, 2170.0], [79107.5, 16640.0], [79115.0, 50000.0], [79117.5, 5070.0], [79130.0, 15180.0], [79140.0, 41340.0], [79145.0, 8740.0], [79160.0, 4570.0], [79180.0, 30670.0]]}}}
{"jsonrpc": "2.0", "method": "subscription", "params": {"channel": "book.BTC-6FEB26.none.20.100ms", "data": {"timestamp": 1769941997687, "change_id": 137826387281, "instrument_name": "BTC-6FEB26", "bids": [[78920.0, 1760.0], [78917.5, 6060.0], [78912.5, 11300.0], [78910.0, 49170.0], [78907.5, 37870.0], [78885.0, 890.0], [78882.5, 2990.0], [78845.0, 650.0], [78842.5, 2170.0], [78840.0, 2610.0], [78837.5, 8750.0], [78835.0, 4660.0], [78832.5, 15610.0], [78820.0, 5850.0], [78817.5, 19590.0], [78805.0, 10.0], [78800.0, 40.0], [78765.0, 170.0], [78762.5, 34820.0], [78760.0, 45700.0]], "asks": [[78935.0, 2900.0], [78937.5, 1400.0], [78940.0, 8240.0], [78942.5, 20000.0], [78950.0, 420.0], [78952.5, 1400.0], [78955.0, 420.0], [78960.0, 1400.0], [78962.5, 40.0], [78987.5, 50000.0], [78995.0, 19750.0], [79000.0, 8330.0], [79002.5, 16160.0], [79035.0, 1360.0], [79037.5, 4570.0], [79065.0, 12340.0], [79067.5, 41340.0], [79105.0, 12140.0], [79107.5, 40590.0], [79117.5, 19600.0]]}}}
{"jsonrpc": "2.0", "method": "subscription", "params": {"channel": "book.BTC-6FEB26.none.20.100ms", "data": {"timestamp": 1769941998517, "change_id": 137826388139, "instrument_name": "BTC-6FEB26", "bids": [[78920.0, 1760.0], [78917.5, 6060.0], [78912.5, 11300.0], [78910.0, 49170.0], [78907.5, 37870.0], [78885.0, 890.0], [78882.5, 2990.0], [78845.0, 650.0], [78842.5, 2170.0], [78840.0, 2610.0], [78837.5, 8750.0], [78835.0, 4660.0], [78832.5, 15610.0], [78820.0, 5850.0], [78817.5, 19590.0], [78805.0, 10.0], [78800.0, 50.0], [78765.0, 160.0], [78762.5, 34820.0], [78760.0, 45700.0]], "asks": [[78932.5, 1400.0], [78935.0, 2340.0], [78937.5, 1400.0], [78940.0, 8240.0], [78942.5, 20000.0], [78950.0, 420.0], [78952.5, 1400.0], [78955.0, 420.0], [78960.0, 1400.0], [78962.5, 40.0], [78985.0, 14930.0], [78987.5, 50000.0], [78995.0, 19750.0], [79000.0, 8330.0], [79002.5, 16160.0], [79035.0, 1360.0], [79037.5, 4570.0], [79065.0, 12350.0], [79067.5, 41340.0], [79105.0, 12130.0]]}}}
{"jsonrpc": "2.0", "method": "subscription", "params": {"channel": "book.BTC-13FEB26.none.20.100ms", "data": {"timestamp": 1769941998813, "change_id": 137826388468, "instrument_name": "BTC-13FEB26", "bids": [[79000.0, 25740.0], [78997.5, 37910.0], [78995.0, 37910.0], [78990.0, 10.0], [78985.0, 450.0], [78982.5, 1500.0], [78962.5, 1510.0], [78960.0, 5060.0], [78947.5, 10.0], [78940.0, 4900.0], [78937.5, 16410.0], [78907.5, 80.0], [78905.0, 650.0], [78902.5, 2170.0], [78895.0, 1530.0], [78892.5, 5140.0], [78882.5, 10.0], [78880.0, 40.0], [78872.5, 2600.0], [78870.0, 8700.0]], "asks": [[79005.0, 1500.0], [79017.5, 500.0], [79020.0, 1100.0], [79022.5, 470.0], [79025.0, 1100.0], [79027.5, 5650.0], [79030.0, 20000.0], [79032.5, 1100.0], [79035.0, 40.0], [79057.5, 10.0], [79075.0, 40.0], [79085.0, 2170.0], [79107.5, 16640.0], [79115.0, 50000.0], [79117.5, 5070.0], [79130.0, 15180.0], [79140.0, 41340.0], [79145.0, 8740.0], [79160.0, 4570.0], [79180.0, 30670.0]]}}}
{"jsonrpc": "2.0", "method": "subscription", "params": {"channel": "book.BTC-6FEB26.none.20.100ms", "data": {"timestamp": 1769941998815, "change_id": 137826388471, "instrument_name": "BTC-6FEB26", "bids": [[78920.0, 1760.0], [78917.5, 6060.0], [78912.5, 11300.0], [78910.0, 49170.0], [78907.5, 37870.0], [78885.0, 890.0], [78882.5, 2990.0], [78845.0, 650.0], [78842.5, 2170.0], [78840.0, 2610.0], [78837.5, 8750.0], [78835.0, 4660.0], [78832.5, 15610.0], [78820.0, 5850.0], [78817.5, 19590.0], [78805.0, 10.0], [78800.0, 50.0], [78765.0, 160.0], [78762.5, 34820.0], [78760.0, 45700.0]], "asks": [[78932.5, 1400.0], [78935.0, 1500.0], [78937.5, 1400.0], [78940.0, 8240.0], [78942.5, 20000.0], [78950.0, 420.0], [78952.5, 1400.0], [78955.0, 420.0], [78960.0, 1400.0], [78962.5, 40.0], [78985.0, 14930.0], [78987.5, 50000.0], [78995.0, 19750.0], [79000.0, 8330.0], [79002.5, 16160.0], [79035.0, 1360.0], [79037.5, 4570.0], [79065.0, 12350.0], [79067.5, 41340.0], [79105.0, 12130.0]]}}}
{"jsonrpc": "2.0", "method": "subscription", "params": {"channel": "book.BTC-13FEB26.none.20.100ms", "data": {"timestamp": 1769941999173, "change_id": 137826388912, "instrument_name": "BTC-13FEB26", "bids": [[79002.5, 1360.0], [79000.0, 25740.0], [78997.5, 37910.0], [78995.0, 37910.0], [78990.0, 460.0], [78987.5, 1500.0], [78962.5, 1510.0], [78960.0, 5060.0], [78947.5, 10.0], [78940.0, 4900.0], [78937.5, 16410.0], [78907.5, 80.0], [78905.0, 650.0], [78902.5, 2170.0], [78895.0, 1530.0], [78892.5, 5140.0], [78882.5, 10.0], [78880.0, 50.0], [78872.5, 2600.0], [78870.0, 8700.0]], "asks": [[79017.5, 500.0], [79020.0, 1100.0], [79022.5, 470.0], [79025.0, 1100.0], [79027.5, 5650.0], [79032.5, 1100.0], [79035.0, 40.0], [79057.5, 10.0], [79072.5, 20000.0], [79075.0, 40.0], [79085.0, 2170.0], [79107.5, 16640.0], [79115.0, 50000.0], [79117.5, 5070.0], [79130.0, 15180.0], [79140.0, 41340.0], [79145.0, 8740.0], [79160.0, 4580.0], [79180.0, 30660.0], [79202.5, 160.0]]}}}
{"jsonrpc": "2.0", "method": "subscription", "params": {"channel": "book.BTC-6FEB26.none.20.100ms", "data": {"timestamp": 1769941999196, "change_id": 137826388971, "instrument_name": "BTC-6FEB26", "bids": [[78922.5, 1410.0], [78920.0, 1750.0], [78917.5, 6060.0], [78912.5, 11300.0], [78910.0, 49170.0], [78907.5, 37870.0], [78885.0, 890.0], [78882.5, 2990.0], [78845.0, 650.0], [78842.5, 2170.0], [78840.0, 2610.0], [78837.5, 8750.0], [78835.0, 4660.0], [78832.5, 15610.0], [78820.0, 5850.0], [78817.5, 19590.0], [78805.0, 10.0], [78800.0, 50.0], [78765.0, 160.0], [78762.5, 34820.0]], "asks": [[78937.5, 1400.0], [78940.0, 1400.0], [78942.5, 20000.0], [78950.0, 420.0], [78952.5, 1400.0], [78955.0, 420.0], [78960.0, 1400.0], [78962.5, 40.0], [78985.0, 14930.0], [78987.5, 50000.0], [78995.0, 19750.0], [79000.0, 8330.0], [79002.5, 16160.0], [79035.0, 1360.0], [79037.5, 4570.0], [79065.0, 12350.0], [79067.5, 41340.0], [79105.0, 12130.0], [79107.5, 40590.0], [79117.5, 19600.0]]}}}
{"jsonrpc": "2.0", "method": "subscription", "params": {"channel": "book.BTC-13FEB26.none.20.100ms", "data": {"timestamp": 1769941999475, "change_id": 137826389909, "instrument_name": "BTC-13FEB26", "bids": [[79015.0, 4550.0], [79000.0, 21200.0], [78997.5, 39410.0], [78995.0, 37910.0], [78962.5, 1510.0], [78960.0, 5060.0], [78947.5, 10.0], [78940.0, 4900.0], [78937.5, 16410.0], [78907.5, 80.0], [78905.0, 650.0], [78902.5, 2170.0], [78895.0, 1530.0], [78892.5, 5140.0], [78882.5, 10.0], [78880.0, 50.0], [78872.5, 2600.0], [78870.0, 8700.0], [78862.5, 1320.0], [78860.0, 4420.0]], "asks": [[79017.5, 500.0], [79020.0, 2600.0], [79022.5, 470.0], [79025.0, 1100.0], [79027.5, 1100.0], [79032.5, 1100.0], [79035.0, 4590.0], [79057.5, 10.0], [79075.0, 40.0], [79077.5, 20000.0], [79085.0, 2170.0], [79107.5, 16640.0], [79115.0, 50000.0], [79117.5, 5070.0], [79130.0, 15180.0], [79140.0, 41340.0], [79145.0, 8740.0], [79160.0, 4580.0], [79180.0, 30660.0], [79202.5, 160.0]]}}}
{"jsonrpc": "2.0", "method": "subscription", "params": {"channel": "book.BTC-6FEB26.none.20.100ms", "data": {"timestamp": 1769941999435, "change_id": 137826389780, "instrument_name": "BTC-6FEB26", "bids": [[78930.0, 1730.0], [78927.5, 1510.0], [78925.0, 6380.0], [78922.5, 1400.0], [78912.5, 11300.0], [78910.0, 49170.0], [78907.5, 37870.0], [78885.0, 890.0], [78882.5, 2990.0], [78845.0, 650.0], [78842.5, 2170.0], [78840.0, 2610.0], [78837.5, 8750.0], [78835.0, 4660.0], [78832.5, 15610.0], [78825.0, 5850.0], [78822.5, 19590.0], [78805.0, 20.0], [78800.0, 40.0], [78765.0, 160.0]], "asks": [[78942.5, 5950.0], [78947.5, 450.0], [78950.0, 1500.0], [78955.0, 420.0], [78960.0, 1400.0], [78962.5, 40.0], [78990.0, 20820.0], [78992.5, 50000.0], [78995.0, 19750.0], [79000.0, 24820.0], [79002.5, 16160.0], [79035.0, 1360.0], [79037.5, 4570.0], [79065.0, 12350.0], [79067.5, 41340.0], [79105.0, 12130.0], [79107.5, 40590.0], [79115.0, 5850.0], [79117.5, 19600.0], [79130.0, 50.0]]}}}
{"jsonrpc": "2.0", "method": "subscription", "params": {"channel": "book.BTC-13FEB26.none.20.100ms", "data": {"timestamp": 1769941999723, "change_id": 137826390469, "instrument_name": "BTC-13FEB26", "bids": [[79015.0, 4550.0], [79000.0, 11330.0], [78997.5, 39410.0], [78962.5, 1510.0], [78960.0, 5060.0], [78947.5, 10.0], [78940.0, 4900.0], [78937.5, 16410.0], [78907.5, 80.0], [78905.0, 650.0], [78902.5, 2170.0], [78895.0, 1530.0], [78892.5, 5140.0], [78882.5, 10.0], [78880.0, 50.0], [78872.5, 2600.0], [78870.0, 8700.0], [78862.5, 1320.0], [78860.0, 4420.0], [78855.0, 160.0]], "asks": [[79017.5, 500.0], [79020.0, 2600.0], [79022.5, 470.0], [79025.0, 1100.0], [79027.5, 1100.0], [79032.5, 21100.0], [79035.0, 4590.0], [79057.5, 10.0], [79075.0, 40.0], [79085.0, 2170.0], [79107.5, 16640.0], [79115.0, 50000.0], [79117.5, 5070.0], [79130.0, 15180.0], [79140.0, 41340.0], [79145.0, 8740.0], [79160.0, 4580.0], [79180.0, 30660.0], [79202.5, 160.0], [79205.0, 29580.0]]}}}
{"jsonrpc": "2.0", "method": "subscription", "params": {"channel": "book.BTC-6FEB26.none.20.100ms", "data": {"timestamp": 1769941999732, "change_id": 137826390480, "instrument_name": "BTC-6FEB26", "bids": [[78930.0, 1730.0], [78927.5, 1510.0], [78925.0, 6380.0], [78922.5, 1400.0], [78912.5, 11300.0], [78910.0, 37870.0], [78885.0, 890.0], [78882.5, 2990.0], [78845.0, 650.0], [78842.5, 2170.0], [78840.0, 2610.0], [78837.5, 8750.0], [78835.0, 4660.0], [78832.5, 15610.0], [78825.0, 5850.0], [78822.5, 19590.0], [78805.0, 20.0], [78800.0, 40.0], [78765.0, 160.0], [78762.5, 34820.0]], "asks": [[78942.5, 25950.0], [78947.5, 450.0], [78950.0, 1500.0], [78955.0, 420.0], [78960.0, 1400.0], [78962.5, 40.0], [78990.0, 20820.0], [78992.5, 50000.0], [78995.0, 19750.0], [79000.0, 4820.0], [79002.5, 16160.0], [79035.0, 1360.0], [79037.5, 4570.0], [79065.0, 12350.0], [79067.5, 41340.0], [79105.0, 12130.0], [79107.5, 40590.0], [79115.0, 5850.0], [79117.5, 19600.0], [79130.0, 50.0]]}}}
{"jsonrpc": "2.0", "method": "subscription", "params": {"channel": "book.BTC-13FEB26.none.20.100ms", "data": {"timestamp": 1769942000122, "change_id": 137826391122, "instrument_name": "BTC-13FEB26", "bids": [[79015.0, 4550.0], [79005.0, 11320.0], [79002.5, 37920.0], [79000.0, 11330.0], [78997.5, 39410.0], [78967.5, 1510.0], [78965.0, 5060.0], [78947.5, 10.0], [78940.0, 4900.0], [78937.5, 16410.0], [78907.5, 80.0], [78905.0, 650.0], [78902.5, 2170.0], [78900.0, 1530.0], [78897.5, 5140.0], [78882.5, 10.0], [78880.0, 50.0], [78872.5, 2600.0], [78870.0, 8700.0], [78862.5, 1320.0]], "asks": [[79017.5, 800.0], [79020.0, 1500.0], [79032.5, 1100.0], [79035.0, 4590.0], [79057.5, 10.0], [79075.0, 40.0], [79082.5, 20000.0], [79085.0, 2170.0], [79107.5, 16640.0], [79110.0, 50000.0], [79117.5, 5070.0], [79130.0, 15180.0], [79140.0, 41340.0], [79145.0, 8740.0], [79160.0, 4580.0], [79180.0, 30660.0], [79202.5, 160.0], [79205.0, 29580.0], [79220.0, 670.0], [79225.0, 34810.0]]}}}
{"jsonrpc": "2.0", "method": "subscription", "params": {"channel": "book.BTC-6FEB26.none.20.100ms", "data": {"timestamp": 1769942000165, "change_id": 137826391217, "instrument_name": "BTC-6FEB26", "bids": [[78935.0, 450.0], [78932.5, 1500.0], [78930.0, 1740.0], [78927.5, 10.0], [78925.0, 6370.0], [78922.5, 1400.0], [78917.5, 11300.0], [78915.0, 37870.0], [78912.5, 11300.0], [78910.0, 37870.0], [78885.0, 890.0], [78882.5, 2990.0], [78845.0, 650.0], [78842.5, 2170.0], [78840.0, 2610.0], [78837.5, 8750.0], [78835.0, 4660.0], [78832.5, 15610.0], [78825.0, 19590.0], [78805.0, 20.0]], "asks": [[78942.5, 5950.0], [78947.5, 450.0], [78950.0, 1500.0], [78955.0, 420.0], [78960.0, 1400.0], [78962.5, 40.0], [78990.0, 20820.0], [78992.5, 50000.0], [78995.0, 19750.0], [79000.0, 24820.0], [79002.5, 16160.0], [79035.0, 1360.0], [79037.5, 4570.0], [79065.0, 12350.0], [79067.5, 41340.0], [79105.0, 12130.0], [79107.5, 40590.0], [79115.0, 5850.0], [79117.5, 19600.0], [79130.0, 50.0]]}}}
{"jsonrpc": "2.0", "method": "subscription", "params": {"channel": "book.BTC-6FEB26.none.20.100ms", "data": {"timestamp": 1769942000215, "change_id": 137826391242, "instrument_name": "BTC-6FEB26", "bids": [[78935.0, 450.0], [78932.5, 1500.0], [78930.0, 1740.0], [78927.5, 1410.0], [78925.0, 4970.0], [78917.5, 11300.0], [78915.0, 37870.0], [78912.5, 11300.0], [78910.0, 37870.0], [78885.0, 890.0], [78882.5, 2990.0], [78845.0, 650.0], [78842.5, 2170.0], [78840.0, 2610.0], [78837.5, 8750.0], [78835.0, 4660.0], [78832.5, 15610.0], [78825.0, 19600.0], [78805.0, 10.0], [78800.0, 40.0]], "asks": [[78940.0, 1400.0], [78942.5, 5950.0], [78947.5, 450.0], [78950.0, 1500.0], [78955.0, 420.0], [78960.0, 1400.0], [78962.5, 40.0], [78990.0, 20820.0], [78992.5, 50000.0], [78995.0, 19750.0], [79000.0, 24820.0], [79002.5, 16160.0], [79035.0, 1360.0], [79037.5, 4570.0], [79065.0, 12340.0], [79067.5, 41340.0], [79105.0, 12130.0], [79107.5, 40600.0], [79115.0, 5850.0], [79117.5, 19600.0]]}}}
{"jsonrpc": "2.0", "method": "subscription", "params": {"channel": "book.BTC-13FEB26.none.20.100ms", "data": {"timestamp": 1769942000577, "change_id": 137826391666, "instrument_name": "BTC-13FEB26", "bids": [[79015.0, 4550.0], [79005.0, 11320.0], [79002.5, 37920.0], [79000.0, 460.0], [78997.5, 1500.0], [78967.5, 1510.0], [78965.0, 5060.0], [78947.5, 10.0], [78940.0, 4900.0], [78937.5, 16410.0], [78907.5, 80.0], [78905.0, 650.0], [78902.5, 2170.0], [78900.0, 1530.0], [78897.5, 5140.0], [78882.5, 10.0], [78880.0, 50.0], [78872.5, 2600.0], [78870.0, 8700.0], [78862.5, 1320.0]], "asks": [[79017.5, 800.0], [79020.0, 1500.0], [79032.5, 1100.0], [79035.0, 4590.0], [79057.5, 10.0], [79075.0, 40.0], [79082.5, 20000.0], [79085.0, 2170.0], [79107.5, 16640.0], [79110.0, 50000.0], [79117.5, 5070.0], [79130.0, 15180.0], [79140.0, 41340.0], [79145.0, 8740.0], [79160.0, 4580.0], [79180.0, 30660.0], [79202.5, 160.0], [79205.0, 29580.0], [79220.0, 670.0], [79225.0, 34810.0]]}}}
{"jsonrpc": "2.0", "method": "subscription", "params": {"channel": "book.BTC-6FEB26.none.20.100ms", "data": {"timestamp": 1769942000788, "change_id": 137826391984, "instrument_name": "BTC-6FEB26", "bids": [[78935.0, 450.0], [78932.5, 1500.0], [78930.0, 1740.0], [78927.5, 1410.0], [78925.0, 4970.0], [78917.5, 11300.0], [78915.0, 37870.0], [78885.0, 890.0], [78882.5, 2990.0], [78845.0, 650.0], [78842.5, 2170.0], [78840.0, 2610.0], [78837.5, 8750.0], [78835.0, 4660.0], [78832.5, 15610.0], [78827.5, 5850.0], [78825.0, 19600.0], [78805.0, 10.0], [78800.0, 40.0], [78765.0, 160.0]], "asks": [[78940.0, 1400.0], [78942.5, 5950.0], [78950.0, 1500.0], [78955.0, 420.0], [78960.0, 1400.0], [78962.5, 40.0], [78990.0, 20820.0], [78992.5, 50000.0], [78995.0, 19750.0], [78997.5, 5970.0], [79000.0, 24820.0], [79002.5, 16160.0], [79035.0, 1360.0], [79037.5, 4570.0], [79065.0, 12340.0], [79067.5, 41340.0], [79105.0, 12130.0], [79107.5, 40600.0], [79115.0, 5850.0], [79117.5, 19600.0]]}}}
{"jsonrpc": "2.0", "method": "subscription", "params": {"channel": "book.BTC-13FEB26.none.20.100ms", "data": {"timestamp": 1769942000939, "change_id": 137826392071, "instrument_name": "BTC-13FEB26", "bids": [[79015.0, 4550.0], [79010.0, 9620.0], [79007.5, 32220.0], [79005.0, 11320.0], [79002.5, 37920.0], [79000.0, 460.0], [78997.5, 1500.0], [78967.5, 1510.0], [78965.0, 5060.0], [78947.5, 10.0], [78940.0, 4900.0], [78937.5, 16410.0], [78907.5, 80.0], [78905.0, 650.0], [78902.5, 2170.0], [78900.0, 1530.0], [78897.5, 5140.0], [78882.5, 10.0], [78880.0, 50.0], [78872.5, 2600.0]], "asks": [[79017.5, 800.0], [79020.0, 1500.0], [79032.5, 1100.0], [79035.0, 4590.0], [79057.5, 10.0], [79075.0, 40.0], [79082.5, 20000.0], [79085.0, 2170.0], [79107.5, 16640.0], [79110.0, 50000.0], [79117.5, 5070.0], [79130.0, 15180.0], [79140.0, 41340.0], [79145.0, 8740.0], [79160.0, 4580.0], [79180.0, 30660.0], [79202.5, 160.0], [79205.0, 29580.0], [79220.0, 670.0], [79225.0, 34810.0]]}}}
{"jsonrpc": "2.0", "method": "subscription", "params": {"channel": "book.BTC-6FEB26.none.20.100ms", "data": {"timestamp": 1769942000936, "change_id": 137826392067, "instrument_name": "BTC-6FEB26", "bids": [[78935.0, 450.0], [78932.5, 1500.0], [78930.0, 1740.0], [78927.5, 1410.0], [78925.0, 4970.0], [78917.5, 11300.0], [78915.0, 37870.0], [78885.0, 890.0], [78882.5, 2990.0], [78845.0, 650.0], [78842.5, 2170.0], [78840.0, 2610.0], [78837.5, 8750.0], [78835.0, 4660.0], [78832.5, 15610.0], [78827.5, 5850.0], [78825.0, 19600.0], [78805.0, 10.0], [78800.0, 40.0], [78765.0, 160.0]], "asks": [[78940.0, 1400.0], [78942.5, 5950.0], [78947.5, 450.0], [78950.0, 1500.0], [78955.0, 420.0], [78960.0, 1400.0], [78962.5, 40.0], [78990.0, 20820.0], [78992.5, 50000.0], [78995.0, 19750.0], [78997.5, 5970.0], [79000.0, 24820.0], [79002.5, 16160.0], [79035.0, 1360.0], [79037.5, 4570.0], [79065.0, 12340.0], [79067.5, 41340.0], [79105.0, 12130.0], [79107.5, 40600.0], [79115.0, 5850.0]]}}}
{"jsonrpc": "2.0", "method": "subscription", "params": {"channel": "book.BTC-6FEB26.none.20.100ms", "data": {"timestamp": 1769942001202, "change_id": 137826392448, "instrument_name": "BTC-6FEB26", "bids": [[78935.0, 450.0], [78932.5, 1500.0], [78930.0, 1740.0], [78927.5, 1410.0], [78925.0, 4970.0], [78917.5, 11300.0], [78915.0, 37870.0], [78885.0, 890.0], [78882.5, 2990.0], [78845.0, 650.0], [78842.5, 2170.0], [78840.0, 2610.0], [78837.5, 8750.0], [78835.0, 4660.0], [78832.5, 15610.0], [78827.5, 5850.0], [78825.0, 19600.0], [78805.0, 10.0], [78800.0, 40.0], [78765.0, 160.0]], "asks": [[78940.0, 1400.0], [78942.5, 4550.0], [78947.5, 450.0], [78950.0, 1920.0], [78952.5, 1400.0], [78955.0, 420.0], [78960.0, 1400.0], [78962.5, 40.0], [78990.0, 20820.0], [78992.5, 50000.0], [78995.0, 19750.0], [78997.5, 5970.0], [79000.0, 24820.0], [79002.5, 16160.0], [79035.0, 1360.0], [79037.5, 4570.0], [79065.0, 12340.0], [79067.5, 41340.0], [79105.0, 12130.0], [79107.5, 40600.0]]}}}
{"jsonrpc": "2.0", "method": "subscription", "params": {"channel": "book.BTC-6FEB26.none.20.100ms", "data": {"timestamp": 1769942001952, "change_id": 137826393328, "instrument_name": "BTC-6FEB26", "bids": [[78935.0, 450.0], [78932.5, 1500.0], [78930.0, 1740.0], [78927.5, 1410.0], [78925.0, 4970.0], [78917.5, 11300.0], [78915.0, 37870.0], [78885.0, 890.0], [78882.5, 2990.0], [78845.0, 650.0], [78842.5, 2170.0], [78840.0, 2610.0], [78837.5, 8750.0], [78835.0, 4660.0], [78832.5, 15610.0], [78827.5, 5850.0], [78825.0, 19600.0], [78805.0, 10.0], [78800.0, 40.0], [78765.0, 160.0]], "asks": [[78940.0, 1400.0], [78942.5, 4550.0], [78947.5, 450.0], [78950.0, 1920.0], [78952.5, 1400.0], [78955.0, 420.0], [78960.0, 1400.0], [78962.5, 40.0], [78990.0, 20820.0], [78992.5, 50000.0], [78995.0, 19750.0], [79000.0, 10180.0], [79002.5, 36160.0], [79035.0, 1360.0], [79037.5, 4570.0], [79065.0, 12340.0], [79067.5, 41340.0], [79105.0, 12130.0], [79107.5, 40600.0], [79115.0, 5850.0]]}}}
{"jsonrpc": "2.0", "method": "subscription", "params": {"channel": "book.BTC-6FEB26.none.20.100ms", "data": {"timestamp": 1769942002189, "change_id": 137826393752, "instrument_name": "BTC-6FEB26", "bids": [[78935.0, 450.0], [78932.5, 1500.0], [78930.0, 1740.0], [78927.5, 1410.0], [78925.0, 4970.0], [78920.0, 1400.0], [78917.5, 11300.0], [78915.0, 37870.0], [78885.0, 890.0], [78882.5, 2990.0], [78845.0, 650.0], [78842.5, 2170.0], [78840.0, 2610.0], [78837.5, 8750.0], [78835.0, 4660.0], [78832.5, 15610.0], [78827.5, 5850.0], [78825.0, 19600.0], [78805.0, 10.0], [78800.0, 40.0]], "asks": [[78940.0, 1400.0], [78942.5, 4550.0], [78947.5, 1850.0], [78950.0, 1920.0], [78952.5, 1400.0], [78955.0, 420.0], [78960.0, 1400.0], [78962.5, 40.0], [78990.0, 20820.0], [78992.5, 50000.0], [78995.0, 19750.0], [79000.0, 10180.0], [79002.5, 36160.0], [79035.0, 1360.0], [79037.5, 4570.0], [79065.0, 12340.0], [79067.5, 41340.0], [79105.0, 12130.0], [79107.5, 40600.0], [79115.0, 5850.0]]}}}
{"jsonrpc": "2.0", "method": "subscription", "params": {"channel": "book.BTC-13FEB26.none.20.100ms", "data": {"timestamp": 1769942003825, "change_id": 137826396345, "instrument_name": "BTC-13FEB26", "bids": [[79015.0, 4550.0], [79010.0, 9620.0], [79007.5, 32220.0], [79002.5, 1500.0], [79000.0, 10.0], [78972.5, 1510.0], [78970.0, 5060.0], [78947.5, 10.0], [78940.0, 4900.0], [78937.5, 16410.0], [78907.5, 1610.0], [78905.0, 5790.0], [78902.5, 2170.0], [78882.5, 10.0], [78880.0, 50.0], [78872.5, 2600.0], [78870.0, 8700.0], [78862.5, 1320.0], [78860.0, 4420.0], [78855.0, 160.0]], "asks": [[79017.5, 800.0], [79027.5, 1500.0], [79032.5, 1100.0], [79042.5, 4550.0], [79047.5, 40.0], [79057.5, 10.0], [79075.0, 40.0], [79085.0, 2170.0], [79105.0, 20000.0], [79107.5, 16640.0], [79110.0, 50000.0], [79117.5, 5070.0], [79130.0, 15180.0], [79140.0, 41340.0], [79145.0, 8740.0], [79160.0, 4580.0], [79180.0, 30660.0], [79202.5, 160.0], [79205.0, 29580.0], [79220.0, 670.0]]}}}
{"jsonrpc": "2.0", "method": "subscription", "params": {"channel": "book.BTC-6FEB26.none.20.100ms", "data": {"timestamp": 1769942003791, "change_id": 137826396334, "instrument_name": "BTC-6FEB26", "bids": [[78940.0, 450.0], [78937.5, 1500.0], [78935.0, 1760.0], [78932.5, 4550.0], [78930.0, 420.0], [78927.5, 1410.0], [78925.0, 11060.0], [78920.0, 37230.0], [78917.5, 11300.0], [78915.0, 37870.0], [78885.0, 890.0], [78882.5, 2990.0], [78845.0, 650.0], [78842.5, 2170.0], [78840.0, 2610.0], [78837.5, 8750.0], [78835.0, 4660.0], [78832.5, 15610.0], [78827.5, 5850.0], [78825.0, 19600.0]], "asks": [[78952.5, 5950.0], [78955.0, 870.0], [78957.5, 1500.0], [78960.0, 1400.0], [78975.0, 40.0], [78995.0, 34680.0], [79000.0, 60180.0], [79002.5, 36160.0], [79035.0, 1360.0], [79037.5, 4570.0], [79065.0, 12340.0], [79067.5, 41340.0], [79105.0, 12130.0], [79107.5, 40590.0], [79115.0, 5850.0], [79117.5, 19600.0], [79130.0, 60.0], [79135.0, 40.0], [79137.5, 50000.0], [79147.5, 500.0]]}}}
{"jsonrpc": "2.0", "method": "subscription", "params": {"channel": "book.BTC-13FEB26.none.20.100ms", "data": {"timestamp": 1769942004035, "change_id": 137826396772, "instrument_name": "BTC-13FEB26", "bids": [[79015.0, 5650.0], [79012.5, 1100.0], [79010.0, 9620.0], [79007.5, 33720.0], [79000.0, 10.0], [78972.5, 1510.0], [78970.0, 5060.0], [78947.5, 10.0], [78940.0, 4900.0], [78937.5, 16410.0], [78907.5, 1610.0], [78905.0, 5790.0], [78902.5, 2170.0], [78882.5, 10.0], [78880.0, 50.0], [78872.5, 2600.0], [78870.0, 8700.0], [78862.5, 1320.0], [78860.0, 4420.0], [78855.0, 160.0]], "asks": [[79017.5, 800.0], [79027.5, 1500.0], [79042.5, 4550.0], [79047.5, 40.0], [79057.5, 10.0], [79075.0, 40.0], [79085.0, 2170.0], [79105.0, 20000.0], [79107.5, 16640.0], [79110.0, 50000.0], [79117.5, 5070.0], [79130.0, 15180.0], [79140.0, 41340.0], [79145.0, 8740.0], [79160.0, 4580.0], [79180.0, 30660.0], [79202.5, 160.0], [79205.0, 29580.0], [79220.0, 670.0], [79225.0, 34810.0]]}}}
{"jsonrpc": "2.0", "method": "subscription", "params": {"channel": "book.BTC-6FEB26.none.20.100ms", "data": {"timestamp": 1769942004034, "change_id": 137826396768, "instrument_name": "BTC-6FEB26", "bids": [[78940.0, 450.0], [78937.5, 1500.0], [78935.0, 1760.0], [78932.5, 4550.0], [78930.0, 420.0], [78927.5, 1410.0], [78925.0, 11060.0], [78920.0, 37230.0], [78885.0, 890.0], [78882.5, 2990.0], [78845.0, 650.0], [78842.5, 2170.0], [78840.0, 2610.0], [78837.5, 8750.0], [78835.0, 9910.0], [78832.5, 15610.0], [78830.0, 19590.0], [78825.0, 10.0], [78805.0, 10.0], [78800.0, 40.0]], "asks": [[78952.5, 5950.0], [78955.0, 870.0], [78957.5, 1500.0], [78960.0, 1400.0], [78975.0, 40.0], [78995.0, 34680.0], [79000.0, 60180.0], [79002.5, 36160.0], [79035.0, 1360.0], [79037.5, 4570.0], [79065.0, 12340.0], [79067.5, 41340.0], [79105.0, 12130.0], [79107.5, 40590.0], [79115.0, 5850.0], [79117.5, 19600.0], [79130.0, 60.0], [79135.0, 40.0], [79137.5, 50000.0], [79147.5, 500.0]]}}}
{"jsonrpc": "2.0", "method": "subscription", "params": {"channel": "book.BTC-13FEB26.none.20.100ms", "data": {"timestamp": 1769942004184, "change_id": 137826397047, "instrument_name": "BTC-13FEB26", "bids": [[79015.0, 5650.0], [79012.5, 39020.0], [79010.0, 9620.0], [79007.5, 33720.0], [79000.0, 10.0], [78972.5, 1510.0], [78970.0, 5060.0], [78947.5, 10.0], [78940.0, 4900.0], [78937.5, 16410.0], [78907.5, 1610.0], [78905.0, 5790.0], [78902.5, 2170.0], [78882.5, 10.0], [78880.0, 50.0], [78872.5, 2600.0], [78870.0, 8700.0], [78862.5, 1320.0], [78860.0, 4420.0], [78855.0, 160.0]], "asks": [[79017.5, 800.0], [79027.5, 1500.0], [79042.5, 4550.0], [79047.5, 40.0], [79057.5, 10.0], [79075.0, 40.0], [79085.0, 2170.0], [79105.0, 20000.0], [79107.5, 16640.0], [79110.0, 50000.0], [79117.5, 5070.0], [79130.0, 15180.0], [79140.0, 41340.0], [79145.0, 8740.0], [79160.0, 4580.0], [79180.0, 30660.0], [79202.5, 160.0], [79205.0, 29580.0], [79220.0, 670.0], [79225.0, 34810.0]]}}}
{"jsonrpc": "2.0", "method": "subscription", "params": {"channel": "book.BTC-6FEB26.none.20.100ms", "data": {"timestamp": 1769942004169, "change_id": 137826397037, "instrument_name": "BTC-6FEB26", "bids": [[78940.0, 450.0], [78937.5, 1500.0], [78935.0, 1760.0], [78932.5, 4550.0], [78930.0, 420.0], [78927.5, 1410.0], [78925.0, 11060.0], [78920.0, 35830.0], [78885.0, 890.0], [78882.5, 2990.0], [78845.0, 650.0], [78842.5, 2170.0], [78840.0, 2610.0], [78837.5, 8750.0], [78835.0, 9910.0], [78832.5, 15610.0], [78830.0, 19590.0], [78825.0, 10.0], [78805.0, 10.0], [78800.0, 40.0]], "asks": [[78952.5, 5950.0], [78955.0, 450.0], [78957.5, 1500.0], [78970.0, 430.0], [78972.5, 1400.0], [78975.0, 40.0], [78995.0, 34680.0], [79000.0, 60180.0], [79002.5, 36160.0], [79035.0, 1360.0], [79037.5, 4570.0], [79065.0, 12340.0], [79067.5, 41340.0], [79105.0, 12130.0], [79107.5, 40590.0], [79115.0, 5850.0], [79117.5, 19600.0], [79130.0, 60.0], [79135.0, 40.0], [79137.5, 50000.0]]}}}
{"jsonrpc": "2.0", "method": "subscription", "params": {"channel": "book.BTC-6FEB26.none.20.100ms", "data": {"timestamp": 1769942004737, "change_id": 137826397737, "instrument_name": "BTC-6FEB26", "bids": [[78940.0, 450.0], [78937.5, 1500.0], [78935.0, 1760.0], [78932.5, 4550.0], [78930.0, 420.0], [78927.5, 1410.0], [78925.0, 11060.0], [78920.0, 35830.0], [78885.0, 890.0], [78882.5, 2990.0], [78845.0, 650.0], [78842.5, 2170.0], [78840.0, 2610.0], [78837.5, 8750.0], [78835.0, 9910.0], [78832.5, 15610.0], [78830.0, 19590.0], [78825.0, 10.0], [78805.0, 10.0], [78800.0, 40.0]], "asks": [[78952.5, 5950.0], [78955.0, 450.0], [78957.5, 1500.0], [78970.0, 430.0], [78972.5, 1400.0], [78975.0, 40.0], [78990.0, 11870.0], [78992.5, 70000.0], [78995.0, 19750.0], [79000.0, 4820.0], [79002.5, 16160.0], [79035.0, 1360.0], [79037.5, 4570.0], [79065.0, 12340.0], [79067.5, 41340.0], [79105.0, 12130.0], [79107.5, 40590.0], [79115.0, 5850.0], [79117.5, 19600.0], [79130.0, 60.0]]}}}
{"jsonrpc": "2.0", "method": "subscription", "params": {"channel": "book.BTC-13FEB26.none.20.100ms", "data": {"timestamp": 1769942005028, "change_id": 137826398016, "instrument_name": "BTC-13FEB26", "bids": [[79015.0, 4550.0], [79012.5, 39020.0], [79010.0, 9620.0], [79007.5, 33720.0], [79000.0, 10.0], [78972.5, 1510.0], [78970.0, 5060.0], [78947.5, 10.0], [78940.0, 4900.0], [78937.5, 16410.0], [78907.5, 1610.0], [78905.0, 5790.0], [78902.5, 2170.0], [78882.5, 10.0], [78880.0, 50.0], [78872.5, 2600.0], [78870.0, 8700.0], [78862.5, 1320.0], [78860.0, 4420.0], [78855.0, 160.0]], "asks": [[79017.5, 800.0], [79027.5, 1500.0], [79042.5, 4550.0], [79047.5, 40.0], [79057.5, 10.0], [79075.0, 40.0], [79085.0, 2170.0], [79105.0, 20000.0], [79107.5, 16640.0], [79110.0, 50000.0], [79117.5, 5070.0], [79130.0, 15180.0], [79140.0, 41340.0], [79145.0, 8740.0], [79160.0, 4580.0], [79180.0, 30660.0], [79202.5, 160.0], [79205.0, 29580.0], [79220.0, 670.0], [79225.0, 34810.0]]}}}
{"jsonrpc": "2.0", "method": "subscription", "params": {"channel": "book.BTC-6FEB26.none.20.100ms", "data": {"timestamp": 1769942004977, "change_id": 137826397980, "instrument_name": "BTC-6FEB26", "bids": [[78940.0, 450.0], [78937.5, 1500.0], [78935.0, 1760.0], [78932.5, 4550.0], [78930.0, 420.0], [78927.5, 1410.0], [78925.0, 11060.0], [78920.0, 35830.0], [78885.0, 890.0], [78882.5, 2990.0], [78845.0, 650.0], [78842.5, 2170.0], [78840.0, 2610.0], [78837.5, 8750.0], [78835.0, 9910.0], [78832.5, 15610.0], [78830.0, 19590.0], [78825.0, 10.0], [78805.0, 10.0], [78800.0, 40.0]], "asks": [[78952.5, 5950.0], [78955.0, 450.0], [78957.5, 1500.0], [78970.0, 430.0], [78972.5, 1400.0], [78975.0, 40.0], [78995.0, 19750.0], [79000.0, 4820.0], [79002.5, 66160.0], [79005.0, 20000.0], [79035.0, 1360.0], [79037.5, 4570.0], [79065.0, 12340.0], [79067.5, 41340.0], [79105.0, 12130.0], [79107.5, 40590.0], [79115.0, 5850.0], [79117.5, 19600.0], [79130.0, 60.0], [79135.0, 40.0]]}}}
{"jsonrpc": "2.0", "method": "subscription", "params": {"channel": "book.BTC-6FEB26.none.20.100ms", "data": {"timestamp": 1769942005157, "change_id": 137826398227, "instrument_name": "BTC-6FEB26", "bids": [[78940.0, 450.0], [78937.5, 1500.0], [78935.0, 1760.0], [78932.5, 4550.0], [78930.0, 420.0], [78927.5, 1410.0], [78925.0, 11060.0], [78920.0, 35830.0], [78885.0, 890.0], [78882.5, 2990.0], [78845.0, 650.0], [78842.5, 2170.0], [78840.0, 2610.0], [78837.5, 8750.0], [78835.0, 9910.0], [78832.5, 15610.0], [78830.0, 19590.0], [78825.0, 10.0], [78805.0, 10.0], [78800.0, 40.0]], "asks": [[78952.5, 5950.0], [78955.0, 450.0], [78957.5, 1500.0], [78965.0, 420.0], [78967.5, 1400.0], [78970.0, 430.0], [78972.5, 1400.0], [78975.0, 40.0], [78995.0, 19750.0], [79000.0, 4820.0], [79002.5, 66160.0], [79005.0, 20000.0], [79035.0, 1360.0], [79037.5, 4570.0], [79065.0, 12340.0], [79067.5, 41340.0], [79105.0, 12130.0], [79107.5, 40590.0], [79115.0, 5850.0], [79117.5, 19600.0]]}}}
{"jsonrpc": "2.0", "method": "subscription", "params": {"channel": "book.BTC-13FEB26.none.20.100ms", "data": {"timestamp": 1769942005803, "change_id": 137826399172, "instrument_name": "BTC-13FEB26", "bids": [[79015.0, 3640.0], [79012.5, 39020.0], [79010.0, 9620.0], [79007.5, 33720.0], [79000.0, 10.0], [78972.5, 1510.0], [78970.0, 5060.0], [78950.0, 1090.0], [78947.5, 3650.0], [78940.0, 4900.0], [78937.5, 16410.0], [78907.5, 1610.0], [78905.0, 5790.0], [78902.5, 2170.0], [78882.5, 10.0], [78880.0, 40.0], [78872.5, 2600.0], [78870.0, 8700.0], [78862.5, 1320.0], [78860.0, 4430.0]], "asks": [[79017.5, 800.0], [79022.5, 1500.0], [79032.5, 3640.0], [79047.5, 40.0], [79062.5, 3640.0], [79075.0, 50.0], [79085.0, 2170.0], [79105.0, 20000.0], [79107.5, 16640.0], [79110.0, 50000.0], [79117.5, 5070.0], [79130.0, 15180.0], [79140.0, 41340.0], [79145.0, 8740.0], [79160.0, 4570.0], [79180.0, 30660.0], [79202.5, 160.0], [79205.0, 29590.0], [79220.0, 670.0], [79225.0, 34810.0]]}}}
{"jsonrpc": "2.0", "method": "subscription", "params": {"channel": "book.BTC-6FEB26.none.20.100ms", "data": {"timestamp": 1769942005646, "change_id": 137826398933, "instrument_name": "BTC-6FEB26", "bids": [[78937.5, 5010.0], [78932.5, 10.0], [78930.0, 420.0], [78927.5, 1410.0], [78925.0, 11060.0], [78920.0, 35830.0], [78902.5, 1050.0], [78900.0, 3510.0], [78885.0, 890.0], [78882.5, 2990.0], [78845.0, 650.0], [78842.5, 2170.0], [78840.0, 2610.0], [78837.5, 8750.0], [78835.0, 9910.0], [78832.5, 15610.0], [78830.0, 19590.0], [78825.0, 10.0], [78805.0, 10.0], [78800.0, 40.0]], "asks": [[78940.0, 3510.0], [78942.5, 1400.0], [78952.5, 1400.0], [78955.0, 450.0], [78957.5, 1500.0], [78965.0, 420.0], [78967.5, 1400.0], [78970.0, 430.0], [78972.5, 1400.0], [78975.0, 40.0], [78995.0, 19750.0], [79000.0, 8330.0], [79002.5, 66160.0], [79005.0, 20000.0], [79035.0, 1360.0], [79037.5, 4570.0], [79065.0, 12340.0], [79067.5, 41340.0], [79105.0, 12130.0], [79107.5, 40590.0]]}}}
{"jsonrpc": "2.0", "method": "subscription", "params": {"channel": "book.BTC-13FEB26.none.20.100ms", "data": {"timestamp": 1769942006099, "change_id": 137826399737, "instrument_name": "BTC-13FEB26", "bids": [[79015.0, 3640.0], [79012.5, 37920.0], [79010.0, 9620.0], [79007.5, 32220.0], [79000.0, 10.0], [78972.5, 1510.0], [78970.0, 5060.0], [78950.0, 1090.0], [78947.5, 3650.0], [78940.0, 4900.0], [78937.5, 16410.0], [78907.5, 1610.0], [78905.0, 5790.0], [78902.5, 2170.0], [78882.5, 10.0], [78880.0, 40.0], [78872.5, 2600.0], [78870.0, 8700.0], [78862.5, 1320.0], [78860.0, 4430.0]], "asks": [[79017.5, 800.0], [79022.5, 5140.0], [79037.5, 40.0], [79062.5, 3640.0], [79075.0, 50.0], [79085.0, 2170.0], [79105.0, 20000.0], [79107.5, 16640.0], [79115.0, 50000.0], [79117.5, 5070.0], [79130.0, 15180.0], [79140.0, 41340.0], [79145.0, 8740.0], [79160.0, 4570.0], [79180.0, 30660.0], [79202.5, 160.0], [79205.0, 29590.0], [79220.0, 670.0], [79225.0, 34810.0], [79232.5, 50000.0]]}}}
{"jsonrpc": "2.0", "method": "subscription", "params": {"channel": "book.BTC-6FEB26.none.20.100ms", "data": {"timestamp": 1769942006135, "change_id": 137826399935, "instrument_name": "BTC-6FEB26", "bids": [[78930.0, 3510.0], [78927.5, 10.0], [78925.0, 11070.0], [78920.0, 35830.0], [78902.5, 1050.0], [78900.0, 3510.0], [78885.0, 890.0], [78882.5, 2990.0], [78845.0, 650.0], [78842.5, 2170.0], [78840.0, 2610.0], [78837.5, 8750.0], [78835.0, 9910.0], [78832.5, 15610.0], [78830.0, 19590.0], [78825.0, 10.0], [78805.0, 10.0], [78800.0, 40.0], [78765.0, 160.0], [78762.5, 34820.0]], "asks": [[78932.5, 3510.0], [78935.0, 1400.0], [78937.5, 1400.0], [78942.5, 20000.0], [78950.0, 450.0], [78952.5, 1500.0], [78965.0, 460.0], [78967.5, 1400.0], [78970.0, 430.0], [78972.5, 1400.0], [78992.5, 5900.0], [78995.0, 19750.0], [79000.0, 8330.0], [79002.5, 66160.0], [79035.0, 1360.0], [79037.5, 4570.0], [79065.0, 12340.0], [79067.5, 41340.0], [79105.0, 12130.0], [79107.5, 40590.0]]}}}
{"jsonrpc": "2.0", "method": "subscription", "params": {"channel": "book.BTC-13FEB26.none.20.100ms", "data": {"timestamp": 1769942006321, "change_id": 137826400217, "instrument_name": "BTC-13FEB26", "bids": [[79015.0, 3640.0], [79012.5, 37920.0], [79010.0, 9620.0], [79007.5, 32220.0], [79000.0, 10.0], [78992.5, 450.0], [78990.0, 1500.0], [78972.5, 1510.0], [78970.0, 5060.0], [78950.0, 1090.0], [78947.5, 3650.0], [78940.0, 4900.0], [78937.5, 16410.0], [78907.5, 1610.0], [78905.0, 5790.0], [78902.5, 2170.0], [78882.5, 10.0], [78880.0, 40.0], [78872.5, 2600.0], [78870.0, 8700.0]], "asks": [[79017.5, 2300.0], [79022.5, 3640.0], [79037.5, 40.0], [79062.5, 3640.0], [79075.0, 50.0], [79085.0, 2170.0], [79105.0, 20000.0], [79107.5, 16640.0], [79115.0, 50000.0], [79117.5, 5070.0], [79130.0, 15180.0], [79140.0, 41340.0], [79145.0, 8740.0], [79160.0, 4570.0], [79180.0, 30660.0], [79202.5, 160.0], [79205.0, 29590.0], [79220.0, 670.0], [79225.0, 34810.0], [79232.5, 50000.0]]}}}
{"jsonrpc": "2.0", "method": "subscription", "params": {"channel": "book.BTC-6FEB26.none.20.100ms", "data": {"timestamp": 1769942006316, "change_id": 137826400210, "instrument_name": "BTC-6FEB26", "bids": [[78930.0, 3510.0], [78927.5, 10.0], [78925.0, 11070.0], [78922.5, 1500.0], [78920.0, 35830.0], [78902.5, 1050.0], [78900.0, 3510.0], [78885.0, 890.0], [78882.5, 2990.0], [78845.0, 650.0], [78842.5, 2170.0], [78840.0, 2610.0], [78837.5, 8750.0], [78835.0, 9910.0], [78832.5, 15610.0], [78830.0, 19590.0], [78825.0, 10.0], [78805.0, 10.0], [78800.0, 40.0], [78765.0, 160.0]], "asks": [[78932.5, 3510.0], [78935.0, 1400.0], [78942.5, 1500.0], [78945.0, 5970.0], [78947.5, 20000.0], [78965.0, 460.0], [78967.5, 1400.0], [78992.5, 55900.0], [78995.0, 19750.0], [79000.0, 8330.0], [79002.5, 16160.0], [79035.0, 1360.0], [79037.5, 4570.0], [79065.0, 12340.0], [79067.5, 41340.0], [79105.0, 12130.0], [79107.5, 40590.0], [79115.0, 5850.0], [79117.5, 19600.0], [79130.0, 60.0]]}}}
{"jsonrpc": "2.0", "method": "subscription", "params": {"channel": "book.BTC-13FEB26.none.20.100ms", "data": {"timestamp": 1769942006691, "change_id": 137826400869, "instrument_name": "BTC-13FEB26", "bids": [[79015.0, 3640.0], [79012.5, 37920.0], [79010.0, 9620.0], [79007.5, 32220.0], [79000.0, 10.0], [78992.5, 450.0], [78990.0, 1500.0], [78975.0, 5060.0], [78950.0, 1090.0], [78947.5, 3650.0], [78940.0, 4900.0], [78937.5, 16410.0], [78907.5, 1610.0], [78905.0, 5790.0], [78902.5, 2170.0], [78882.5, 10.0], [78880.0, 40.0], [78872.5, 2600.0], [78870.0, 8700.0], [78862.5, 1320.0]], "asks": [[79017.5, 2300.0], [79022.5, 3640.0], [79037.5, 40.0], [79062.5, 3640.0], [79075.0, 50.0], [79085.0, 2170.0], [79105.0, 20000.0], [79107.5, 16640.0], [79115.0, 50000.0], [79117.5, 5070.0], [79130.0, 15180.0], [79140.0, 41340.0], [79145.0, 8740.0], [79160.0, 4570.0], [79180.0, 30660.0], [79202.5, 160.0], [79205.0, 29590.0], [79220.0, 670.0], [79225.0, 34810.0], [79232.5, 50000.0]]}}}
{"jsonrpc": "2.0", "method": "subscription", "params": {"channel": "book.BTC-6FEB26.none.20.100ms", "data": {"timestamp": 1769942006541, "change_id": 137826400599, "instrument_name": "BTC-6FEB26", "bids": [[78930.0, 3510.0], [78927.5, 10.0], [78925.0, 21050.0], [78922.5, 1500.0], [78920.0, 73710.0], [78902.5, 1050.0], [78900.0, 3510.0], [78885.0, 890.0], [78882.5, 2990.0], [78845.0, 650.0], [78842.5, 2170.0], [78840.0, 2610.0], [78837.5, 8750.0], [78835.0, 9910.0], [78832.5, 15610.0], [78830.0, 19590.0], [78825.0, 10.0], [78805.0, 10.0], [78800.0, 40.0], [78765.0, 160.0]], "asks": [[78932.5, 3510.0], [78935.0, 1400.0], [78942.5, 1500.0], [78945.0, 5970.0], [78947.5, 20000.0], [78965.0, 460.0], [78967.5, 1400.0], [78992.5, 55900.0], [78995.0, 19750.0], [79000.0, 8330.0], [79002.5, 16160.0], [79035.0, 1360.0], [79037.5, 4570.0], [79065.0, 12340.0], [79067.5, 41340.0], [79105.0, 12130.0], [79107.5, 40590.0], [79115.0, 5850.0], [79117.5, 19600.0], [79130.0, 60.0]]}}}
{"jsonrpc": "2.0", "method": "subscription", "params": {"channel": "book.BTC-13FEB26.none.20.100ms", "data": {"timestamp": 1769942007123, "change_id": 137826402349, "instrument_name": "BTC-13FEB26", "bids": [[79002.5, 3640.0], [78985.0, 10.0], [78955.0, 1510.0], [78952.5, 5060.0], [78950.0, 1090.0], [78947.5, 3650.0], [78940.0, 4900.0], [78937.5, 16410.0], [78907.5, 80.0], [78905.0, 650.0], [78902.5, 2170.0], [78882.5, 10.0], [78880.0, 40.0], [78872.5, 2600.0], [78870.0, 8700.0], [78862.5, 1320.0], [78860.0, 4430.0], [78855.0, 160.0], [78852.5, 34820.0], [78850.0, 13680.0]], "asks": [[79007.5, 3640.0], [79017.5, 2300.0], [79027.5, 40.0], [79062.5, 3640.0], [79075.0, 50.0], [79085.0, 2170.0], [79105.0, 20000.0], [79107.5, 16640.0], [79115.0, 50000.0], [79117.5, 5070.0], [79130.0, 15180.0], [79140.0, 41340.0], [79145.0, 8740.0], [79160.0, 4570.0], [79180.0, 30660.0], [79202.5, 160.0], [79205.0, 29590.0], [79220.0, 670.0], [79225.0, 34810.0], [79232.5, 50000.0]]}}}
{"jsonrpc": "2.0", "method": "subscription", "params": {"channel": "book.BTC-6FEB26.none.20.100ms", "data": {"timestamp": 1769942007125, "change_id": 137826402354, "instrument_name": "BTC-6FEB26", "bids": [[78920.0, 10.0], [78917.5, 1050.0], [78915.0, 3510.0], [78912.5, 10.0], [78885.0, 890.0], [78882.5, 2990.0], [78852.5, 1050.0], [78850.0, 3510.0], [78845.0, 650.0], [78842.5, 2170.0], [78840.0, 2610.0], [78837.5, 8750.0], [78835.0, 4660.0], [78832.5, 15610.0], [78805.0, 10.0], [78800.0, 40.0], [78765.0, 170.0], [78762.5, 34820.0], [78760.0, 45700.0], [78745.0, 4420.0]], "asks": [[78922.5, 3510.0], [78925.0, 1400.0], [78927.5, 1400.0], [78930.0, 1400.0], [78940.0, 450.0], [78942.5, 1500.0], [78945.0, 5970.0], [78947.5, 20000.0], [78950.0, 3510.0], [78955.0, 40.0], [78992.5, 50000.0], [78995.0, 19750.0], [79000.0, 4820.0], [79002.5, 16160.0], [79035.0, 1360.0], [79037.5, 4570.0], [79065.0, 12340.0], [79067.5, 41340.0], [79105.0, 12140.0], [79107.5, 40590.0]]}}}
{"jsonrpc": "2.0", "method": "subscription", "params": {"channel": "book.BTC-13FEB26.none.20.100ms", "data": {"timestamp": 1769942007395, "change_id": 137826403001, "instrument_name": "BTC-13FEB26", "bids": [[79002.5, 3640.0], [78985.0, 10.0], [78977.5, 1500.0], [78957.5, 5060.0], [78950.0, 1090.0], [78947.5, 3650.0], [78940.0, 4900.0], [78937.5, 16410.0], [78907.5, 80.0], [78905.0, 650.0], [78902.5, 2170.0], [78882.5, 10.0], [78880.0, 40.0], [78872.5, 2600.0], [78870.0, 8700.0], [78862.5, 1320.0], [78860.0, 4430.0], [78855.0, 160.0], [78852.5, 34820.0], [78850.0, 13680.0]], "asks": [[79005.0, 1500.0], [79007.5, 3640.0], [79017.5, 800.0], [79027.5, 40.0], [79062.5, 3640.0], [79075.0, 50.0], [79085.0, 2170.0], [79105.0, 20000.0], [79107.5, 16640.0], [79115.0, 50000.0], [79117.5, 5070.0], [79130.0, 15180.0], [79140.0, 41340.0], [79145.0, 8740.0], [79160.0, 4570.0], [79180.0, 30660.0], [79202.5, 160.0], [79205.0, 29590.0], [79220.0, 670.0], [79225.0, 34810.0]]}}}
{"jsonrpc": "2.0", "method": "subscription", "params": {"channel": "book.BTC-6FEB26.none.20.100ms", "data": {"timestamp": 1769942007444, "change_id": 137826403062, "instrument_name": "BTC-6FEB26", "bids": [[78915.0, 3510.0], [78912.5, 20.0], [78910.0, 450.0], [78907.5, 1500.0], [78885.0, 890.0], [78882.5, 2990.0], [78852.5, 1050.0], [78850.0, 3510.0], [78845.0, 650.0], [78842.5, 2170.0], [78840.0, 2610.0], [78837.5, 8750.0], [78835.0, 4660.0], [78832.5, 15610.0], [78812.5, 19590.0], [78805.0, 10.0], [78800.0, 40.0], [78765.0, 24210.0], [78762.5, 34820.0], [78760.0, 45700.0]], "asks": [[78917.5, 3510.0], [78922.5, 1400.0], [78925.0, 1400.0], [78927.5, 1400.0], [78930.0, 1500.0], [78945.0, 5970.0], [78947.5, 20000.0], [78950.0, 3510.0], [78955.0, 40.0], [78992.5, 50000.0], [78995.0, 19750.0], [79000.0, 4820.0], [79002.5, 16160.0], [79035.0, 1360.0], [79037.5, 4570.0], [79065.0, 12340.0], [79067.5, 41340.0], [79105.0, 12140.0], [79107.5, 40590.0], [79115.0, 5850.0]]}}}
{"jsonrpc": "2.0", "method": "subscription", "params": {"channel": "book.BTC-13FEB26.none.20.100ms", "data": {"timestamp": 1769942007622, "change_id": 137826403447, "instrument_name": "BTC-13FEB26", "bids": [[79002.5, 3640.0], [78985.0, 10.0], [78977.5, 1500.0], [78957.5, 5060.0], [78950.0, 1090.0], [78947.5, 3650.0], [78940.0, 4900.0], [78937.5, 16410.0], [78907.5, 80.0], [78905.0, 650.0], [78902.5, 2170.0], [78882.5, 10.0], [78880.0, 40.0], [78872.5, 2600.0], [78870.0, 8700.0], [78862.5, 1320.0], [78860.0, 4430.0], [78855.0, 160.0], [78852.5, 34820.0], [78850.0, 13680.0]], "asks": [[79005.0, 1500.0], [79012.5, 3640.0], [79017.5, 800.0], [79027.5, 40.0], [79062.5, 3640.0], [79075.0, 50.0], [79085.0, 2170.0], [79105.0, 20000.0], [79107.5, 16640.0], [79115.0, 50000.0], [79117.5, 5070.0], [79130.0, 15180.0], [79140.0, 41340.0], [79145.0, 8740.0], [79160.0, 4570.0], [79180.0, 30660.0], [79202.5, 160.0], [79205.0, 29590.0], [79220.0, 670.0], [79225.0, 34810.0]]}}}
{"jsonrpc": "2.0", "method": "subscription", "params": {"channel": "book.BTC-6FEB26.none.20.100ms", "data": {"timestamp": 1769942007590, "change_id": 137826403320, "instrument_name": "BTC-6FEB26", "bids": [[78917.5, 3510.0], [78912.5, 20.0], [78910.0, 450.0], [78907.5, 1500.0], [78885.0, 890.0], [78882.5, 2990.0], [78852.5, 1050.0], [78850.0, 3510.0], [78845.0, 650.0], [78842.5, 2170.0], [78840.0, 2610.0], [78837.5, 8750.0], [78835.0, 4660.0], [78832.5, 15610.0], [78815.0, 19590.0], [78805.0, 10.0], [78800.0, 40.0], [78765.0, 24210.0], [78762.5, 34820.0], [78760.0, 45700.0]], "asks": [[78920.0, 3510.0], [78922.5, 1400.0], [78925.0, 1400.0], [78927.5, 1400.0], [78930.0, 1500.0], [78945.0, 5970.0], [78947.5, 20000.0], [78950.0, 3510.0], [78955.0, 40.0], [78992.5, 50000.0], [78995.0, 19750.0], [79000.0, 4820.0], [79002.5, 16160.0], [79035.0, 1360.0], [79037.5, 4570.0], [79065.0, 12340.0], [79067.5, 41340.0], [79105.0, 12140.0], [79107.5, 40590.0], [79115.0, 5850.0]]}}}
{"jsonrpc": "2.0", "method": "subscription", "params": {"channel": "book.BTC-13FEB26.none.20.100ms", "data": {"timestamp": 1769942007990, "change_id": 137826404030, "instrument_name": "BTC-13FEB26", "bids": [[79002.5, 3640.0], [78985.0, 10.0], [78982.5, 1100.0], [78980.0, 450.0], [78977.5, 1500.0], [78957.5, 5060.0], [78950.0, 1090.0], [78947.5, 3650.0], [78940.0, 4900.0], [78937.5, 16410.0], [78907.5, 80.0], [78905.0, 650.0], [78902.5, 2170.0], [78885.0, 5140.0], [78882.5, 10.0], [78880.0, 40.0], [78872.5, 2600.0], [78870.0, 8700.0], [78862.5, 1320.0], [78860.0, 4430.0]], "asks": [[79005.0, 1500.0], [79012.5, 3640.0], [79017.5, 800.0], [79027.5, 40.0], [79062.5, 3640.0], [79075.0, 50.0], [79085.0, 2170.0], [79105.0, 20000.0], [79107.5, 16640.0], [79115.0, 50000.0], [79117.5, 5070.0], [79130.0, 15180.0], [79140.0, 41340.0], [79145.0, 8740.0], [79160.0, 4570.0], [79180.0, 30660.0], [79202.5, 160.0], [79205.0, 29590.0], [79220.0, 670.0], [79225.0, 34810.0]]}}}
{"jsonrpc": "2.0", "method": "subscription", "params": {"channel": "book.BTC-6FEB26.none.20.100ms", "data": {"timestamp": 1769942007996, "change_id": 137826404096, "instrument_name": "BTC-6FEB26", "bids": [[78917.5, 3510.0], [78912.5, 20.0], [78910.0, 450.0], [78907.5, 1500.0], [78885.0, 890.0], [78882.5, 2990.0], [78852.5, 1050.0], [78850.0, 3510.0], [78845.0, 650.0], [78842.5, 2170.0], [78840.0, 2610.0], [78837.5, 8750.0], [78835.0, 4660.0], [78832.5, 15610.0], [78817.5, 5850.0], [78815.0, 19590.0], [78805.0, 10.0], [78800.0, 40.0], [78765.0, 24210.0], [78762.5, 34820.0]], "asks": [[78920.0, 3510.0], [78922.5, 1400.0], [78925.0, 1400.0], [78927.5, 1400.0], [78930.0, 1500.0], [78945.0, 5970.0], [78947.5, 20000.0], [78950.0, 3510.0], [78955.0, 40.0], [78987.5, 50000.0], [78995.0, 19750.0], [79000.0, 4820.0], [79002.5, 16160.0], [79035.0, 1360.0], [79037.5, 4570.0], [79065.0, 12340.0], [79067.5, 41340.0], [79105.0, 12140.0], [79107.5, 40590.0], [79115.0, 5850.0]]}}}
{"jsonrpc": "2.0", "method": "subscription", "params": {"channel": "book.BTC-13FEB26.none.20.100ms", "data": {"timestamp": 1769942008447, "change_id": 137826404789, "instrument_name": "BTC-13FEB26", "bids": [[79002.5, 3640.0], [79000.0, 19050.0], [78997.5, 29690.0], [78995.0, 37910.0], [78985.0, 10.0], [78982.5, 1100.0], [78980.0, 450.0], [78977.5, 1500.0], [78957.5, 5060.0], [78950.0, 1090.0], [78947.5, 3650.0], [78940.0, 4900.0], [78937.5, 16410.0], [78907.5, 80.0], [78885.0, 5140.0], [78882.5, 10.0], [78880.0, 40.0], [78862.5, 1320.0], [78860.0, 4430.0], [78855.0, 160.0]], "asks": [[79005.0, 1500.0], [79017.5, 800.0], [79027.5, 40.0], [79062.5, 3640.0], [79075.0, 50.0], [79085.0, 2170.0], [79105.0, 20000.0], [79107.5, 16640.0], [79117.5, 5070.0], [79120.0, 50000.0], [79130.0, 15180.0], [79140.0, 41340.0], [79145.0, 8740.0], [79160.0, 4570.0], [79180.0, 30660.0], [79202.5, 160.0], [79205.0, 29590.0], [79220.0, 670.0], [79225.0, 34810.0], [79232.5, 50000.0]]}}}
