{"jsonrpc": "2.0", "id": 1, "result": ["book.BTC-17OCT25.none.20.100ms", "book.BTC-10OCT25.none.20.100ms"], "usIn": 1759487009851917, "usOut": 1759487009852177, "usDiff": 260, "testnet": false}
{"jsonrpc": "2.0", "method": "subscription", "params": {"channel": "book.BTC-17OCT25.none.20.100ms", "data": {"timestamp": 1759487009577, "change_id": 119739722861, "instrument_name": "BTC-17OCT25", "bids": [[120922.5, 5000.0], [120920.0, 1350.0], [120917.5, 4490.0], [120887.5, 2100.0], [120885.0, 7000.0], [120872.5, 14410.0], [120870.0, 48510.0], [120780.0, 4680.0], [120777.5, 15590.0], [120772.5, 20.0], [120707.5, 1860.0], [120705.0, 6200.0], [120697.5, 450.0], [120695.0, 1510.0], [120675.0, 20.0], [120662.5, 1820.0], [120660.0, 6060.0], [120617.5, 6290.0], [120600.0, 24240.0], [120592.5, 18920.0]], "asks": [[120927.5, 26670.0], [120930.0, 44000.0], [120940.0, 1880.0], [120942.5, 6260.0], [120945.0, 6350.0], [120947.5, 4490.0], [120950.0, 7240.0], [120952.5, 50000.0], [120965.0, 4720.0], [120967.5, 15720.0], [120982.5, 80.0], [120995.0, 1350.0], [120997.5, 4490.0], [121027.5, 50.0], [121052.5, 20.0], [121057.5, 460.0], [121060.0, 1520.0], [121062.5, 20.0], [121090.0, 1820.0], [121092.5, 6060.0]]}}}
{"jsonrpc": "2.0", "method": "subscription", "params": {"channel": "book.BTC-10OCT25.none.20.100ms", "data": {"timestamp": 1759487009771, "change_id": 119739723159, "instrument_name": "BTC-10OCT25", "bids": [[120727.5, 5420.0], [120725.0, 4650.0], [120722.5, 15500.0], [120720.0, 11600.0], [120717.5, 39270.0], [120715.0, 13200.0], [120712.5, 44000.0], [120710.0, 10400.0], [120707.5, 34490.0], [120700.0, 12320.0], [120697.5, 2260.0], [120695.0, 34490.0], [120687.5, 620.0], [120685.0, 2050.0], [120675.0, 20.0], [120672.5, 40.0], [120670.0, 40.0], [120665.0, 620.0], [120662.5, 2050.0], [120660.0, 1410.0]], "asks": [[120730.0, 94820.0], [120732.5, 96580.0], [120735.0, 13360.0], [120737.5, 44000.0], [120740.0, 131080.0], [120745.0, 7160.0], [120747.5, 160.0], [120750.0, 35750.0], [120752.5, 2080.0], [120755.0, 9760.0], [120757.5, 34490.0], [120760.0, 5000.0], [120762.5, 630.0], [120765.0, 2100.0], [120782.5, 1410.0], [120785.0, 4700.0], [120787.5, 9410.0], [120790.0, 24660.0], [120797.5, 630.0], [120800.0, 2090.0]]}}}
{"jsonrpc": "2.0", "method": "subscription", "params": {"channel": "book.BTC-10OCT25.none.20.100ms", "data": {"timestamp": 1759487009771, "change_id": 119739723159, "instrument_name": "BTC-10OCT25", "bids": [[120727.5, 5420.0], [120725.0, 4650.0], [120722.5, 15500.0], [120720.0, 11600.0], [120717.5, 39270.0], [120715.0, 13200.0], [120712.5, 44000.0], [120710.0, 10400.0], [120707.5, 34490.0], [120700.0, 12320.0], [120697.5, 2260.0], [120695.0, 34490.0], [120687.5, 620.0], [120685.0, 2050.0], [120675.0, 20.0], [120672.5, 40.0], [120670.0, 40.0], [120665.0, 620.0], [120662.5, 2050.0], [120660.0, 1410.0]], "asks": [[120730.0, 94820.0], [120732.5, 96580.0], [120735.0, 13360.0], [120737.5, 44000.0], [120740.0, 131080.0], [120745.0, 7160.0], [120747.5, 160.0], [120750.0, 35750.0], [120752.5, 2080.0], [120755.0, 9760.0], [120757.5, 34490.0], [120760.0, 5000.0], [120762.5, 630.0], [120765.0, 2100.0], [120782.5, 1410.0], [120785.0, 4700.0], [120787.5, 9410.0], [120790.0, 24660.0], [120797.5, 630.0], [120800.0, 2090.0]]}}}
{"jsonrpc": "2.0", "method": "subscription", "params": {"channel": "book.BTC-10OCT25.none.20.100ms", "data": {"timestamp": 1759487010268, "change_id": 119739723648, "instrument_name": "BTC-10OCT25", "bids": [[120727.5, 5420.0], [120725.0, 8900.0], [120722.5, 19300.0], [120720.0, 23900.0], [120717.5, 34570.0], [120715.0, 13200.0], [120712.5, 44000.0], [120710.0, 15100.0], [120707.5, 34490.0], [120700.0, 12320.0], [120697.5, 2260.0], [120695.0, 34490.0], [120687.5, 620.0], [120685.0, 2050.0], [120675.0, 20.0], [120672.5, 40.0], [120670.0, 40.0], [120665.0, 620.0], [120662.5, 2050.0], [120660.0, 1410.0]], "asks": [[120730.0, 94820.0], [120732.5, 96580.0], [120735.0, 13360.0], [120737.5, 44000.0], [120740.0, 131080.0], [120745.0, 7160.0], [120747.5, 160.0], [120750.0, 35750.0], [120752.5, 2080.0], [120755.0, 9760.0], [120757.5, 34490.0], [120760.0, 5000.0], [120762.5, 630.0], [120765.0, 2100.0], [120782.5, 1410.0], [120785.0, 4700.0], [120787.5, 9410.0], [120790.0, 24660.0], [120797.5, 630.0], [120800.0, 2090.0]]}}}
{"jsonrpc": "2.0", "method": "subscription", "params": {"channel": "book.BTC-10OCT25.none.20.100ms", "data": {"timestamp": 1759487011316, "change_id": 119739724838, "instrument_name": "BTC-10OCT25", "bids": [[120727.5, 5420.0], [120725.0, 8900.0], [120722.5, 15500.0], [120720.0, 23900.0], [120717.5, 34570.0], [120715.0, 13200.0], [120712.5, 44000.0], [120710.0, 15100.0], [120707.5, 34490.0], [120700.0, 12320.0], [120697.5, 2260.0], [120695.0, 34490.0], [120687.5, 620.0], [120685.0, 2050.0], [120675.0, 20.0], [120672.5, 40.0], [120670.0, 40.0], [120665.0, 620.0], [120662.5, 2050.0], [120660.0, 1410.0]], "asks": [[120730.0, 94820.0], [120732.5, 96580.0], [120735.0, 13360.0], [120737.5, 44000.0], [120740.0, 131080.0], [120745.0, 7160.0], [120747.5, 160.0], [120750.0, 35750.0], [120752.5, 2080.0], [120755.0, 9760.0], [120757.5, 34490.0], [120760.0, 5000.0], [120762.5, 630.0], [120765.0, 2100.0], [120782.5, 1410.0], [120785.0, 4700.0], [120787.5, 9410.0], [120790.0, 24660.0], [120797.5, 630.0], [120800.0, 2090.0]]}}}
{"jsonrpc": "2.0", "method": "subscription", "params": {"channel": "book.BTC-17OCT25.none.20.100ms", "data": {"timestamp": 1759487011501, "change_id": 119739725014, "instrument_name": "BTC-17OCT25", "bids": [[120922.5, 5000.0], [120917.5, 4490.0], [120887.5, 2100.0], [120885.0, 7000.0], [120872.5, 14410.0], [120870.0, 48510.0], [120780.0, 4680.0], [120777.5, 15590.0], [120772.5, 20.0], [120707.5, 1860.0], [120705.0, 6200.0], [120697.5, 450.0], [120695.0, 1510.0], [120675.0, 20.0], [120662.5, 1820.0], [120660.0, 6060.0], [120617.5, 6290.0], [120600.0, 24240.0], [120592.5, 18920.0], [120580.0, 20.0]], "asks": [[120927.5, 26670.0], [120930.0, 44000.0], [120940.0, 3140.0], [120942.5, 6260.0], [120945.0, 6350.0], [120947.5, 4490.0], [120950.0, 7240.0], [120952.5, 50000.0], [120965.0, 4720.0], [120967.5, 15720.0], [120982.5, 80.0], [120995.0, 1350.0], [120997.5, 4490.0], [121027.5, 50.0], [121052.5, 20.0], [121057.5, 460.0], [121060.0, 1520.0], [121062.5, 20.0], [121090.0, 1820.0], [121092.5, 6060.0]]}}}
{"jsonrpc": "2.0", "method": "subscription", "params": {"channel": "book.BTC-10OCT25.none.20.100ms", "data": {"timestamp": 1759487011658, "change_id": 119739725586, "instrument_name": "BTC-10OCT25", "bids": [[120727.5, 5420.0], [120725.0, 2100.0], [120722.5, 7000.0], [120720.0, 11600.0], [120717.5, 34570.0], [120715.0, 13200.0], [120712.5, 44000.0], [120710.0, 15100.0], [120707.5, 34490.0], [120700.0, 12320.0], [120697.5, 2260.0], [120695.0, 34490.0], [120687.5, 620.0], [120685.0, 2050.0], [120675.0, 20.0], [120672.5, 40.0], [120670.0, 40.0], [120665.0, 620.0], [120662.5, 2050.0], [120660.0, 1410.0]], "asks": [[120730.0, 94820.0], [120732.5, 96580.0], [120735.0, 24950.0], [120737.5, 44000.0], [120740.0, 131080.0], [120745.0, 7160.0], [120747.5, 160.0], [120750.0, 35750.0], [120752.5, 2080.0], [120755.0, 9760.0], [120757.5, 34490.0], [120760.0, 5000.0], [120762.5, 630.0], [120765.0, 2100.0], [120782.5, 1410.0], [120785.0, 4700.0], [120787.5, 9410.0], [120790.0, 24660.0], [120797.5, 630.0], [120800.0, 2090.0]]}}}
{"jsonrpc": "2.0", "method": "subscription", "params": {"channel": "book.BTC-10OCT25.none.20.100ms", "data": {"timestamp": 1759487012200, "change_id": 119739726074, "instrument_name": "BTC-10OCT25", "bids": [[120727.5, 5420.0], [120725.0, 2100.0], [120722.5, 7000.0], [120720.0, 11600.0], [120717.5, 34570.0], [120715.0, 13200.0], [120712.5, 44000.0], [120710.0, 15100.0], [120707.5, 34490.0], [120700.0, 12320.0], [120697.5, 2260.0], [120695.0, 34490.0], [120687.5, 620.0], [120685.0, 2050.0], [120675.0, 20.0], [120672.5, 40.0], [120670.0, 40.0], [120665.0, 620.0], [120662.5, 2050.0], [120660.0, 1410.0]], "asks": [[120730.0, 94820.0], [120732.5, 96580.0], [120735.0, 24950.0], [120737.5, 44000.0], [120740.0, 131080.0], [120745.0, 7160.0], [120747.5, 160.0], [120750.0, 35750.0], [120752.5, 7080.0], [120755.0, 9760.0], [120757.5, 34490.0], [120762.5, 630.0], [120765.0, 2100.0], [120782.5, 1410.0], [120785.0, 4700.0], [120787.5, 9410.0], [120790.0, 24660.0], [120797.5, 630.0], [120800.0, 2090.0], [120807.5, 40.0]]}}}
{"jsonrpc": "2.0", "method": "subscription", "params": {"channel": "book.BTC-17OCT25.none.20.100ms", "data": {"timestamp": 1759487012323, "change_id": 119739726094, "instrument_name": "BTC-17OCT25", "bids": [[120922.5, 5000.0], [120917.5, 4490.0], [120887.5, 2100.0], [120885.0, 7000.0], [120872.5, 14410.0], [120870.0, 48510.0], [120780.0, 4680.0], [120777.5, 15590.0], [120772.5, 20.0], [120707.5, 1860.0], [120705.0, 6200.0], [120697.5, 450.0], [120695.0, 1510.0], [120675.0, 20.0], [120662.5, 1820.0], [120660.0, 6060.0], [120617.5, 6290.0], [120600.0, 24240.0], [120592.5, 18920.0], [120580.0, 20.0]], "asks": [[120927.5, 26670.0], [120930.0, 44000.0], [120937.5, 1350.0], [120940.0, 7630.0], [120942.5, 6260.0], [120945.0, 5000.0], [120950.0, 7240.0], [120952.5, 50000.0], [120965.0, 4720.0], [120967.5, 15720.0], [120982.5, 80.0], [120995.0, 1350.0], [120997.5, 4490.0], [121027.5, 50.0], [121052.5, 20.0], [121057.5, 460.0], [121060.0, 1520.0], [121062.5, 20.0], [121090.0, 1820.0], [121092.5, 6060.0]]}}}
{"jsonrpc": "2.0", "method": "subscription", "params": {"channel": "book.BTC-17OCT25.none.20.100ms", "data": {"timestamp": 1759487013178, "change_id": 119739727214, "instrument_name": "BTC-17OCT25", "bids": [[120922.5, 5000.0], [120917.5, 4490.0], [120887.5, 2100.0], [120885.0, 7000.0], [120872.5, 14410.0], [120870.0, 48510.0], [120780.0, 4680.0], [120777.5, 15590.0], [120772.5, 20.0], [120707.5, 1860.0], [120705.0, 6200.0], [120697.5, 450.0], [120695.0, 1510.0], [120675.0, 20.0], [120662.5, 1820.0], [120660.0, 6060.0], [120617.5, 6290.0], [120600.0, 24240.0], [120592.5, 18920.0], [120580.0, 20.0]], "asks": [[120927.5, 26670.0], [120930.0, 44000.0], [120937.5, 6350.0], [120940.0, 6370.0], [120942.5, 6260.0], [120950.0, 7240.0], [120952.5, 50000.0], [120965.0, 4720.0], [120967.5, 15720.0], [120982.5, 80.0], [120995.0, 1350.0], [120997.5, 4490.0], [121027.5, 50.0], [121052.5, 20.0], [121057.5, 460.0], [121060.0, 1520.0], [121062.5, 20.0], [121090.0, 1820.0], [121092.5, 6060.0], [121105.0, 18560.0]]}}}
{"jsonrpc": "2.0", "method": "subscription", "params": {"channel": "book.BTC-17OCT25.none.20.100ms", "data": {"timestamp": 1759487014174, "change_id": 119739728337, "instrument_name": "BTC-17OCT25", "bids": [[120922.5, 5000.0], [120917.5, 4490.0], [120887.5, 2100.0], [120885.0, 7000.0], [120872.5, 14410.0], [120870.0, 48510.0], [120780.0, 4680.0], [120777.5, 15590.0], [120772.5, 20.0], [120707.5, 1860.0], [120705.0, 6200.0], [120697.5, 450.0], [120695.0, 1510.0], [120675.0, 20.0], [120662.5, 1820.0], [120660.0, 6060.0], [120617.5, 6290.0], [120600.0, 24240.0], [120592.5, 18920.0], [120580.0, 20.0]], "asks": [[120927.5, 26670.0], [120930.0, 44000.0], [120937.5, 6350.0], [120940.0, 6370.0], [120942.5, 6260.0], [120950.0, 7240.0], [120952.5, 50000.0], [120965.0, 4720.0], [120967.5, 15720.0], [120982.5, 80.0], [120995.0, 1350.0], [120997.5, 4490.0], [121027.5, 50.0], [121052.5, 20.0], [121057.5, 460.0], [121060.0, 1520.0], [121062.5, 20.0], [121090.0, 1820.0], [121092.5, 6060.0], [121105.0, 18560.0]]}}}
{"jsonrpc": "2.0", "method": "subscription", "params": {"channel": "book.BTC-10OCT25.none.20.100ms", "data": {"timestamp": 1759487014711, "change_id": 119739729099, "instrument_name": "BTC-10OCT25", "bids": [[120727.5, 5420.0], [120722.5, 7000.0], [120720.0, 11600.0], [120717.5, 34570.0], [120715.0, 13200.0], [120712.5, 44000.0], [120710.0, 15100.0], [120707.5, 34490.0], [120700.0, 12320.0], [120697.5, 2260.0], [120695.0, 34490.0], [120687.5, 620.0], [120685.0, 2050.0], [120675.0, 20.0], [120672.5, 40.0], [120670.0, 40.0], [120665.0, 620.0], [120662.5, 2050.0], [120660.0, 1410.0], [120657.5, 4700.0]], "asks": [[120730.0, 94820.0], [120732.5, 96580.0], [120735.0, 24950.0], [120737.5, 44000.0], [120740.0, 131080.0], [120745.0, 7160.0], [120747.5, 160.0], [120750.0, 35750.0], [120752.5, 7080.0], [120755.0, 9760.0], [120757.5, 34490.0], [120762.5, 630.0], [120765.0, 2100.0], [120782.5, 1410.0], [120785.0, 4700.0], [120787.5, 9410.0], [120790.0, 24660.0], [120797.5, 630.0], [120800.0, 2090.0], [120807.5, 40.0]]}}}
{"jsonrpc": "2.0", "method": "subscription", "params": {"channel": "book.BTC-17OCT25.none.20.100ms", "data": {"timestamp": 1759487015076, "change_id": 119739729424, "instrument_name": "BTC-17OCT25", "bids": [[120922.5, 5000.0], [120917.5, 4490.0], [120887.5, 2100.0], [120885.0, 7000.0], [120872.5, 14410.0], [120870.0, 48510.0], [120780.0, 4680.0], [120777.5, 15590.0], [120772.5, 20.0], [120712.5, 1860.0], [120710.0, 6200.0], [120697.5, 450.0], [120695.0, 1510.0], [120675.0, 20.0], [120662.5, 1820.0], [120660.0, 6060.0], [120617.5, 6290.0], [120600.0, 24240.0], [120592.5, 18920.0], [120580.0, 20.0]], "asks": [[120927.5, 26670.0], [120930.0, 44000.0], [120937.5, 6350.0], [120940.0, 6370.0], [120942.5, 6260.0], [120950.0, 7240.0], [120952.5, 50000.0], [120965.0, 4720.0], [120967.5, 15720.0], [120982.5, 80.0], [120995.0, 1350.0], [120997.5, 4490.0], [121027.5, 50.0], [121052.5, 20.0], [121057.5, 460.0], [121060.0, 1520.0], [121062.5, 20.0], [121090.0, 1820.0], [121092.5, 6060.0], [121105.0, 18560.0]]}}}
{"jsonrpc": "2.0", "method": "subscription", "params": {"channel": "book.BTC-10OCT25.none.20.100ms", "data": {"timestamp": 1759487015326, "change_id": 119739729565, "instrument_name": "BTC-10OCT25", "bids": [[120727.5, 5420.0], [120725.0, 2100.0], [120722.5, 7000.0], [120720.0, 11600.0], [120717.5, 34570.0], [120715.0, 13200.0], [120712.5, 44000.0], [120710.0, 15100.0], [120707.5, 34490.0], [120700.0, 12320.0], [120697.5, 2260.0], [120695.0, 34490.0], [120687.5, 620.0], [120685.0, 2050.0], [120675.0, 20.0], [120672.5, 40.0], [120670.0, 40.0], [120665.0, 620.0], [120662.5, 2050.0], [120660.0, 1410.0]], "asks": [[120730.0, 94820.0], [120732.5, 96580.0], [120735.0, 24950.0], [120737.5, 44000.0], [120740.0, 131080.0], [120745.0, 7160.0], [120747.5, 160.0], [120750.0, 35750.0], [120752.5, 7080.0], [120755.0, 9760.0], [120757.5, 34490.0], [120762.5, 630.0], [120765.0, 2100.0], [120782.5, 1410.0], [120785.0, 4700.0], [120787.5, 9410.0], [120790.0, 24660.0], [120797.5, 630.0], [120800.0, 2090.0], [120807.5, 40.0]]}}}
{"jsonrpc": "2.0", "method": "subscription", "params": {"channel": "book.BTC-17OCT25.none.20.100ms", "data": {"timestamp": 1759487015974, "change_id": 119739730508, "instrument_name": "BTC-17OCT25", "bids": [[120922.5, 5000.0], [120917.5, 4490.0], [120887.5, 2100.0], [120885.0, 7000.0], [120872.5, 14410.0], [120870.0, 48510.0], [120780.0, 4680.0], [120777.5, 15590.0], [120772.5, 20.0], [120712.5, 1860.0], [120710.0, 6200.0], [120697.5, 450.0], [120695.0, 1510.0], [120675.0, 20.0], [120662.5, 1820.0], [120660.0, 6060.0], [120617.5, 6290.0], [120600.0, 24240.0], [120592.5, 18920.0], [120580.0, 20.0]], "asks": [[120927.5, 26670.0], [120930.0, 44000.0], [120937.5, 6350.0], [120940.0, 6370.0], [120942.5, 6260.0], [120950.0, 7240.0], [120952.5, 50000.0], [120965.0, 4720.0], [120967.5, 15720.0], [120982.5, 80.0], [120995.0, 1350.0], [120997.5, 4490.0], [121027.5, 50.0], [121052.5, 20.0], [121057.5, 460.0], [121060.0, 1520.0], [121062.5, 20.0], [121090.0, 1820.0], [121092.5, 6060.0], [121105.0, 18560.0]]}}}
{"jsonrpc": "2.0", "method": "subscription", "params": {"channel": "book.BTC-10OCT25.none.20.100ms", "data": {"timestamp": 1759487017322, "change_id": 119739731975, "instrument_name": "BTC-10OCT25", "bids": [[120727.5, 5420.0], [120725.0, 2100.0], [120722.5, 7000.0], [120717.5, 80.0], [120715.0, 13200.0], [120712.5, 44000.0], [120710.0, 10400.0], [120707.5, 39190.0], [120700.0, 12320.0], [120697.5, 2260.0], [120695.0, 34490.0], [120687.5, 620.0], [120685.0, 2050.0], [120675.0, 20.0], [120672.5, 40.0], [120670.0, 40.0], [120665.0, 620.0], [120662.5, 2050.0], [120660.0, 1410.0], [120657.5, 4700.0]], "asks": [[120730.0, 94820.0], [120732.5, 96580.0], [120735.0, 24950.0], [120737.5, 44000.0], [120740.0, 131080.0], [120745.0, 7160.0], [120747.5, 160.0], [120750.0, 35750.0], [120752.5, 7080.0], [120755.0, 9760.0], [120757.5, 34490.0], [120762.5, 630.0], [120765.0, 2100.0], [120782.5, 1410.0], [120785.0, 4700.0], [120787.5, 9410.0], [120790.0, 24660.0], [120797.5, 630.0], [120800.0, 2090.0], [120807.5, 40.0]]}}}
{"jsonrpc": "2.0", "method": "subscription", "params": {"channel": "book.BTC-17OCT25.none.20.100ms", "data": {"timestamp": 1759487017399, "change_id": 119739731982, "instrument_name": "BTC-17OCT25", "bids": [[120922.5, 5000.0], [120917.5, 1350.0], [120915.0, 4490.0], [120887.5, 2100.0], [120885.0, 7000.0], [120872.5, 14410.0], [120870.0, 48510.0], [120780.0, 4680.0], [120777.5, 15590.0], [120772.5, 20.0], [120712.5, 1860.0], [120710.0, 6200.0], [120697.5, 450.0], [120695.0, 1510.0], [120675.0, 20.0], [120662.5, 1820.0], [120660.0, 6060.0], [120617.5, 6290.0], [120600.0, 24240.0], [120592.5, 18920.0]], "asks": [[120927.5, 26670.0], [120930.0, 44000.0], [120937.5, 6350.0], [120940.0, 6370.0], [120942.5, 6260.0], [120950.0, 7240.0], [120952.5, 50000.0], [120965.0, 4720.0], [120967.5, 15720.0], [120982.5, 80.0], [120995.0, 1350.0], [120997.5, 4490.0], [121027.5, 50.0], [121052.5, 20.0], [121057.5, 460.0], [121060.0, 1520.0], [121062.5, 20.0], [121090.0, 1820.0], [121092.5, 6060.0], [121105.0, 18560.0]]}}}
{"jsonrpc": "2.0", "method": "subscription", "params": {"channel": "book.BTC-10OCT25.none.20.100ms", "data": {"timestamp": 1759487018075, "change_id": 119739732937, "instrument_name": "BTC-10OCT25", "bids": [[120727.5, 5420.0], [120725.0, 2100.0], [120722.5, 7000.0], [120717.5, 80.0], [120715.0, 13200.0], [120712.5, 44000.0], [120710.0, 10400.0], [120707.5, 34490.0], [120700.0, 12320.0], [120697.5, 2260.0], [120695.0, 34490.0], [120687.5, 620.0], [120685.0, 2050.0], [120675.0, 20.0], [120672.5, 40.0], [120670.0, 40.0], [120665.0, 620.0], [120662.5, 2050.0], [120660.0, 1410.0], [120657.5, 4700.0]], "asks": [[120730.0, 94820.0], [120732.5, 96580.0], [120735.0, 24950.0], [120737.5, 44000.0], [120740.0, 131080.0], [120745.0, 7160.0], [120747.5, 160.0], [120750.0, 35750.0], [120752.5, 7080.0], [120755.0, 9760.0], [120757.5, 34490.0], [120762.5, 630.0], [120765.0, 2100.0], [120782.5, 1410.0], [120785.0, 4700.0], [120787.5, 9410.0], [120790.0, 24660.0], [120797.5, 630.0], [120800.0, 2090.0], [120807.5, 40.0]]}}}
{"jsonrpc": "2.0", "method": "subscription", "params": {"channel": "book.BTC-17OCT25.none.20.100ms", "data": {"timestamp": 1759487018078, "change_id": 119739732946, "instrument_name": "BTC-17OCT25", "bids": [[120922.5, 5000.0], [120887.5, 2100.0], [120885.0, 7000.0], [120872.5, 14410.0], [120870.0, 48510.0], [120780.0, 4680.0], [120777.5, 15590.0], [120772.5, 20.0], [120702.5, 1860.0], [120700.0, 6200.0], [120697.5, 450.0], [120695.0, 1510.0], [120675.0, 20.0], [120662.5, 1820.0], [120660.0, 6060.0], [120607.5, 6290.0], [120600.0, 24240.0], [120592.5, 18920.0], [120580.0, 20.0], [120525.0, 50000.0]], "asks": [[120927.5, 26670.0], [120930.0, 44000.0], [120937.5, 6350.0], [120940.0, 6370.0], [120942.5, 6260.0], [120950.0, 7240.0], [120952.5, 50000.0], [120965.0, 4720.0], [120967.5, 15720.0], [120982.5, 80.0], [120995.0, 1350.0], [120997.5, 4490.0], [121027.5, 50.0], [121052.5, 20.0], [121057.5, 460.0], [121060.0, 1520.0], [121062.5, 20.0], [121090.0, 1820.0], [121092.5, 6060.0], [121105.0, 18560.0]]}}}
{"jsonrpc": "2.0", "method": "subscription", "params": {"channel": "book.BTC-10OCT25.none.20.100ms", "data": {"timestamp": 1759487018358, "change_id": 119739733101, "instrument_name": "BTC-10OCT25", "bids": [[120727.5, 5420.0], [120725.0, 2100.0], [120722.5, 7000.0], [120717.5, 80.0], [120715.0, 13200.0], [120712.5, 44000.0], [120710.0, 10400.0], [120707.5, 39190.0], [120700.0, 12320.0], [120697.5, 2260.0], [120695.0, 34490.0], [120687.5, 620.0], [120685.0, 2050.0], [120675.0, 20.0], [120672.5, 40.0], [120670.0, 40.0], [120665.0, 620.0], [120662.5, 2050.0], [120660.0, 1410.0], [120657.5, 4700.0]], "asks": [[120730.0, 94820.0], [120732.5, 96580.0], [120735.0, 24950.0], [120737.5, 44000.0], [120740.0, 131080.0], [120745.0, 7160.0], [120747.5, 160.0], [120750.0, 35750.0], [120752.5, 7080.0], [120755.0, 9760.0], [120757.5, 34490.0], [120762.5, 630.0], [120765.0, 2100.0], [120782.5, 1410.0], [120785.0, 4700.0], [120787.5, 9410.0], [120790.0, 24660.0], [120797.5, 630.0], [120800.0, 2090.0], [120807.5, 40.0]]}}}
{"jsonrpc": "2.0", "method": "subscription", "params": {"channel": "book.BTC-17OCT25.none.20.100ms", "data": {"timestamp": 1759487018429, "change_id": 119739733179, "instrument_name": "BTC-17OCT25", "bids": [[120922.5, 5000.0], [120917.5, 4490.0], [120887.5, 2100.0], [120885.0, 7000.0], [120872.5, 14410.0], [120870.0, 48510.0], [120780.0, 4680.0], [120777.5, 15590.0], [120772.5, 20.0], [120702.5, 1860.0], [120700.0, 6200.0], [120697.5, 450.0], [120695.0, 1510.0], [120675.0, 20.0], [120662.5, 1820.0], [120660.0, 6060.0], [120607.5, 6290.0], [120600.0, 24240.0], [120592.5, 18920.0], [120580.0, 20.0]], "asks": [[120927.5, 26670.0], [120930.0, 44000.0], [120937.5, 6350.0], [120940.0, 6370.0], [120942.5, 6260.0], [120950.0, 7240.0], [120952.5, 50000.0], [120965.0, 4720.0], [120967.5, 15720.0], [120982.5, 80.0], [120995.0, 1350.0], [120997.5, 4490.0], [121027.5, 50.0], [121052.5, 20.0], [121057.5, 460.0], [121060.0, 1520.0], [121062.5, 20.0], [121090.0, 1820.0], [121092.5, 6060.0], [121105.0, 18560.0]]}}}
{"jsonrpc": "2.0", "method": "subscription", "params": {"channel": "book.BTC-17OCT25.none.20.100ms", "data": {"timestamp": 1759487018673, "change_id": 119739733818, "instrument_name": "BTC-17OCT25", "bids": [[120922.5, 5000.0], [120917.5, 4490.0], [120887.5, 2100.0], [120885.0, 7000.0], [120872.5, 14410.0], [120870.0, 48510.0], [120780.0, 4680.0], [120777.5, 15590.0], [120772.5, 20.0], [120702.5, 1860.0], [120700.0, 6200.0], [120697.5, 450.0], [120695.0, 1510.0], [120675.0, 20.0], [120662.5, 1820.0], [120660.0, 6060.0], [120607.5, 6290.0], [120600.0, 24240.0], [120592.5, 18920.0], [120580.0, 20.0]], "asks": [[120927.5, 26670.0], [120930.0, 44000.0], [120937.5, 6350.0], [120940.0, 6370.0], [120942.5, 6260.0], [120950.0, 7240.0], [120952.5, 50000.0], [120965.0, 4720.0], [120967.5, 15720.0], [120982.5, 80.0], [120995.0, 1350.0], [120997.5, 4490.0], [121027.5, 50.0], [121052.5, 20.0], [121057.5, 460.0], [121060.0, 1520.0], [121062.5, 20.0], [121090.0, 1820.0], [121092.5, 6060.0], [121105.0, 18560.0]]}}}
{"jsonrpc": "2.0", "method": "subscription", "params": {"channel": "book.BTC-10OCT25.none.20.100ms", "data": {"timestamp": 1759487019007, "change_id": 119739734134, "instrument_name": "BTC-10OCT25", "bids": [[120727.5, 5420.0], [120722.5, 7000.0], [120717.5, 80.0], [120715.0, 13200.0], [120712.5, 44000.0], [120710.0, 10400.0], [120707.5, 39190.0], [120700.0, 12320.0], [120697.5, 2260.0], [120695.0, 34490.0], [120687.5, 620.0], [120685.0, 2050.0], [120675.0, 20.0], [120672.5, 40.0], [120670.0, 40.0], [120665.0, 620.0], [120662.5, 2050.0], [120660.0, 1410.0], [120657.5, 4700.0], [120647.5, 610.0]], "asks": [[120730.0, 94820.0], [120732.5, 96580.0], [120735.0, 24950.0], [120737.5, 44000.0], [120740.0, 131080.0], [120745.0, 7160.0], [120747.5, 160.0], [120750.0, 35750.0], [120752.5, 7080.0], [120755.0, 9760.0], [120757.5, 34490.0], [120762.5, 630.0], [120765.0, 2100.0], [120782.5, 1410.0], [120785.0, 4700.0], [120787.5, 9410.0], [120790.0, 24660.0], [120797.5, 630.0], [120800.0, 2090.0], [120807.5, 40.0]]}}}
{"jsonrpc": "2.0", "method": "subscription", "params": {"channel": "book.BTC-17OCT25.none.20.100ms", "data": {"timestamp": 1759487020173, "change_id": 119739735432, "instrument_name": "BTC-17OCT25", "bids": [[120922.5, 5000.0], [120917.5, 4490.0], [120887.5, 2100.0], [120885.0, 7000.0], [120872.5, 14410.0], [120870.0, 48510.0], [120780.0, 4680.0], [120777.5, 15590.0], [120772.5, 20.0], [120702.5, 1860.0], [120700.0, 6200.0], [120697.5, 450.0], [120695.0, 1510.0], [120675.0, 20.0], [120662.5, 1820.0], [120660.0, 6060.0], [120607.5, 6290.0], [120600.0, 24240.0], [120592.5, 18920.0], [120580.0, 20.0]], "asks": [[120927.5, 26670.0], [120930.0, 44000.0], [120937.5, 6350.0], [120940.0, 6370.0], [120942.5, 6260.0], [120950.0, 7240.0], [120952.5, 50000.0], [120965.0, 4720.0], [120967.5, 15720.0], [120982.5, 80.0], [120995.0, 1350.0], [120997.5, 4490.0], [121027.5, 50.0], [121052.5, 20.0], [121057.5, 460.0], [121060.0, 1520.0], [121062.5, 20.0], [121090.0, 1820.0], [121092.5, 6060.0], [121105.0, 18560.0]]}}}
{"jsonrpc": "2.0", "method": "subscription", "params": {"channel": "book.BTC-17OCT25.none.20.100ms", "data": {"timestamp": 1759487021079, "change_id": 119739736477, "instrument_name": "BTC-17OCT25", "bids": [[120922.5, 5000.0], [120917.5, 4490.0], [120887.5, 2100.0], [120885.0, 7000.0], [120872.5, 14410.0], [120870.0, 48510.0], [120780.0, 4680.0], [120777.5, 15590.0], [120772.5, 20.0], [120707.5, 1860.0], [120705.0, 6200.0], [120697.5, 450.0], [120695.0, 1510.0], [120675.0, 20.0], [120662.5, 1820.0], [120660.0, 6060.0], [120607.5, 6290.0], [120600.0, 24240.0], [120592.5, 18920.0], [120580.0, 20.0]], "asks": [[120927.5, 26670.0], [120930.0, 44000.0], [120937.5, 6350.0], [120940.0, 6370.0], [120942.5, 6260.0], [120950.0, 7240.0], [120952.5, 50000.0], [120965.0, 4720.0], [120967.5, 15720.0], [120982.5, 80.0], [120995.0, 1350.0], [120997.5, 4490.0], [121027.5, 50.0], [121052.5, 20.0], [121057.5, 460.0], [121060.0, 1520.0], [121062.5, 20.0], [121090.0, 1820.0], [121092.5, 6060.0], [121105.0, 18560.0]]}}}
{"jsonrpc": "2.0", "method": "subscription", "params": {"channel": "book.BTC-10OCT25.none.20.100ms", "data": {"timestamp": 1759487021395, "change_id": 119739736666, "instrument_name": "BTC-10OCT25", "bids": [[120727.5, 5420.0], [120725.0, 2100.0], [120722.5, 7000.0], [120717.5, 80.0], [120715.0, 13200.0], [120712.5, 44000.0], [120710.0, 10400.0], [120707.5, 39190.0], [120700.0, 12320.0], [120697.5, 2260.0], [120695.0, 34490.0], [120687.5, 620.0], [120685.0, 2050.0], [120675.0, 20.0], [120672.5, 40.0], [120670.0, 40.0], [120665.0, 620.0], [120662.5, 2050.0], [120660.0, 1410.0], [120657.5, 4700.0]], "asks": [[120730.0, 94820.0], [120732.5, 96580.0], [120735.0, 24950.0], [120737.5, 44000.0], [120740.0, 131080.0], [120745.0, 7160.0], [120747.5, 160.0], [120750.0, 35750.0], [120752.5, 7080.0], [120755.0, 9760.0], [120757.5, 34490.0], [120762.5, 630.0], [120765.0, 2100.0], [120782.5, 1410.0], [120785.0, 4700.0], [120787.5, 9410.0], [120790.0, 24660.0], [120797.5, 630.0], [120800.0, 2090.0], [120807.5, 40.0]]}}}
{"jsonrpc": "2.0", "method": "subscription", "params": {"channel": "book.BTC-17OCT25.none.20.100ms", "data": {"timestamp": 1759487021364, "change_id": 119739736623, "instrument_name": "BTC-17OCT25", "bids": [[120922.5, 5000.0], [120917.5, 4490.0], [120887.5, 2100.0], [120885.0, 7000.0], [120880.0, 13200.0], [120877.5, 44000.0], [120872.5, 1370.0], [120870.0, 4510.0], [120780.0, 4680.0], [120777.5, 15590.0], [120772.5, 20.0], [120707.5, 1860.0], [120705.0, 6200.0], [120697.5, 450.0], [120695.0, 1510.0], [120675.0, 20.0], [120662.5, 1820.0], [120660.0, 6060.0], [120607.5, 6290.0], [120600.0, 24240.0]], "asks": [[120927.5, 26670.0], [120930.0, 44000.0], [120937.5, 6350.0], [120940.0, 6370.0], [120942.5, 6260.0], [120950.0, 7240.0], [120952.5, 50000.0], [120965.0, 4720.0], [120967.5, 15720.0], [120982.5, 80.0], [120995.0, 1350.0], [120997.5, 4490.0], [121027.5, 50.0], [121052.5, 20.0], [121057.5, 460.0], [121060.0, 1520.0], [121062.5, 20.0], [121090.0, 1820.0], [121092.5, 6060.0], [121105.0, 18560.0]]}}}
{"jsonrpc": "2.0", "method": "subscription", "params": {"channel": "book.BTC-17OCT25.none.20.100ms", "data": {"timestamp": 1759487021674, "change_id": 119739737316, "instrument_name": "BTC-17OCT25", "bids": [[120922.5, 5000.0], [120917.5, 4490.0], [120887.5, 2100.0], [120885.0, 7000.0], [120880.0, 13200.0], [120877.5, 44000.0], [120872.5, 1370.0], [120870.0, 4510.0], [120780.0, 4680.0], [120777.5, 15590.0], [120772.5, 20.0], [120707.5, 1860.0], [120705.0, 6200.0], [120697.5, 450.0], [120695.0, 1510.0], [120675.0, 20.0], [120662.5, 1820.0], [120660.0, 6060.0], [120607.5, 6290.0], [120600.0, 24240.0]], "asks": [[120927.5, 26670.0], [120930.0, 44000.0], [120937.5, 6350.0], [120940.0, 6370.0], [120942.5, 6260.0], [120950.0, 7240.0], [120952.5, 50000.0], [120965.0, 4720.0], [120967.5, 15720.0], [120982.5, 80.0], [120995.0, 1350.0], [120997.5, 4490.0], [121027.5, 50.0], [121052.5, 20.0], [121057.5, 460.0], [121060.0, 1520.0], [121062.5, 20.0], [121090.0, 1820.0], [121092.5, 6060.0], [121105.0, 18560.0]]}}}
{"jsonrpc": "2.0", "method": "subscription", "params": {"channel": "book.BTC-17OCT25.none.20.100ms", "data": {"timestamp": 1759487024079, "change_id": 119739740063, "instrument_name": "BTC-17OCT25", "bids": [[120922.5, 5000.0], [120920.0, 1350.0], [120917.5, 4490.0], [120887.5, 2100.0], [120885.0, 7000.0], [120880.0, 13200.0], [120877.5, 44000.0], [120872.5, 1370.0], [120870.0, 4510.0], [120780.0, 4680.0], [120777.5, 15590.0], [120772.5, 20.0], [120707.5, 1860.0], [120705.0, 6200.0], [120697.5, 450.0], [120695.0, 1510.0], [120675.0, 20.0], [120662.5, 1820.0], [120660.0, 6060.0], [120617.5, 6290.0]], "asks": [[120927.5, 26670.0], [120930.0, 44000.0], [120937.5, 6350.0], [120940.0, 6370.0], [120942.5, 6260.0], [120950.0, 7240.0], [120952.5, 50000.0], [120965.0, 4720.0], [120967.5, 15720.0], [120982.5, 80.0], [120995.0, 1350.0], [120997.5, 4490.0], [121027.5, 50.0], [121052.5, 20.0], [121057.5, 460.0], [121060.0, 1520.0], [121062.5, 20.0], [121090.0, 1820.0], [121092.5, 6060.0], [121105.0, 18560.0]]}}}
{"jsonrpc": "2.0", "method": "subscription", "params": {"channel": "book.BTC-10OCT25.none.20.100ms", "data": {"timestamp": 1759487024452, "change_id": 119739740300, "instrument_name": "BTC-10OCT25", "bids": [[120727.5, 5420.0], [120725.0, 2100.0], [120722.5, 7000.0], [120717.5, 80.0], [120715.0, 13200.0], [120712.5, 44000.0], [120710.0, 10400.0], [120707.5, 39190.0], [120700.0, 12320.0], [120697.5, 2260.0], [120695.0, 34490.0], [120687.5, 620.0], [120685.0, 2050.0], [120675.0, 20.0], [120672.5, 40.0], [120670.0, 40.0], [120665.0, 620.0], [120662.5, 2050.0], [120660.0, 1410.0], [120657.5, 4700.0]], "asks": [[120730.0, 94820.0], [120732.5, 96580.0], [120735.0, 24950.0], [120737.5, 44000.0], [120740.0, 131080.0], [120745.0, 7160.0], [120747.5, 160.0], [120750.0, 35750.0], [120752.5, 7080.0], [120755.0, 9760.0], [120757.5, 34490.0], [120762.5, 630.0], [120765.0, 2100.0], [120782.5, 1410.0], [120785.0, 4700.0], [120787.5, 9410.0], [120790.0, 24660.0], [120797.5, 630.0], [120800.0, 2090.0], [120807.5, 40.0]]}}}
{"jsonrpc": "2.0", "method": "subscription", "params": {"channel": "book.BTC-17OCT25.none.20.100ms", "data": {"timestamp": 1759487024474, "change_id": 119739740306, "instrument_name": "BTC-17OCT25", "bids": [[120922.5, 5000.0], [120920.0, 1350.0], [120917.5, 4490.0], [120895.0, 2100.0], [120892.5, 7000.0], [120880.0, 13200.0], [120877.5, 44000.0], [120872.5, 1370.0], [120870.0, 4510.0], [120780.0, 4680.0], [120777.5, 15590.0], [120772.5, 20.0], [120707.5, 1860.0], [120705.0, 6200.0], [120697.5, 450.0], [120695.0, 1510.0], [120675.0, 20.0], [120662.5, 1820.0], [120660.0, 6060.0], [120617.5, 6290.0]], "asks": [[120927.5, 26670.0], [120930.0, 44000.0], [120937.5, 6350.0], [120940.0, 6370.0], [120942.5, 6260.0], [120950.0, 7240.0], [120952.5, 50000.0], [120965.0, 4720.0], [120967.5, 15720.0], [120982.5, 80.0], [120995.0, 1350.0], [120997.5, 4490.0], [121027.5, 50.0], [121052.5, 20.0], [121057.5, 460.0], [121060.0, 1520.0], [121062.5, 20.0], [121090.0, 1820.0], [121092.5, 6060.0], [121105.0, 18560.0]]}}}
{"jsonrpc": "2.0", "method": "subscription", "params": {"channel": "book.BTC-10OCT25.none.20.100ms", "data": {"timestamp": 1759487025459, "change_id": 119739741536, "instrument_name": "BTC-10OCT25", "bids": [[120727.5, 5420.0], [120722.5, 7000.0], [120717.5, 80.0], [120715.0, 13200.0], [120712.5, 44000.0], [120710.0, 10400.0], [120707.5, 39190.0], [120700.0, 12320.0], [120697.5, 2260.0], [120695.0, 34490.0], [120687.5, 620.0], [120685.0, 2050.0], [120675.0, 20.0], [120672.5, 40.0], [120670.0, 40.0], [120665.0, 620.0], [120662.5, 2050.0], [120660.0, 1410.0], [120657.5, 4700.0], [120647.5, 610.0]], "asks": [[120730.0, 94820.0], [120732.5, 96580.0], [120735.0, 24950.0], [120737.5, 44000.0], [120740.0, 131080.0], [120745.0, 7160.0], [120747.5, 160.0], [120750.0, 35750.0], [120752.5, 7080.0], [120755.0, 9760.0], [120757.5, 34490.0], [120762.5, 630.0], [120765.0, 2100.0], [120782.5, 1410.0], [120785.0, 4700.0], [120787.5, 9410.0], [120790.0, 24660.0], [120797.5, 630.0], [120800.0, 2090.0], [120807.5, 40.0]]}}}
{"jsonrpc": "2.0", "method": "subscription", "params": {"channel": "book.BTC-17OCT25.none.20.100ms", "data": {"timestamp": 1759487025335, "change_id": 119739741428, "instrument_name": "BTC-17OCT25", "bids": [[120922.5, 5000.0], [120917.5, 4490.0], [120895.0, 2100.0], [120892.5, 7000.0], [120880.0, 13200.0], [120877.5, 44000.0], [120872.5, 1370.0], [120870.0, 4510.0], [120780.0, 4680.0], [120777.5, 15590.0], [120772.5, 20.0], [120707.5, 1860.0], [120705.0, 6200.0], [120697.5, 450.0], [120695.0, 1510.0], [120675.0, 20.0], [120662.5, 1820.0], [120660.0, 6060.0], [120617.5, 6290.0], [120600.0, 24240.0]], "asks": [[120927.5, 26670.0], [120930.0, 44000.0], [120935.0, 2850.0], [120937.5, 5000.0], [120940.0, 6370.0], [120942.5, 6260.0], [120950.0, 7240.0], [120952.5, 50000.0], [120965.0, 4720.0], [120967.5, 15720.0], [120982.5, 80.0], [120995.0, 1350.0], [120997.5, 4490.0], [121027.5, 50.0], [121052.5, 20.0], [121057.5, 460.0], [121060.0, 1520.0], [121062.5, 20.0], [121090.0, 1820.0], [121092.5, 6060.0]]}}}
{"jsonrpc": "2.0", "method": "subscription", "params": {"channel": "book.BTC-10OCT25.none.20.100ms", "data": {"timestamp": 1759487026625, "change_id": 119739743342, "instrument_name": "BTC-10OCT25", "bids": [[120727.5, 5420.0], [120725.0, 2100.0], [120722.5, 7000.0], [120717.5, 80.0], [120715.0, 13200.0], [120712.5, 44000.0], [120710.0, 10400.0], [120707.5, 39190.0], [120700.0, 12320.0], [120697.5, 2260.0], [120695.0, 34490.0], [120687.5, 620.0], [120685.0, 2050.0], [120675.0, 20.0], [120672.5, 40.0], [120670.0, 40.0], [120665.0, 620.0], [120662.5, 2050.0], [120660.0, 1410.0], [120657.5, 4700.0]], "asks": [[120730.0, 99520.0], [120732.5, 96580.0], [120735.0, 20250.0], [120737.5, 44000.0], [120740.0, 131080.0], [120745.0, 7160.0], [120747.5, 160.0], [120750.0, 35750.0], [120752.5, 7080.0], [120755.0, 9760.0], [120757.5, 34490.0], [120762.5, 630.0], [120765.0, 2100.0], [120782.5, 1410.0], [120785.0, 4700.0], [120787.5, 9410.0], [120790.0, 24660.0], [120797.5, 630.0], [120800.0, 2090.0], [120807.5, 40.0]]}}}
{"jsonrpc": "2.0", "method": "subscription", "params": {"channel": "book.BTC-17OCT25.none.20.100ms", "data": {"timestamp": 1759487026671, "change_id": 119739743361, "instrument_name": "BTC-17OCT25", "bids": [[120922.5, 5000.0], [120917.5, 4490.0], [120895.0, 2100.0], [120892.5, 7000.0], [120880.0, 13200.0], [120877.5, 44000.0], [120872.5, 1370.0], [120870.0, 4510.0], [120780.0, 4680.0], [120777.5, 15590.0], [120772.5, 20.0], [120707.5, 1860.0], [120705.0, 6200.0], [120697.5, 450.0], [120695.0, 1510.0], [120675.0, 20.0], [120662.5, 1820.0], [120660.0, 6060.0], [120617.5, 6290.0], [120600.0, 24240.0]], "asks": [[120927.5, 26670.0], [120930.0, 44000.0], [120935.0, 1500.0], [120937.5, 5000.0], [120940.0, 6370.0], [120942.5, 6260.0], [120950.0, 7240.0], [120952.5, 50000.0], [120965.0, 4720.0], [120967.5, 15720.0], [120982.5, 80.0], [120995.0, 1350.0], [120997.5, 4490.0], [121027.5, 50.0], [121052.5, 20.0], [121057.5, 460.0], [121060.0, 1520.0], [121062.5, 20.0], [121090.0, 1820.0], [121092.5, 6060.0]]}}}
{"jsonrpc": "2.0", "method": "subscription", "params": {"channel": "book.BTC-17OCT25.none.20.100ms", "data": {"timestamp": 1759487027083, "change_id": 119739743710, "instrument_name": "BTC-17OCT25", "bids": [[120922.5, 5000.0], [120920.0, 1350.0], [120917.5, 4490.0], [120895.0, 2100.0], [120892.5, 7000.0], [120880.0, 13200.0], [120877.5, 44000.0], [120872.5, 1370.0], [120870.0, 4510.0], [120780.0, 4680.0], [120777.5, 15590.0], [120772.5, 20.0], [120712.5, 1860.0], [120710.0, 6200.0], [120697.5, 450.0], [120695.0, 1510.0], [120675.0, 20.0], [120662.5, 1820.0], [120660.0, 6060.0], [120617.5, 6290.0]], "asks": [[120927.5, 26670.0], [120930.0, 44000.0], [120935.0, 1500.0], [120937.5, 5000.0], [120940.0, 6370.0], [120942.5, 6260.0], [120950.0, 7240.0], [120952.5, 50000.0], [120965.0, 4720.0], [120967.5, 15720.0], [120982.5, 80.0], [120995.0, 1350.0], [120997.5, 4490.0], [121027.5, 50.0], [121052.5, 20.0], [121057.5, 460.0], [121060.0, 1520.0], [121062.5, 20.0], [121090.0, 1820.0], [121092.5, 6060.0]]}}}
{"jsonrpc": "2.0", "method": "subscription", "params": {"channel": "book.BTC-17OCT25.none.20.100ms", "data": {"timestamp": 1759487027173, "change_id": 119739743782, "instrument_name": "BTC-17OCT25", "bids": [[120922.5, 5000.0], [120920.0, 1350.0], [120917.5, 4490.0], [120895.0, 2100.0], [120892.5, 7000.0], [120880.0, 13200.0], [120877.5, 44000.0], [120872.5, 1370.0], [120870.0, 4510.0], [120780.0, 4680.0], [120777.5, 15590.0], [120772.5, 20.0], [120712.5, 1860.0], [120710.0, 6200.0], [120697.5, 450.0], [120695.0, 1510.0], [120675.0, 20.0], [120662.5, 1820.0], [120660.0, 6060.0], [120617.5, 6290.0]], "asks": [[120927.5, 26670.0], [120930.0, 44000.0], [120935.0, 1500.0], [120937.5, 5000.0], [120940.0, 6370.0], [120942.5, 6260.0], [120950.0, 7240.0], [120952.5, 50000.0], [120965.0, 4720.0], [120967.5, 15720.0], [120982.5, 80.0], [120995.0, 1350.0], [120997.5, 4490.0], [121027.5, 50.0], [121052.5, 20.0], [121057.5, 460.0], [121060.0, 1520.0], [121062.5, 20.0], [121090.0, 1820.0], [121092.5, 6060.0]]}}}
{"jsonrpc": "2.0", "method": "subscription", "params": {"channel": "book.BTC-17OCT25.none.20.100ms", "data": {"timestamp": 1759487028674, "change_id": 119739745611, "instrument_name": "BTC-17OCT25", "bids": [[120922.5, 5000.0], [120920.0, 1350.0], [120917.5, 4490.0], [120895.0, 2100.0], [120892.5, 7000.0], [120880.0, 13200.0], [120877.5, 44000.0], [120872.5, 1370.0], [120870.0, 4510.0], [120780.0, 4680.0], [120777.5, 15590.0], [120772.5, 20.0], [120712.5, 1860.0], [120710.0, 6200.0], [120697.5, 450.0], [120695.0, 1510.0], [120675.0, 20.0], [120662.5, 1820.0], [120660.0, 6060.0], [120617.5, 6290.0]], "asks": [[120927.5, 26670.0], [120930.0, 44000.0], [120935.0, 1500.0], [120937.5, 5000.0], [120940.0, 6370.0], [120942.5, 6260.0], [120950.0, 7240.0], [120952.5, 50000.0], [120965.0, 4720.0], [120967.5, 15720.0], [120982.5, 80.0], [120995.0, 1350.0], [120997.5, 4490.0], [121027.5, 50.0], [121052.5, 20.0], [121057.5, 460.0], [121060.0, 1520.0], [121062.5, 20.0], [121090.0, 1820.0], [121092.5, 6060.0]]}}}
{"jsonrpc": "2.0", "method": "subscription", "params": {"channel": "book.BTC-10OCT25.none.20.100ms", "data": {"timestamp": 1759487030523, "change_id": 119739747424, "instrument_name": "BTC-10OCT25", "bids": [[120727.5, 5420.0], [120725.0, 2100.0], [120722.5, 7000.0], [120717.5, 80.0], [120715.0, 13200.0], [120712.5, 44000.0], [120710.0, 10400.0], [120707.5, 39190.0], [120700.0, 12320.0], [120697.5, 2260.0], [120695.0, 34490.0], [120687.5, 620.0], [120685.0, 2050.0], [120675.0, 20.0], [120672.5, 40.0], [120670.0, 40.0], [120665.0, 620.0], [120662.5, 2050.0], [120660.0, 1410.0], [120657.5, 4700.0]], "asks": [[120730.0, 99520.0], [120732.5, 96580.0], [120735.0, 20250.0], [120737.5, 44000.0], [120740.0, 131080.0], [120745.0, 7160.0], [120747.5, 160.0], [120750.0, 35750.0], [120752.5, 2080.0], [120755.0, 9760.0], [120757.5, 34490.0], [120762.5, 5630.0], [120765.0, 2100.0], [120782.5, 1410.0], [120785.0, 4700.0], [120787.5, 9410.0], [120790.0, 24660.0], [120797.5, 630.0], [120800.0, 2090.0], [120807.5, 40.0]]}}}
{"jsonrpc": "2.0", "method": "subscription", "params": {"channel": "book.BTC-17OCT25.none.20.100ms", "data": {"timestamp": 1759487030404, "change_id": 119739747328, "instrument_name": "BTC-17OCT25", "bids": [[120922.5, 5000.0], [120920.0, 1350.0], [120917.5, 4490.0], [120895.0, 2100.0], [120892.5, 7000.0], [120880.0, 13200.0], [120877.5, 44000.0], [120872.5, 1370.0], [120870.0, 4510.0], [120780.0, 4680.0], [120777.5, 15590.0], [120772.5, 20.0], [120712.5, 1860.0], [120710.0, 6200.0], [120697.5, 450.0], [120695.0, 1510.0], [120675.0, 20.0], [120662.5, 1820.0], [120660.0, 6060.0], [120617.5, 6290.0]], "asks": [[120927.5, 26670.0], [120930.0, 44000.0], [120935.0, 1500.0], [120940.0, 6370.0], [120942.5, 6260.0], [120945.0, 1500.0], [120947.5, 5000.0], [120950.0, 7240.0], [120952.5, 50000.0], [120965.0, 4720.0], [120967.5, 15720.0], [120982.5, 80.0], [120995.0, 1350.0], [120997.5, 4490.0], [121027.5, 50.0], [121052.5, 20.0], [121057.5, 460.0], [121060.0, 1520.0], [121062.5, 20.0], [121090.0, 1820.0]]}}}
{"jsonrpc": "2.0", "method": "subscription", "params": {"channel": "book.BTC-17OCT25.none.20.100ms", "data": {"timestamp": 1759487031674, "change_id": 119739749059, "instrument_name": "BTC-17OCT25", "bids": [[120922.5, 5000.0], [120920.0, 1350.0], [120917.5, 4490.0], [120895.0, 2100.0], [120892.5, 7000.0], [120880.0, 13200.0], [120877.5, 44000.0], [120872.5, 1370.0], [120870.0, 4510.0], [120780.0, 4680.0], [120777.5, 15590.0], [120772.5, 20.0], [120712.5, 1860.0], [120710.0, 6200.0], [120697.5, 450.0], [120695.0, 1510.0], [120675.0, 20.0], [120662.5, 1820.0], [120660.0, 6060.0], [120617.5, 6290.0]], "asks": [[120927.5, 26670.0], [120930.0, 44000.0], [120935.0, 1500.0], [120940.0, 6370.0], [120942.5, 6260.0], [120945.0, 1500.0], [120947.5, 5000.0], [120950.0, 7240.0], [120952.5, 50000.0], [120965.0, 4720.0], [120967.5, 15720.0], [120982.5, 80.0], [120995.0, 1350.0], [120997.5, 4490.0], [121027.5, 50.0], [121052.5, 20.0], [121057.5, 460.0], [121060.0, 1520.0], [121062.5, 20.0], [121090.0, 1820.0]]}}}
{"jsonrpc": "2.0", "method": "subscription", "params": {"channel": "book.BTC-17OCT25.none.20.100ms", "data": {"timestamp": 1759487033085, "change_id": 119739750500, "instrument_name": "BTC-17OCT25", "bids": [[120922.5, 5000.0], [120920.0, 1350.0], [120917.5, 4490.0], [120895.0, 2100.0], [120892.5, 7000.0], [120880.0, 13200.0], [120877.5, 44000.0], [120872.5, 1370.0], [120870.0, 4510.0], [120780.0, 4680.0], [120777.5, 15590.0], [120772.5, 20.0], [120715.0, 1860.0], [120712.5, 6200.0], [120697.5, 450.0], [120695.0, 1510.0], [120675.0, 20.0], [120662.5, 1820.0], [120660.0, 6060.0], [120617.5, 6290.0]], "asks": [[120927.5, 26670.0], [120930.0, 44000.0], [120935.0, 1500.0], [120940.0, 6370.0], [120942.5, 6260.0], [120945.0, 1500.0], [120947.5, 5000.0], [120950.0, 7240.0], [120952.5, 50000.0], [120965.0, 4720.0], [120967.5, 15720.0], [120982.5, 80.0], [120995.0, 1350.0], [120997.5, 4490.0], [121027.5, 50.0], [121052.5, 20.0], [121057.5, 460.0], [121060.0, 1520.0], [121062.5, 20.0], [121090.0, 1820.0]]}}}
{"jsonrpc": "2.0", "method": "subscription", "params": {"channel": "book.BTC-17OCT25.none.20.100ms", "data": {"timestamp": 1759487034473, "change_id": 119739751811, "instrument_name": "BTC-17OCT25", "bids": [[120922.5, 5000.0], [120920.0, 1350.0], [120917.5, 4490.0], [120895.0, 2100.0], [120892.5, 7000.0], [120880.0, 13200.0], [120877.5, 44000.0], [120872.5, 1370.0], [120870.0, 4510.0], [120780.0, 4680.0], [120777.5, 15590.0], [120772.5, 20.0], [120715.0, 1860.0], [120712.5, 6200.0], [120697.5, 450.0], [120695.0, 1510.0], [120675.0, 20.0], [120662.5, 1820.0], [120660.0, 6060.0], [120617.5, 6290.0]], "asks": [[120927.5, 26670.0], [120930.0, 44000.0], [120935.0, 1500.0], [120940.0, 6370.0], [120942.5, 6260.0], [120945.0, 1500.0], [120947.5, 5000.0], [120950.0, 7240.0], [120952.5, 50000.0], [120965.0, 4720.0], [120967.5, 15720.0], [120982.5, 80.0], [120995.0, 1350.0], [120997.5, 4490.0], [121027.5, 50.0], [121052.5, 20.0], [121057.5, 460.0], [121060.0, 1520.0], [121062.5, 20.0], [121090.0, 1820.0]]}}}
{"jsonrpc": "2.0", "method": "subscription", "params": {"channel": "book.BTC-10OCT25.none.20.100ms", "data": {"timestamp": 1759487035174, "change_id": 119739752818, "instrument_name": "BTC-10OCT25", "bids": [[120727.5, 5420.0], [120725.0, 2100.0], [120722.5, 7000.0], [120717.5, 80.0], [120715.0, 13200.0], [120712.5, 44000.0], [120710.0, 10400.0], [120707.5, 39190.0], [120700.0, 12320.0], [120697.5, 2260.0], [120695.0, 34490.0], [120687.5, 620.0], [120685.0, 2050.0], [120675.0, 20.0], [120672.5, 40.0], [120670.0, 40.0], [120665.0, 620.0], [120662.5, 2050.0], [120660.0, 1410.0], [120657.5, 4700.0]], "asks": [[120730.0, 99520.0], [120732.5, 96580.0], [120735.0, 20250.0], [120737.5, 44000.0], [120740.0, 131080.0], [120745.0, 7160.0], [120747.5, 160.0], [120750.0, 35750.0], [120752.5, 2080.0], [120755.0, 9760.0], [120757.5, 34490.0], [120762.5, 5630.0], [120765.0, 2100.0], [120782.5, 1410.0], [120785.0, 4700.0], [120787.5, 9410.0], [120790.0, 24660.0], [120797.5, 630.0], [120800.0, 2090.0], [120807.5, 40.0]]}}}
{"jsonrpc": "2.0", "method": "subscription", "params": {"channel": "book.BTC-17OCT25.none.20.100ms", "data": {"timestamp": 1759487035173, "change_id": 119739752817, "instrument_name": "BTC-17OCT25", "bids": [[120922.5, 5000.0], [120920.0, 1350.0], [120917.5, 4490.0], [120895.0, 2100.0], [120892.5, 7000.0], [120880.0, 13200.0], [120877.5, 44000.0], [120872.5, 1370.0], [120870.0, 4510.0], [120780.0, 4680.0], [120777.5, 15590.0], [120772.5, 20.0], [120715.0, 1860.0], [120712.5, 6200.0], [120697.5, 450.0], [120695.0, 1510.0], [120675.0, 20.0], [120662.5, 1820.0], [120660.0, 6060.0], [120617.5, 6290.0]], "asks": [[120927.5, 26670.0], [120930.0, 44000.0], [120937.5, 1350.0], [120940.0, 6370.0], [120942.5, 6260.0], [120945.0, 1500.0], [120947.5, 5000.0], [120950.0, 7240.0], [120952.5, 50000.0], [120965.0, 4720.0], [120967.5, 15720.0], [120982.5, 80.0], [120995.0, 1350.0], [120997.5, 4490.0], [121027.5, 50.0], [121052.5, 20.0], [121057.5, 460.0], [121060.0, 1520.0], [121062.5, 20.0], [121090.0, 1820.0]]}}}
{"jsonrpc": "2.0", "method": "subscription", "params": {"channel": "book.BTC-17OCT25.none.20.100ms", "data": {"timestamp": 1759487035580, "change_id": 119739753293, "instrument_name": "BTC-17OCT25", "bids": [[120922.5, 5000.0], [120917.5, 4490.0], [120895.0, 2100.0], [120892.5, 7000.0], [120880.0, 13200.0], [120877.5, 44000.0], [120872.5, 1370.0], [120870.0, 4510.0], [120780.0, 4680.0], [120777.5, 15590.0], [120772.5, 20.0], [120715.0, 1860.0], [120712.5, 6200.0], [120697.5, 450.0], [120695.0, 1510.0], [120675.0, 20.0], [120662.5, 1820.0], [120660.0, 6060.0], [120617.5, 6290.0], [120600.0, 24240.0]], "asks": [[120927.5, 26670.0], [120930.0, 44000.0], [120937.5, 1350.0], [120940.0, 6370.0], [120942.5, 6260.0], [120945.0, 1500.0], [120947.5, 5000.0], [120950.0, 7240.0], [120952.5, 50000.0], [120965.0, 4720.0], [120967.5, 15720.0], [120982.5, 80.0], [120995.0, 1350.0], [120997.5, 4490.0], [121027.5, 50.0], [121052.5, 20.0], [121057.5, 460.0], [121060.0, 1520.0], [121062.5, 20.0], [121090.0, 1820.0]]}}}
{"jsonrpc": "2.0", "method": "subscription", "params": {"channel": "book.BTC-17OCT25.none.20.100ms", "data": {"timestamp": 1759487036086, "change_id": 119739753917, "instrument_name": "BTC-17OCT25", "bids": [[120922.5, 5000.0], [120917.5, 4490.0], [120895.0, 2100.0], [120892.5, 7000.0], [120880.0, 13200.0], [120877.5, 44000.0], [120872.5, 1370.0], [120870.0, 4510.0], [120780.0, 4680.0], [120777.5, 15590.0], [120772.5, 20.0], [120702.5, 1860.0], [120700.0, 6200.0], [120697.5, 450.0], [120695.0, 1510.0], [120675.0, 20.0], [120662.5, 1820.0], [120660.0, 6060.0], [120617.5, 6290.0], [120600.0, 24240.0]], "asks": [[120927.5, 26670.0], [120930.0, 44000.0], [120937.5, 1350.0], [120940.0, 6370.0], [120942.5, 6260.0], [120945.0, 1500.0], [120947.5, 5000.0], [120950.0, 7240.0], [120952.5, 50000.0], [120965.0, 4720.0], [120967.5, 15720.0], [120982.5, 80.0], [120995.0, 1350.0], [120997.5, 4490.0], [121027.5, 50.0], [121052.5, 20.0], [121057.5, 460.0], [121060.0, 1520.0], [121062.5, 20.0], [121090.0, 1820.0]]}}}
{"jsonrpc": "2.0", "method": "subscription", "params": {"channel": "book.BTC-10OCT25.none.20.100ms", "data": {"timestamp": 1759487036391, "change_id": 119739754081, "instrument_name": "BTC-10OCT25", "bids": [[120727.5, 5420.0], [120722.5, 7000.0], [120717.5, 80.0], [120715.0, 13200.0], [120712.5, 44000.0], [120710.0, 10400.0], [120707.5, 39190.0], [120700.0, 12320.0], [120697.5, 2260.0], [120695.0, 34490.0], [120687.5, 620.0], [120685.0, 2050.0], [120675.0, 20.0], [120672.5, 40.0], [120670.0, 40.0], [120665.0, 620.0], [120662.5, 2050.0], [120660.0, 1410.0], [120657.5, 4700.0], [120647.5, 610.0]], "asks": [[120730.0, 99520.0], [120732.5, 96580.0], [120735.0, 20250.0], [120737.5, 44000.0], [120740.0, 131080.0], [120745.0, 7160.0], [120747.5, 160.0], [120750.0, 35750.0], [120752.5, 2080.0], [120755.0, 14760.0], [120757.5, 34490.0], [120762.5, 630.0], [120765.0, 2100.0], [120782.5, 1410.0], [120785.0, 4700.0], [120787.5, 9410.0], [120790.0, 24660.0], [120797.5, 630.0], [120800.0, 2090.0], [120807.5, 40.0]]}}}
{"jsonrpc": "2.0", "method": "subscription", "params": {"channel": "book.BTC-17OCT25.none.20.100ms", "data": {"timestamp": 1759487036401, "change_id": 119739754110, "instrument_name": "BTC-17OCT25", "bids": [[120922.5, 5000.0], [120917.5, 4490.0], [120885.0, 2100.0], [120882.5, 7000.0], [120880.0, 13200.0], [120877.5, 44000.0], [120872.5, 1370.0], [120870.0, 4510.0], [120780.0, 4680.0], [120777.5, 15590.0], [120772.5, 20.0], [120702.5, 1860.0], [120700.0, 6200.0], [120697.5, 450.0], [120695.0, 1510.0], [120675.0, 20.0], [120662.5, 1820.0], [120660.0, 6060.0], [120617.5, 6290.0], [120600.0, 24240.0]], "asks": [[120927.5, 26670.0], [120930.0, 44000.0], [120937.5, 1350.0], [120940.0, 6370.0], [120942.5, 6260.0], [120945.0, 1500.0], [120947.5, 5000.0], [120950.0, 7240.0], [120952.5, 50000.0], [120965.0, 4720.0], [120967.5, 15720.0], [120982.5, 80.0], [120995.0, 1350.0], [120997.5, 4490.0], [121027.5, 50.0], [121052.5, 20.0], [121057.5, 460.0], [121060.0, 1520.0], [121062.5, 20.0], [121090.0, 1820.0]]}}}
{"jsonrpc": "2.0", "method": "subscription", "params": {"channel": "book.BTC-10OCT25.none.20.100ms", "data": {"timestamp": 1759487036731, "change_id": 119739754828, "instrument_name": "BTC-10OCT25", "bids": [[120727.5, 5420.0], [120722.5, 7000.0], [120717.5, 80.0], [120715.0, 13200.0], [120712.5, 44000.0], [120710.0, 10400.0], [120707.5, 39190.0], [120700.0, 12320.0], [120697.5, 2260.0], [120695.0, 34490.0], [120687.5, 620.0], [120685.0, 2050.0], [120675.0, 20.0], [120672.5, 40.0], [120670.0, 40.0], [120665.0, 620.0], [120662.5, 2050.0], [120660.0, 1410.0], [120657.5, 4700.0], [120647.5, 610.0]], "asks": [[120730.0, 99520.0], [120732.5, 96580.0], [120735.0, 20250.0], [120737.5, 44000.0], [120740.0, 34490.0], [120745.0, 7160.0], [120747.5, 160.0], [120750.0, 35750.0], [120752.5, 2080.0], [120755.0, 14760.0], [120757.5, 34490.0], [120762.5, 630.0], [120765.0, 2100.0], [120782.5, 1410.0], [120785.0, 4700.0], [120787.5, 9410.0], [120790.0, 24660.0], [120797.5, 630.0], [120800.0, 2090.0], [120807.5, 40.0]]}}}
{"jsonrpc": "2.0", "method": "subscription", "params": {"channel": "book.BTC-17OCT25.none.20.100ms", "data": {"timestamp": 1759487036568, "change_id": 119739754468, "instrument_name": "BTC-17OCT25", "bids": [[120922.5, 5000.0], [120917.5, 4490.0], [120885.0, 2100.0], [120882.5, 7000.0], [120880.0, 13200.0], [120877.5, 44000.0], [120872.5, 1370.0], [120870.0, 4510.0], [120780.0, 4680.0], [120777.5, 15590.0], [120772.5, 20.0], [120702.5, 1860.0], [120700.0, 6200.0], [120697.5, 450.0], [120695.0, 1510.0], [120675.0, 20.0], [120662.5, 1820.0], [120660.0, 6060.0], [120617.5, 6290.0], [120600.0, 24240.0]], "asks": [[120927.5, 26670.0], [120930.0, 44000.0], [120937.5, 2680.0], [120940.0, 11370.0], [120942.5, 6260.0], [120950.0, 7240.0], [120952.5, 50000.0], [120965.0, 4720.0], [120967.5, 15720.0], [120982.5, 80.0], [120995.0, 1350.0], [120997.5, 4490.0], [121027.5, 50.0], [121052.5, 20.0], [121057.5, 460.0], [121060.0, 1520.0], [121062.5, 20.0], [121090.0, 1820.0], [121092.5, 6060.0], [121105.0, 18560.0]]}}}
{"jsonrpc": "2.0", "method": "subscription", "params": {"channel": "book.BTC-10OCT25.none.20.100ms", "data": {"timestamp": 1759487037107, "change_id": 119739756671, "instrument_name": "BTC-10OCT25", "bids": [[120727.5, 120.0], [120717.5, 80.0], [120687.5, 620.0], [120685.0, 2050.0], [120680.0, 160.0], [120675.0, 20.0], [120672.5, 40.0], [120670.0, 34530.0], [120662.5, 2050.0], [120660.0, 1410.0], [120657.5, 4700.0], [120647.5, 610.0], [120645.0, 2040.0], [120630.0, 630.0], [120627.5, 2090.0], [120622.5, 1400.0], [120617.5, 20.0], [120615.0, 2090.0], [120602.5, 2090.0], [120585.0, 2090.0]], "asks": [[120730.0, 99520.0], [120732.5, 96580.0], [120735.0, 22620.0], [120737.5, 44000.0], [120740.0, 35900.0], [120742.5, 4700.0], [120745.0, 7160.0], [120750.0, 36460.0], [120752.5, 2080.0], [120755.0, 14760.0], [120757.5, 34490.0], [120762.5, 630.0], [120765.0, 2100.0], [120777.5, 15960.0], [120787.5, 9410.0], [120790.0, 24660.0], [120797.5, 630.0], [120800.0, 2090.0], [120807.5, 40.0], [120810.0, 610.0]]}}}
{"jsonrpc": "2.0", "method": "subscription", "params": {"channel": "book.BTC-17OCT25.none.20.100ms", "data": {"timestamp": 1759487037158, "change_id": 119739756618, "instrument_name": "BTC-17OCT25", "bids": [[120872.5, 7000.0], [120870.0, 4510.0], [120862.5, 44000.0], [120772.5, 20.0], [120707.5, 16150.0], [120695.0, 1510.0], [120675.0, 20.0], [120660.0, 6060.0], [120600.0, 24240.0], [120592.5, 18920.0], [120580.0, 20.0], [120525.0, 50000.0], [120482.5, 20.0], [120472.5, 37690.0], [120387.5, 40.0], [120385.0, 96980.0], [120382.5, 37730.0], [120362.5, 50000.0], [120290.0, 40.0], [120195.0, 40.0]], "asks": [[120920.0, 16160.0], [120925.0, 44000.0], [120927.5, 20000.0], [120935.0, 6260.0], [120940.0, 5000.0], [120952.5, 50000.0], [120955.0, 4490.0], [120982.5, 80.0], [121027.5, 50.0], [121052.5, 20.0], [121060.0, 1520.0], [121062.5, 20.0], [121092.5, 6060.0], [121105.0, 18560.0], [121140.0, 24240.0], [121160.0, 20.0], [121252.5, 37110.0], [121255.0, 20.0], [121272.5, 50000.0], [121342.5, 96980.0]]}}}
{"jsonrpc": "2.0", "method": "subscription", "params": {"channel": "book.BTC-10OCT25.none.20.100ms", "data": {"timestamp": 1759487037462, "change_id": 119739757323, "instrument_name": "BTC-10OCT25", "bids": [[120727.5, 120.0], [120717.5, 80.0], [120707.5, 5000.0], [120700.0, 20200.0], [120697.5, 44000.0], [120687.5, 620.0], [120685.0, 2050.0], [120682.5, 1460.0], [120680.0, 4860.0], [120675.0, 20.0], [120672.5, 40.0], [120670.0, 40.0], [120662.5, 2050.0], [120660.0, 1410.0], [120657.5, 4700.0], [120647.5, 610.0], [120645.0, 2040.0], [120630.0, 630.0], [120627.5, 2090.0], [120622.5, 1400.0]], "asks": [[120730.0, 49520.0], [120732.5, 50000.0], [120735.0, 22620.0], [120737.5, 44000.0], [120740.0, 37220.0], [120742.5, 4700.0], [120745.0, 12160.0], [120750.0, 35750.0], [120752.5, 2080.0], [120755.0, 9760.0], [120757.5, 34490.0], [120762.5, 630.0], [120765.0, 2100.0], [120777.5, 15960.0], [120787.5, 9410.0], [120790.0, 24660.0], [120797.5, 630.0], [120800.0, 2090.0], [120807.5, 40.0], [120810.0, 610.0]]}}}
{"jsonrpc": "2.0", "method": "subscription", "params": {"channel": "book.BTC-17OCT25.none.20.100ms", "data": {"timestamp": 1759487037462, "change_id": 119739757227, "instrument_name": "BTC-17OCT25", "bids": [[120895.0, 5000.0], [120887.5, 4490.0], [120872.5, 7000.0], [120870.0, 20.0], [120862.5, 44000.0], [120827.5, 4490.0], [120785.0, 15650.0], [120772.5, 20.0], [120695.0, 1510.0], [120675.0, 20.0], [120660.0, 6060.0], [120602.5, 6200.0], [120600.0, 24240.0], [120592.5, 18920.0], [120580.0, 20.0], [120527.5, 6290.0], [120525.0, 50000.0], [120482.5, 20.0], [120472.5, 37690.0], [120387.5, 40.0]], "asks": [[120915.0, 4490.0], [120920.0, 16160.0], [120925.0, 64000.0], [120930.0, 5000.0], [120935.0, 6260.0], [120952.5, 50000.0], [120955.0, 4490.0], [120982.5, 80.0], [121027.5, 50.0], [121052.5, 20.0], [121060.0, 1520.0], [121062.5, 20.0], [121092.5, 6060.0], [121105.0, 18560.0], [121140.0, 24240.0], [121160.0, 20.0], [121252.5, 37110.0], [121255.0, 20.0], [121272.5, 50000.0], [121342.5, 96980.0]]}}}
{"jsonrpc": "2.0", "method": "subscription", "params": {"channel": "book.BTC-10OCT25.none.20.100ms", "data": {"timestamp": 1759487037708, "change_id": 119739758854, "instrument_name": "BTC-10OCT25", "bids": [[120717.5, 80.0], [120700.0, 7000.0], [120685.0, 22570.0], [120682.5, 44000.0], [120680.0, 36750.0], [120675.0, 1450.0], [120672.5, 4740.0], [120670.0, 40.0], [120662.5, 2050.0], [120647.5, 610.0], [120645.0, 2040.0], [120630.0, 630.0], [120627.5, 2090.0], [120622.5, 1400.0], [120617.5, 20.0], [120615.0, 4700.0], [120602.5, 2090.0], [120585.0, 2090.0], [120580.0, 20.0], [120575.0, 10.0]], "asks": [[120720.0, 21820.0], [120725.0, 7600.0], [120727.5, 95090.0], [120730.0, 108700.0], [120732.5, 2100.0], [120737.5, 14920.0], [120740.0, 34490.0], [120742.5, 4700.0], [120747.5, 9970.0], [120750.0, 34490.0], [120752.5, 2080.0], [120765.0, 2100.0], [120777.5, 15960.0], [120787.5, 9410.0], [120790.0, 24660.0], [120800.0, 2090.0], [120807.5, 40.0], [120812.5, 2030.0], [120875.0, 2030.0], [120897.5, 620.0]]}}}
{"jsonrpc": "2.0", "method": "subscription", "params": {"channel": "book.BTC-17OCT25.none.20.100ms", "data": {"timestamp": 1759487037647, "change_id": 119739758587, "instrument_name": "BTC-17OCT25", "bids": [[120885.0, 1350.0], [120882.5, 4490.0], [120870.0, 20.0], [120862.5, 2100.0], [120860.0, 7000.0], [120852.5, 13200.0], [120850.0, 44000.0], [120830.0, 1350.0], [120827.5, 4490.0], [120772.5, 20.0], [120720.0, 4680.0], [120717.5, 15590.0], [120697.5, 450.0], [120695.0, 1510.0], [120675.0, 20.0], [120662.5, 1820.0], [120660.0, 6060.0], [120605.0, 9130.0], [120602.5, 6200.0], [120600.0, 24240.0]], "asks": [[120905.0, 1350.0], [120907.5, 4490.0], [120917.5, 4850.0], [120920.0, 16160.0], [120922.5, 17480.0], [120925.0, 70000.0], [120932.5, 1880.0], [120935.0, 6260.0], [120950.0, 1350.0], [120955.0, 4490.0], [120982.5, 80.0], [121027.5, 50.0], [121052.5, 20.0], [121057.5, 460.0], [121060.0, 1520.0], [121062.5, 20.0], [121090.0, 1820.0], [121092.5, 6060.0], [121102.5, 5570.0], [121105.0, 18560.0]]}}}
{"jsonrpc": "2.0", "method": "subscription", "params": {"channel": "book.BTC-10OCT25.none.20.100ms", "data": {"timestamp": 1759487038138, "change_id": 119739759419, "instrument_name": "BTC-10OCT25", "bids": [[120717.5, 80.0], [120705.0, 5000.0], [120700.0, 7000.0], [120685.0, 22570.0], [120682.5, 44000.0], [120680.0, 36750.0], [120675.0, 1450.0], [120672.5, 4740.0], [120670.0, 40.0], [120662.5, 2050.0], [120647.5, 610.0], [120645.0, 2040.0], [120630.0, 630.0], [120627.5, 2090.0], [120622.5, 1400.0], [120617.5, 20.0], [120615.0, 4700.0], [120602.5, 2090.0], [120585.0, 2090.0], [120580.0, 20.0]], "asks": [[120720.0, 39620.0], [120725.0, 7600.0], [120727.5, 95090.0], [120730.0, 109490.0], [120732.5, 2100.0], [120737.5, 9920.0], [120740.0, 34490.0], [120742.5, 4700.0], [120747.5, 9970.0], [120750.0, 34490.0], [120752.5, 2080.0], [120765.0, 2100.0], [120777.5, 15960.0], [120787.5, 9410.0], [120790.0, 24660.0], [120800.0, 2090.0], [120807.5, 40.0], [120812.5, 2030.0], [120875.0, 2030.0], [120897.5, 620.0]]}}}
{"jsonrpc": "2.0", "method": "subscription", "params": {"channel": "book.BTC-17OCT25.none.20.100ms", "data": {"timestamp": 1759487037899, "change_id": 119739759456, "instrument_name": "BTC-17OCT25", "bids": [[120892.5, 5000.0], [120885.0, 1350.0], [120882.5, 4490.0], [120870.0, 20.0], [120862.5, 2100.0], [120860.0, 7000.0], [120852.5, 13200.0], [120850.0, 44000.0], [120830.0, 1350.0], [120827.5, 4490.0], [120777.5, 4710.0], [120775.0, 15710.0], [120772.5, 20.0], [120697.5, 450.0], [120695.0, 1510.0], [120675.0, 20.0], [120662.5, 1820.0], [120660.0, 6060.0], [120605.0, 9130.0], [120602.5, 6200.0]], "asks": [[120905.0, 1350.0], [120907.5, 4490.0], [120917.5, 4850.0], [120920.0, 16160.0], [120922.5, 89730.0], [120925.0, 70000.0], [120927.5, 96740.0], [120932.5, 1880.0], [120935.0, 6260.0], [120950.0, 1350.0], [120955.0, 4490.0], [120982.5, 80.0], [121027.5, 50.0], [121052.5, 20.0], [121057.5, 460.0], [121060.0, 1520.0], [121062.5, 20.0], [121090.0, 1820.0], [121092.5, 6060.0], [121102.5, 5570.0]]}}}
{"jsonrpc": "2.0", "method": "subscription", "params": {"channel": "book.BTC-10OCT25.none.20.100ms", "data": {"timestamp": 1759487038469, "change_id": 119739759616, "instrument_name": "BTC-10OCT25", "bids": [[120717.5, 80.0], [120712.5, 5000.0], [120700.0, 7000.0], [120685.0, 13250.0], [120682.5, 44000.0], [120680.0, 3680.0], [120677.5, 4700.0], [120675.0, 20.0], [120672.5, 40.0], [120670.0, 40.0], [120662.5, 2050.0], [120647.5, 610.0], [120645.0, 2040.0], [120630.0, 630.0], [120627.5, 2090.0], [120625.0, 420.0], [120622.5, 1400.0], [120617.5, 20.0], [120615.0, 4700.0], [120602.5, 2090.0]], "asks": [[120720.0, 39620.0], [120722.5, 96570.0], [120725.0, 7600.0], [120727.5, 95090.0], [120730.0, 109490.0], [120732.5, 2100.0], [120737.5, 9920.0], [120740.0, 34490.0], [120742.5, 4700.0], [120747.5, 9970.0], [120750.0, 34490.0], [120752.5, 2080.0], [120762.5, 630.0], [120765.0, 2100.0], [120777.5, 15960.0], [120787.5, 9410.0], [120790.0, 24660.0], [120797.5, 630.0], [120800.0, 2090.0], [120807.5, 40.0]]}}}
{"jsonrpc": "2.0", "method": "subscription", "params": {"channel": "book.BTC-17OCT25.none.20.100ms", "data": {"timestamp": 1759487038469, "change_id": 119739759560, "instrument_name": "BTC-17OCT25", "bids": [[120900.0, 5000.0], [120885.0, 1350.0], [120882.5, 4490.0], [120870.0, 20.0], [120862.5, 2100.0], [120860.0, 7000.0], [120852.5, 13200.0], [120850.0, 44000.0], [120830.0, 1350.0], [120827.5, 4490.0], [120777.5, 4710.0], [120775.0, 15710.0], [120772.5, 20.0], [120697.5, 450.0], [120695.0, 1510.0], [120675.0, 20.0], [120662.5, 1820.0], [120660.0, 6060.0], [120605.0, 9130.0], [120602.5, 6200.0]], "asks": [[120905.0, 1350.0], [120907.5, 4490.0], [120917.5, 4850.0], [120920.0, 16160.0], [120922.5, 89730.0], [120925.0, 70000.0], [120927.5, 96740.0], [120932.5, 1880.0], [120935.0, 6260.0], [120950.0, 1350.0], [120955.0, 4490.0], [120982.5, 80.0], [121027.5, 50.0], [121052.5, 20.0], [121057.5, 460.0], [121060.0, 1520.0], [121062.5, 20.0], [121090.0, 1820.0], [121092.5, 6060.0], [121102.5, 5570.0]]}}}
{"jsonrpc": "2.0", "method": "subscription", "params": {"channel": "book.BTC-17OCT25.none.20.100ms", "data": {"timestamp": 1759487038567, "change_id": 119739759974, "instrument_name": "BTC-17OCT25", "bids": [[120900.0, 5000.0], [120885.0, 1350.0], [120882.5, 4490.0], [120870.0, 20.0], [120862.5, 2100.0], [120860.0, 7000.0], [120852.5, 13200.0], [120850.0, 44000.0], [120830.0, 1350.0], [120827.5, 4490.0], [120777.5, 4710.0], [120775.0, 15710.0], [120772.5, 20.0], [120697.5, 450.0], [120695.0, 1510.0], [120675.0, 20.0], [120662.5, 1820.0], [120660.0, 6060.0], [120605.0, 9130.0], [120602.5, 6200.0]], "asks": [[120905.0, 11060.0], [120907.5, 4490.0], [120910.0, 44000.0], [120917.5, 4850.0], [120920.0, 16160.0], [120922.5, 89730.0], [120925.0, 70000.0], [120927.5, 96740.0], [120932.5, 1880.0], [120935.0, 6260.0], [120950.0, 1350.0], [120955.0, 4490.0], [120982.5, 80.0], [121027.5, 50.0], [121052.5, 20.0], [121057.5, 460.0], [121060.0, 1520.0], [121062.5, 20.0], [121090.0, 1820.0], [121092.5, 6060.0]]}}}
{"jsonrpc": "2.0", "method": "subscription", "params": {"channel": "book.BTC-10OCT25.none.20.100ms", "data": {"timestamp": 1759487039031, "change_id": 119739760855, "instrument_name": "BTC-10OCT25", "bids": [[120717.5, 80.0], [120712.5, 5000.0], [120692.5, 2100.0], [120690.0, 7000.0], [120685.0, 13250.0], [120682.5, 44000.0], [120680.0, 3680.0], [120677.5, 4700.0], [120675.0, 20.0], [120672.5, 40.0], [120670.0, 40.0], [120662.5, 2050.0], [120657.5, 4700.0], [120647.5, 610.0], [120645.0, 2040.0], [120630.0, 630.0], [120627.5, 2090.0], [120625.0, 420.0], [120622.5, 1400.0], [120617.5, 20.0]], "asks": [[120720.0, 39620.0], [120722.5, 96570.0], [120725.0, 50580.0], [120727.5, 126300.0], [120730.0, 39490.0], [120732.5, 2100.0], [120737.5, 9920.0], [120740.0, 34490.0], [120742.5, 4700.0], [120747.5, 9970.0], [120750.0, 34490.0], [120752.5, 2080.0], [120762.5, 630.0], [120765.0, 2100.0], [120777.5, 15960.0], [120787.5, 9410.0], [120790.0, 24660.0], [120797.5, 630.0], [120800.0, 2090.0], [120807.5, 40.0]]}}}
{"jsonrpc": "2.0", "method": "subscription", "params": {"channel": "book.BTC-17OCT25.none.20.100ms", "data": {"timestamp": 1759487039179, "change_id": 119739761025, "instrument_name": "BTC-17OCT25", "bids": [[120900.0, 5000.0], [120885.0, 1350.0], [120882.5, 4490.0], [120870.0, 20.0], [120862.5, 2100.0], [120860.0, 7000.0], [120852.5, 13200.0], [120850.0, 44000.0], [120830.0, 1350.0], [120827.5, 4490.0], [120772.5, 20.0], [120697.5, 450.0], [120695.0, 1510.0], [120675.0, 4910.0], [120672.5, 16290.0], [120662.5, 1820.0], [120660.0, 6060.0], [120605.0, 9130.0], [120602.5, 6200.0], [120600.0, 24240.0]], "asks": [[120905.0, 11060.0], [120907.5, 4490.0], [120910.0, 44000.0], [120915.0, 5000.0], [120917.5, 4850.0], [120920.0, 16160.0], [120922.5, 134730.0], [120925.0, 20000.0], [120927.5, 96740.0], [120932.5, 1880.0], [120935.0, 6260.0], [120950.0, 1350.0], [120955.0, 4490.0], [120982.5, 80.0], [121027.5, 50.0], [121052.5, 20.0], [121057.5, 460.0], [121060.0, 1520.0], [121062.5, 20.0], [121090.0, 1820.0]]}}}
{"jsonrpc": "2.0", "method": "subscription", "params": {"channel": "book.BTC-10OCT25.none.20.100ms", "data": {"timestamp": 1759487039476, "change_id": 119739762792, "instrument_name": "BTC-10OCT25", "bids": [[120690.0, 7000.0], [120685.0, 20490.0], [120682.5, 44000.0], [120680.0, 35130.0], [120677.5, 2100.0], [120675.0, 20.0], [120672.5, 40.0], [120670.0, 11800.0], [120667.5, 39190.0], [120665.0, 10420.0], [120662.5, 2050.0], [120660.0, 34490.0], [120647.5, 610.0], [120645.0, 2040.0], [120630.0, 630.0], [120627.5, 2090.0], [120622.5, 1400.0], [120617.5, 20.0], [120615.0, 4700.0], [120602.5, 2090.0]], "asks": [[120692.5, 10270.0], [120697.5, 3690.0], [120700.0, 18170.0], [120702.5, 19550.0], [120707.5, 10510.0], [120710.0, 61130.0], [120712.5, 98660.0], [120715.0, 128570.0], [120717.5, 12300.0], [120720.0, 95680.0], [120722.5, 96570.0], [120730.0, 5000.0], [120732.5, 2100.0], [120742.5, 4700.0], [120752.5, 2080.0], [120765.0, 2100.0], [120777.5, 15960.0], [120787.5, 9410.0], [120790.0, 24660.0], [120800.0, 2090.0]]}}}
{"jsonrpc": "2.0", "method": "subscription", "params": {"channel": "book.BTC-17OCT25.none.20.100ms", "data": {"timestamp": 1759487039476, "change_id": 119739762804, "instrument_name": "BTC-17OCT25", "bids": [[120877.5, 1350.0], [120875.0, 4490.0], [120870.0, 20.0], [120852.5, 13200.0], [120850.0, 46100.0], [120847.5, 7000.0], [120830.0, 1350.0], [120827.5, 4490.0], [120772.5, 20.0], [120745.0, 16330.0], [120697.5, 450.0], [120695.0, 1510.0], [120675.0, 20.0], [120662.5, 1820.0], [120660.0, 6060.0], [120600.0, 24240.0], [120580.0, 20.0], [120537.5, 6290.0], [120525.0, 50000.0], [120515.0, 18920.0]], "asks": [[120895.0, 1320.0], [120897.5, 4490.0], [120900.0, 12350.0], [120902.5, 44000.0], [120910.0, 20000.0], [120912.5, 1500.0], [120915.0, 5000.0], [120920.0, 66160.0], [120922.5, 84730.0], [120927.5, 96740.0], [120932.5, 1880.0], [120935.0, 6260.0], [120955.0, 4490.0], [120982.5, 80.0], [121027.5, 50.0], [121052.5, 20.0], [121057.5, 460.0], [121060.0, 1520.0], [121062.5, 20.0], [121090.0, 1820.0]]}}}
{"jsonrpc": "2.0", "method": "subscription", "params": {"channel": "book.BTC-10OCT25.none.20.100ms", "data": {"timestamp": 1759487039818, "change_id": 119739763859, "instrument_name": "BTC-10OCT25", "bids": [[120690.0, 12000.0], [120685.0, 20490.0], [120682.5, 44000.0], [120680.0, 34490.0], [120675.0, 20.0], [120672.5, 40.0], [120670.0, 11800.0], [120667.5, 39190.0], [120665.0, 10420.0], [120662.5, 2050.0], [120660.0, 34490.0], [120647.5, 610.0], [120645.0, 2040.0], [120630.0, 630.0], [120627.5, 2090.0], [120622.5, 1400.0], [120617.5, 20.0], [120615.0, 4700.0], [120602.5, 2090.0], [120585.0, 18310.0]], "asks": [[120692.5, 30220.0], [120695.0, 4500.0], [120697.5, 3690.0], [120700.0, 18170.0], [120702.5, 19550.0], [120707.5, 54510.0], [120710.0, 61130.0], [120712.5, 168660.0], [120720.0, 34490.0], [120722.5, 5000.0], [120732.5, 2100.0], [120742.5, 4700.0], [120752.5, 2080.0], [120762.5, 630.0], [120765.0, 2100.0], [120777.5, 15960.0], [120787.5, 9410.0], [120790.0, 24660.0], [120800.0, 2090.0], [120807.5, 40.0]]}}}
{"jsonrpc": "2.0", "method": "subscription", "params": {"channel": "book.BTC-17OCT25.none.20.100ms", "data": {"timestamp": 1759487039556, "change_id": 119739763806, "instrument_name": "BTC-17OCT25", "bids": [[120882.5, 5000.0], [120877.5, 1350.0], [120875.0, 4490.0], [120870.0, 20.0], [120850.0, 2100.0], [120847.5, 7000.0], [120840.0, 13200.0], [120837.5, 44000.0], [120830.0, 1350.0], [120827.5, 4490.0], [120772.5, 20.0], [120742.5, 4760.0], [120740.0, 15880.0], [120697.5, 450.0], [120695.0, 1510.0], [120675.0, 20.0], [120662.5, 1820.0], [120660.0, 6060.0], [120600.0, 24240.0], [120580.0, 20.0]], "asks": [[120895.0, 1320.0], [120897.5, 4490.0], [120900.0, 12350.0], [120902.5, 44000.0], [120907.5, 25000.0], [120917.5, 7210.0], [120920.0, 66160.0], [120922.5, 84730.0], [120927.5, 96740.0], [120932.5, 1880.0], [120935.0, 6260.0], [120955.0, 4490.0], [120982.5, 80.0], [121027.5, 50.0], [121052.5, 20.0], [121057.5, 460.0], [121060.0, 1520.0], [121062.5, 20.0], [121090.0, 1820.0], [121092.5, 6060.0]]}}}
{"jsonrpc": "2.0", "method": "subscription", "params": {"channel": "book.BTC-10OCT25.none.20.100ms", "data": {"timestamp": 1759487039845, "change_id": 119739764929, "instrument_name": "BTC-10OCT25", "bids": [[120690.0, 12000.0], [120685.0, 13250.0], [120682.5, 44000.0], [120680.0, 640.0], [120677.5, 2100.0], [120675.0, 20.0], [120672.5, 40.0], [120670.0, 11800.0], [120667.5, 39190.0], [120665.0, 10420.0], [120662.5, 2050.0], [120660.0, 34490.0], [120647.5, 610.0], [120645.0, 2040.0], [120630.0, 630.0], [120627.5, 2090.0], [120622.5, 1400.0], [120617.5, 20.0], [120615.0, 4700.0], [120602.5, 2090.0]], "asks": [[120692.5, 47920.0], [120695.0, 4500.0], [120697.5, 3690.0], [120700.0, 18170.0], [120702.5, 19550.0], [120707.5, 124510.0], [120710.0, 61130.0], [120712.5, 98660.0], [120720.0, 34490.0], [120722.5, 5000.0], [120732.5, 2100.0], [120742.5, 4700.0], [120752.5, 2080.0], [120762.5, 630.0], [120765.0, 2100.0], [120777.5, 15960.0], [120787.5, 9410.0], [120790.0, 24660.0], [120800.0, 2090.0], [120807.5, 40.0]]}}}
{"jsonrpc": "2.0", "method": "subscription", "params": {"channel": "book.BTC-17OCT25.none.20.100ms", "data": {"timestamp": 1759487040078, "change_id": 119739764971, "instrument_name": "BTC-17OCT25", "bids": [[120877.5, 1350.0], [120875.0, 5000.0], [120870.0, 1370.0], [120867.5, 4490.0], [120850.0, 2100.0], [120847.5, 7000.0], [120840.0, 13200.0], [120837.5, 44000.0], [120830.0, 1350.0], [120827.5, 4490.0], [120772.5, 20.0], [120697.5, 450.0], [120695.0, 1510.0], [120680.0, 16570.0], [120675.0, 20.0], [120662.5, 1820.0], [120660.0, 6060.0], [120610.0, 6200.0], [120600.0, 24240.0], [120580.0, 20.0]], "asks": [[120895.0, 1320.0], [120897.5, 4490.0], [120900.0, 12350.0], [120902.5, 44000.0], [120905.0, 20000.0], [120907.5, 5000.0], [120917.5, 7210.0], [120920.0, 66160.0], [120922.5, 84730.0], [120927.5, 96740.0], [120932.5, 1880.0], [120935.0, 6260.0], [120955.0, 4490.0], [120982.5, 80.0], [121027.5, 50.0], [121052.5, 20.0], [121057.5, 460.0], [121060.0, 1520.0], [121062.5, 20.0], [121090.0, 1820.0]]}}}
{"jsonrpc": "2.0", "method": "subscription", "params": {"channel": "book.BTC-10OCT25.none.20.100ms", "data": {"timestamp": 1759487040483, "change_id": 119739766030, "instrument_name": "BTC-10OCT25", "bids": [[120690.0, 12000.0], [120685.0, 13250.0], [120682.5, 44000.0], [120680.0, 1340.0], [120677.5, 4460.0], [120675.0, 20.0], [120672.5, 40.0], [120670.0, 11800.0], [120667.5, 34490.0], [120665.0, 10420.0], [120662.5, 2050.0], [120660.0, 34490.0], [120647.5, 610.0], [120645.0, 3380.0], [120642.5, 4460.0], [120630.0, 630.0], [120627.5, 2090.0], [120622.5, 1400.0], [120617.5, 20.0], [120615.0, 6560.0]], "asks": [[120692.5, 47680.0], [120695.0, 4500.0], [120697.5, 20910.0], [120700.0, 88170.0], [120702.5, 19550.0], [120707.5, 54510.0], [120710.0, 61130.0], [120712.5, 98660.0], [120720.0, 34490.0], [120722.5, 5000.0], [120732.5, 2100.0], [120742.5, 4700.0], [120752.5, 2080.0], [120762.5, 630.0], [120765.0, 2100.0], [120777.5, 15960.0], [120787.5, 9410.0], [120790.0, 24660.0], [120800.0, 2090.0], [120807.5, 40.0]]}}}
{"jsonrpc": "2.0", "method": "subscription", "params": {"channel": "book.BTC-17OCT25.none.20.100ms", "data": {"timestamp": 1759487040483, "change_id": 119739765996, "instrument_name": "BTC-17OCT25", "bids": [[120882.5, 5000.0], [120880.0, 4560.0], [120870.0, 20.0], [120850.0, 2100.0], [120847.5, 7000.0], [120840.0, 17760.0], [120837.5, 44000.0], [120810.0, 4560.0], [120772.5, 20.0], [120762.5, 16090.0], [120697.5, 450.0], [120695.0, 1510.0], [120675.0, 20.0], [120662.5, 1820.0], [120660.0, 6060.0], [120610.0, 6200.0], [120600.0, 24240.0], [120580.0, 20.0], [120527.5, 6290.0], [120525.0, 50000.0]], "asks": [[120885.0, 4560.0], [120900.0, 12350.0], [120902.5, 64000.0], [120907.5, 5000.0], [120917.5, 7210.0], [120920.0, 66160.0], [120922.5, 84730.0], [120930.0, 4560.0], [120932.5, 1880.0], [120935.0, 6260.0], [120960.0, 4560.0], [120982.5, 80.0], [121027.5, 50.0], [121052.5, 20.0], [121057.5, 460.0], [121060.0, 1520.0], [121062.5, 20.0], [121090.0, 1820.0], [121092.5, 6060.0], [121102.5, 5570.0]]}}}
{"jsonrpc": "2.0", "method": "subscription", "params": {"channel": "book.BTC-10OCT25.none.20.100ms", "data": {"timestamp": 1759487040820, "change_id": 119739767957, "instrument_name": "BTC-10OCT25", "bids": [[120690.0, 12000.0], [120685.0, 18710.0], [120682.5, 44000.0], [120680.0, 35830.0], [120677.5, 4460.0], [120675.0, 20.0], [120672.5, 40.0], [120670.0, 11800.0], [120667.5, 34490.0], [120665.0, 10420.0], [120662.5, 2050.0], [120660.0, 34490.0], [120647.5, 610.0], [120645.0, 3380.0], [120642.5, 4460.0], [120630.0, 630.0], [120627.5, 2090.0], [120622.5, 1400.0], [120617.5, 20.0], [120615.0, 6560.0]], "asks": [[120692.5, 47680.0], [120695.0, 9800.0], [120697.5, 20910.0], [120700.0, 75870.0], [120702.5, 54100.0], [120707.5, 54510.0], [120710.0, 61130.0], [120712.5, 98660.0], [120720.0, 34490.0], [120722.5, 5000.0], [120732.5, 2100.0], [120742.5, 4700.0], [120752.5, 2080.0], [120762.5, 630.0], [120765.0, 2100.0], [120777.5, 15960.0], [120787.5, 9410.0], [120790.0, 24660.0], [120800.0, 2090.0], [120807.5, 40.0]]}}}
{"jsonrpc": "2.0", "method": "subscription", "params": {"channel": "book.BTC-10OCT25.none.20.100ms", "data": {"timestamp": 1759487041143, "change_id": 119739768465, "instrument_name": "BTC-10OCT25", "bids": [[120690.0, 12000.0], [120685.0, 18710.0], [120682.5, 44000.0], [120680.0, 35830.0], [120677.5, 6470.0], [120675.0, 20.0], [120672.5, 40.0], [120670.0, 11800.0], [120667.5, 34490.0], [120665.0, 10420.0], [120662.5, 2050.0], [120660.0, 34490.0], [120647.5, 610.0], [120645.0, 3380.0], [120642.5, 4460.0], [120630.0, 630.0], [120627.5, 2090.0], [120622.5, 1400.0], [120617.5, 20.0], [120615.0, 6560.0]], "asks": [[120692.5, 47680.0], [120695.0, 9800.0], [120697.5, 20910.0], [120700.0, 75870.0], [120702.5, 54100.0], [120707.5, 54510.0], [120710.0, 61130.0], [120712.5, 98660.0], [120720.0, 34490.0], [120722.5, 5000.0], [120725.0, 4460.0], [120732.5, 2100.0], [120752.5, 2080.0], [120762.5, 630.0], [120765.0, 2100.0], [120777.5, 15960.0], [120787.5, 9410.0], [120790.0, 24660.0], [120800.0, 2090.0], [120807.5, 40.0]]}}}
{"jsonrpc": "2.0", "method": "subscription", "params": {"channel": "book.BTC-17OCT25.none.20.100ms", "data": {"timestamp": 1759487041135, "change_id": 119739768473, "instrument_name": "BTC-17OCT25", "bids": [[120890.0, 5000.0], [120885.0, 4560.0], [120870.0, 20.0], [120840.0, 17760.0], [120837.5, 44000.0], [120810.0, 4560.0], [120772.5, 20.0], [120762.5, 16090.0], [120697.5, 450.0], [120695.0, 1510.0], [120675.0, 20.0], [120662.5, 1820.0], [120660.0, 6060.0], [120610.0, 6200.0], [120600.0, 24240.0], [120580.0, 20.0], [120527.5, 6290.0], [120525.0, 50000.0], [120515.0, 18920.0], [120482.5, 20.0]], "asks": [[120892.5, 4560.0], [120895.0, 37460.0], [120897.5, 44000.0], [120905.0, 1500.0], [120907.5, 5000.0], [120912.5, 6260.0], [120915.0, 50000.0], [120920.0, 16160.0], [120922.5, 84730.0], [120930.0, 4560.0], [120932.5, 1880.0], [120935.0, 6260.0], [120960.0, 4560.0], [120982.5, 80.0], [121027.5, 50.0], [121052.5, 20.0], [121057.5, 460.0], [121060.0, 1520.0], [121062.5, 20.0], [121090.0, 1820.0]]}}}
{"jsonrpc": "2.0", "method": "subscription", "params": {"channel": "book.BTC-10OCT25.none.20.100ms", "data": {"timestamp": 1759487041490, "change_id": 119739768763, "instrument_name": "BTC-10OCT25", "bids": [[120690.0, 12000.0], [120685.0, 18710.0], [120682.5, 44000.0], [120680.0, 35830.0], [120677.5, 6470.0], [120675.0, 20.0], [120672.5, 40.0], [120670.0, 11800.0], [120667.5, 34490.0], [120665.0, 10420.0], [120662.5, 2050.0], [120660.0, 34490.0], [120647.5, 610.0], [120645.0, 3380.0], [120642.5, 4460.0], [120630.0, 630.0], [120627.5, 2090.0], [120622.5, 1400.0], [120617.5, 20.0], [120615.0, 6560.0]], "asks": [[120692.5, 47680.0], [120695.0, 9800.0], [120697.5, 40910.0], [120700.0, 55870.0], [120702.5, 54100.0], [120707.5, 54510.0], [120710.0, 61130.0], [120712.5, 98660.0], [120720.0, 34490.0], [120722.5, 5000.0], [120725.0, 4460.0], [120732.5, 2100.0], [120752.5, 2080.0], [120762.5, 630.0], [120765.0, 2100.0], [120775.0, 4790.0], [120777.5, 15960.0], [120787.5, 9410.0], [120790.0, 24660.0], [120800.0, 2090.0]]}}}
{"jsonrpc": "2.0", "method": "subscription", "params": {"channel": "book.BTC-17OCT25.none.20.100ms", "data": {"timestamp": 1759487041490, "change_id": 119739768592, "instrument_name": "BTC-17OCT25", "bids": [[120890.0, 5000.0], [120885.0, 4560.0], [120870.0, 20.0], [120842.5, 1370.0], [120840.0, 17760.0], [120837.5, 44000.0], [120812.5, 1370.0], [120810.0, 4560.0], [120772.5, 20.0], [120765.0, 4830.0], [120762.5, 16090.0], [120697.5, 450.0], [120695.0, 1510.0], [120675.0, 20.0], [120662.5, 1820.0], [120660.0, 6060.0], [120610.0, 6200.0], [120600.0, 24240.0], [120580.0, 20.0], [120527.5, 6290.0]], "asks": [[120892.5, 4560.0], [120895.0, 37460.0], [120897.5, 44000.0], [120905.0, 1500.0], [120907.5, 5000.0], [120910.0, 50000.0], [120912.5, 30140.0], [120917.5, 4850.0], [120920.0, 16160.0], [120922.5, 84730.0], [120930.0, 4560.0], [120932.5, 1880.0], [120935.0, 6260.0], [120960.0, 4560.0], [120982.5, 80.0], [121027.5, 50.0], [121052.5, 20.0], [121057.5, 460.0], [121060.0, 1520.0], [121062.5, 20.0]]}}}
{"jsonrpc": "2.0", "method": "subscription", "params": {"channel": "book.BTC-10OCT25.none.20.100ms", "data": {"timestamp": 1759487041495, "change_id": 119739768772, "instrument_name": "BTC-10OCT25", "bids": [[120690.0, 12000.0], [120685.0, 18710.0], [120682.5, 44000.0], [120680.0, 35830.0], [120677.5, 6470.0], [120675.0, 20.0], [120672.5, 40.0], [120670.0, 11800.0], [120667.5, 34490.0], [120665.0, 10420.0], [120662.5, 2050.0], [120660.0, 34490.0], [120647.5, 610.0], [120645.0, 3380.0], [120642.5, 4460.0], [120630.0, 630.0], [120627.5, 2090.0], [120622.5, 1400.0], [120617.5, 1990.0], [120615.0, 6560.0]], "asks": [[120692.5, 47680.0], [120695.0, 9800.0], [120697.5, 40910.0], [120700.0, 55870.0], [120702.5, 54100.0], [120707.5, 54510.0], [120710.0, 61130.0], [120712.5, 98660.0], [120720.0, 34490.0], [120722.5, 5000.0], [120725.0, 4460.0], [120732.5, 2100.0], [120752.5, 2080.0], [120762.5, 630.0], [120765.0, 2100.0], [120775.0, 4790.0], [120777.5, 15960.0], [120787.5, 9410.0], [120790.0, 24660.0], [120800.0, 2090.0]]}}}
{"jsonrpc": "2.0", "method": "subscription", "params": {"channel": "book.BTC-10OCT25.none.20.100ms", "data": {"timestamp": 1759487042151, "change_id": 119739770112, "instrument_name": "BTC-10OCT25", "bids": [[120690.0, 12000.0], [120685.0, 18710.0], [120682.5, 44000.0], [120680.0, 35830.0], [120677.5, 6470.0], [120675.0, 20.0], [120672.5, 40.0], [120670.0, 11800.0], [120667.5, 34490.0], [120665.0, 10420.0], [120662.5, 2050.0], [120660.0, 34490.0], [120647.5, 610.0], [120645.0, 3380.0], [120642.5, 4460.0], [120630.0, 630.0], [120627.5, 2090.0], [120622.5, 1400.0], [120617.5, 1990.0], [120615.0, 6560.0]], "asks": [[120692.5, 47680.0], [120695.0, 9800.0], [120697.5, 40910.0], [120700.0, 55870.0], [120702.5, 54100.0], [120707.5, 54510.0], [120710.0, 61130.0], [120712.5, 98660.0], [120717.5, 10860.0], [120720.0, 45350.0], [120722.5, 15860.0], [120725.0, 15320.0], [120727.5, 10860.0], [120732.5, 2100.0], [120752.5, 2080.0], [120762.5, 630.0], [120765.0, 2100.0], [120775.0, 4790.0], [120777.5, 15960.0], [120787.5, 9410.0]]}}}
{"jsonrpc": "2.0", "method": "subscription", "params": {"channel": "book.BTC-10OCT25.none.20.100ms", "data": {"timestamp": 1759487042484, "change_id": 119739770413, "instrument_name": "BTC-10OCT25", "bids": [[120690.0, 5000.0], [120685.0, 20340.0], [120682.5, 44000.0], [120680.0, 35830.0], [120677.5, 6470.0], [120675.0, 20.0], [120672.5, 40.0], [120670.0, 11800.0], [120667.5, 34490.0], [120665.0, 10420.0], [120662.5, 2050.0], [120660.0, 34490.0], [120647.5, 610.0], [120645.0, 3380.0], [120642.5, 4460.0], [120630.0, 630.0], [120627.5, 2090.0], [120622.5, 1400.0], [120617.5, 1990.0], [120615.0, 6560.0]], "asks": [[120692.5, 47680.0], [120695.0, 25150.0], [120697.5, 74460.0], [120700.0, 5870.0], [120702.5, 54100.0], [120707.5, 54510.0], [120710.0, 61130.0], [120712.5, 98660.0], [120717.5, 10860.0], [120720.0, 45350.0], [120722.5, 15860.0], [120725.0, 15320.0], [120727.5, 10860.0], [120732.5, 2100.0], [120752.5, 2080.0], [120762.5, 630.0], [120765.0, 2100.0], [120775.0, 4790.0], [120777.5, 15960.0], [120787.5, 9410.0]]}}}
{"jsonrpc": "2.0", "method": "subscription", "params": {"channel": "book.BTC-17OCT25.none.20.100ms", "data": {"timestamp": 1759487042486, "change_id": 119739770416, "instrument_name": "BTC-17OCT25", "bids": [[120890.0, 5000.0], [120885.0, 4560.0], [120870.0, 20.0], [120842.5, 1370.0], [120840.0, 17760.0], [120837.5, 44000.0], [120812.5, 1370.0], [120810.0, 4560.0], [120772.5, 20.0], [120697.5, 450.0], [120695.0, 1510.0], [120675.0, 20.0], [120662.5, 1820.0], [120660.0, 6060.0], [120610.0, 6200.0], [120600.0, 24240.0], [120580.0, 20.0], [120527.5, 6290.0], [120525.0, 50000.0], [120515.0, 18920.0]], "asks": [[120892.5, 4560.0], [120895.0, 37460.0], [120897.5, 44000.0], [120905.0, 1500.0], [120907.5, 5000.0], [120910.0, 50000.0], [120912.5, 30140.0], [120917.5, 4850.0], [120920.0, 16160.0], [120922.5, 84730.0], [120930.0, 4560.0], [120932.5, 1880.0], [120935.0, 6260.0], [120960.0, 4560.0], [120982.5, 80.0], [121027.5, 50.0], [121052.5, 20.0], [121057.5, 460.0], [121060.0, 1520.0], [121062.5, 20.0]]}}}
{"jsonrpc": "2.0", "method": "subscription", "params": {"channel": "book.BTC-10OCT25.none.20.100ms", "data": {"timestamp": 1759487042500, "change_id": 119739770446, "instrument_name": "BTC-10OCT25", "bids": [[120690.0, 5000.0], [120685.0, 20340.0], [120682.5, 44000.0], [120680.0, 35830.0], [120677.5, 6470.0], [120675.0, 20.0], [120672.5, 40.0], [120670.0, 11800.0], [120667.5, 34490.0], [120665.0, 10420.0], [120662.5, 2050.0], [120660.0, 34490.0], [120647.5, 610.0], [120645.0, 3380.0], [120642.5, 4460.0], [120630.0, 630.0], [120627.5, 2090.0], [120625.0, 420.0], [120622.5, 1400.0], [120617.5, 1990.0]], "asks": [[120692.5, 47680.0], [120695.0, 25150.0], [120697.5, 74460.0], [120700.0, 5870.0], [120702.5, 54100.0], [120707.5, 54510.0], [120710.0, 61130.0], [120712.5, 98660.0], [120717.5, 10860.0], [120720.0, 45350.0], [120722.5, 15860.0], [120725.0, 15320.0], [120727.5, 10860.0], [120732.5, 2100.0], [120750.0, 620.0], [120752.5, 2080.0], [120762.5, 630.0], [120765.0, 2100.0], [120775.0, 4790.0], [120777.5, 15960.0]]}}}
{"jsonrpc": "2.0", "method": "subscription", "params": {"channel": "book.BTC-17OCT25.none.20.100ms", "data": {"timestamp": 1759487042500, "change_id": 119739770445, "instrument_name": "BTC-17OCT25", "bids": [[120890.0, 5000.0], [120885.0, 4560.0], [120870.0, 20.0], [120842.5, 1370.0], [120840.0, 17760.0], [120837.5, 44000.0], [120812.5, 1370.0], [120810.0, 4560.0], [120772.5, 20.0], [120762.5, 4860.0], [120760.0, 16190.0], [120697.5, 450.0], [120695.0, 1510.0], [120675.0, 20.0], [120662.5, 1820.0], [120660.0, 6060.0], [120610.0, 6200.0], [120600.0, 24240.0], [120580.0, 20.0], [120527.5, 6290.0]], "asks": [[120892.5, 4560.0], [120895.0, 37460.0], [120897.5, 44000.0], [120905.0, 1500.0], [120907.5, 5000.0], [120910.0, 50000.0], [120912.5, 30140.0], [120917.5, 4850.0], [120920.0, 16160.0], [120922.5, 84730.0], [120930.0, 4560.0], [120932.5, 1880.0], [120935.0, 6260.0], [120960.0, 4560.0], [120982.5, 80.0], [121027.5, 50.0], [121052.5, 20.0], [121057.5, 460.0], [121060.0, 1520.0], [121062.5, 20.0]]}}}
{"jsonrpc": "2.0", "method": "subscription", "params": {"channel": "book.BTC-10OCT25.none.20.100ms", "data": {"timestamp": 1759487042881, "change_id": 119739771145, "instrument_name": "BTC-10OCT25", "bids": [[120690.0, 5000.0], [120685.0, 20340.0], [120682.5, 48460.0], [120680.0, 35830.0], [120677.5, 2010.0], [120675.0, 20.0], [120672.5, 40.0], [120670.0, 11800.0], [120667.5, 34490.0], [120665.0, 10420.0], [120662.5, 2050.0], [120660.0, 34490.0], [120647.5, 610.0], [120645.0, 3380.0], [120642.5, 4460.0], [120630.0, 630.0], [120627.5, 2090.0], [120625.0, 420.0], [120622.5, 1400.0], [120617.5, 1990.0]], "asks": [[120692.5, 47680.0], [120695.0, 25150.0], [120697.5, 74460.0], [120700.0, 5870.0], [120702.5, 54100.0], [120707.5, 54510.0], [120710.0, 61130.0], [120712.5, 98660.0], [120717.5, 10860.0], [120720.0, 45350.0], [120722.5, 15860.0], [120725.0, 15320.0], [120727.5, 10860.0], [120732.5, 2100.0], [120750.0, 620.0], [120752.5, 2080.0], [120762.5, 630.0], [120765.0, 2100.0], [120775.0, 4790.0], [120777.5, 15960.0]]}}}
{"jsonrpc": "2.0", "method": "subscription", "params": {"channel": "book.BTC-17OCT25.none.20.100ms", "data": {"timestamp": 1759487042884, "change_id": 119739771147, "instrument_name": "BTC-17OCT25", "bids": [[120890.0, 5000.0], [120885.0, 4560.0], [120872.5, 1370.0], [120870.0, 4580.0], [120842.5, 1370.0], [120840.0, 17760.0], [120837.5, 44000.0], [120772.5, 20.0], [120762.5, 4860.0], [120760.0, 16190.0], [120697.5, 450.0], [120695.0, 1510.0], [120675.0, 20.0], [120662.5, 1820.0], [120660.0, 6060.0], [120610.0, 6200.0], [120600.0, 24240.0], [120580.0, 20.0], [120527.5, 6290.0], [120525.0, 50000.0]], "asks": [[120892.5, 4560.0], [120895.0, 37460.0], [120897.5, 44000.0], [120905.0, 1500.0], [120907.5, 5000.0], [120910.0, 50000.0], [120912.5, 30140.0], [120917.5, 4850.0], [120920.0, 16160.0], [120922.5, 84730.0], [120930.0, 4560.0], [120932.5, 1880.0], [120935.0, 6260.0], [120960.0, 4560.0], [120982.5, 80.0], [121027.5, 50.0], [121052.5, 20.0], [121057.5, 460.0], [121060.0, 1520.0], [121062.5, 20.0]]}}}
{"jsonrpc": "2.0", "method": "subscription", "params": {"channel": "book.BTC-10OCT25.none.20.100ms", "data": {"timestamp": 1759487043332, "change_id": 119739771599, "instrument_name": "BTC-10OCT25", "bids": [[120690.0, 5000.0], [120685.0, 20340.0], [120682.5, 48460.0], [120680.0, 35830.0], [120677.5, 2010.0], [120675.0, 20.0], [120672.5, 40.0], [120670.0, 11800.0], [120667.5, 34490.0], [120665.0, 10420.0], [120662.5, 2050.0], [120660.0, 34490.0], [120647.5, 610.0], [120645.0, 3380.0], [120642.5, 4460.0], [120630.0, 630.0], [120627.5, 2090.0], [120625.0, 420.0], [120622.5, 1400.0], [120617.5, 1990.0]], "asks": [[120692.5, 47680.0], [120695.0, 25150.0], [120697.5, 74460.0], [120700.0, 5870.0], [120702.5, 54100.0], [120707.5, 54510.0], [120710.0, 61130.0], [120712.5, 98660.0], [120717.5, 10860.0], [120720.0, 45350.0], [120722.5, 15860.0], [120725.0, 15320.0], [120727.5, 10860.0], [120732.5, 2100.0], [120750.0, 620.0], [120752.5, 2080.0], [120762.5, 630.0], [120765.0, 2100.0], [120775.0, 4790.0], [120777.5, 15960.0]]}}}
{"jsonrpc": "2.0", "method": "subscription", "params": {"channel": "book.BTC-17OCT25.none.20.100ms", "data": {"timestamp": 1759487043174, "change_id": 119739771532, "instrument_name": "BTC-17OCT25", "bids": [[120890.0, 5000.0], [120885.0, 4560.0], [120872.5, 1370.0], [120870.0, 4580.0], [120842.5, 1370.0], [120840.0, 17760.0], [120837.5, 44000.0], [120772.5, 20.0], [120762.5, 4860.0], [120760.0, 16190.0], [120697.5, 450.0], [120695.0, 1510.0], [120675.0, 20.0], [120662.5, 1820.0], [120660.0, 6060.0], [120610.0, 6200.0], [120600.0, 24240.0], [120580.0, 20.0], [120527.5, 6290.0], [120525.0, 50000.0]], "asks": [[120892.5, 4560.0], [120895.0, 37460.0], [120897.5, 44000.0], [120905.0, 1500.0], [120907.5, 5000.0], [120910.0, 50000.0], [120912.5, 30140.0], [120917.5, 4850.0], [120920.0, 16160.0], [120922.5, 84730.0], [120930.0, 4560.0], [120932.5, 1880.0], [120935.0, 6260.0], [120960.0, 4560.0], [120982.5, 80.0], [121027.5, 50.0], [121052.5, 20.0], [121057.5, 460.0], [121060.0, 1520.0], [121062.5, 20.0]]}}}
{"jsonrpc": "2.0", "method": "subscription", "params": {"channel": "book.BTC-10OCT25.none.20.100ms", "data": {"timestamp": 1759487043773, "change_id": 119739772367, "instrument_name": "BTC-10OCT25", "bids": [[120690.0, 5000.0], [120685.0, 20340.0], [120682.5, 48460.0], [120680.0, 35830.0], [120677.5, 2010.0], [120675.0, 20.0], [120672.5, 40.0], [120670.0, 11800.0], [120667.5, 34490.0], [120665.0, 10420.0], [120662.5, 2050.0], [120660.0, 34490.0], [120647.5, 610.0], [120645.0, 3380.0], [120642.5, 4460.0], [120630.0, 630.0], [120627.5, 2090.0], [120625.0, 420.0], [120622.5, 1400.0], [120617.5, 1990.0]], "asks": [[120692.5, 47680.0], [120695.0, 25250.0], [120697.5, 74460.0], [120700.0, 5870.0], [120702.5, 54100.0], [120707.5, 54510.0], [120710.0, 61130.0], [120712.5, 98660.0], [120717.5, 10860.0], [120720.0, 45350.0], [120722.5, 15860.0], [120725.0, 15320.0], [120727.5, 10860.0], [120732.5, 2100.0], [120750.0, 620.0], [120752.5, 2080.0], [120762.5, 630.0], [120765.0, 2100.0], [120775.0, 4790.0], [120777.5, 15960.0]]}}}
{"jsonrpc": "2.0", "method": "subscription", "params": {"channel": "book.BTC-10OCT25.none.20.100ms", "data": {"timestamp": 1759487043825, "change_id": 119739772401, "instrument_name": "BTC-10OCT25", "bids": [[120690.0, 5000.0], [120685.0, 20340.0], [120682.5, 48460.0], [120680.0, 35830.0], [120675.0, 20.0], [120672.5, 40.0], [120670.0, 11800.0], [120667.5, 34490.0], [120665.0, 10420.0], [120662.5, 2050.0], [120660.0, 34490.0], [120647.5, 610.0], [120645.0, 3380.0], [120642.5, 4460.0], [120630.0, 630.0], [120627.5, 2090.0], [120625.0, 420.0], [120622.5, 1400.0], [120617.5, 1990.0], [120615.0, 6560.0]], "asks": [[120692.5, 47680.0], [120695.0, 25250.0], [120697.5, 74460.0], [120700.0, 5870.0], [120702.5, 54100.0], [120707.5, 54510.0], [120710.0, 61130.0], [120712.5, 98660.0], [120717.5, 10860.0], [120720.0, 45350.0], [120722.5, 15860.0], [120725.0, 15320.0], [120727.5, 10860.0], [120732.5, 2100.0], [120750.0, 620.0], [120752.5, 2080.0], [120762.5, 630.0], [120765.0, 2100.0], [120775.0, 4790.0], [120777.5, 15960.0]]}}}
{"jsonrpc": "2.0", "method": "subscription", "params": {"channel": "book.BTC-10OCT25.none.20.100ms", "data": {"timestamp": 1759487044412, "change_id": 119739772987, "instrument_name": "BTC-10OCT25", "bids": [[120690.0, 5000.0], [120685.0, 13250.0], [120682.5, 44000.0], [120675.0, 20.0], [120672.5, 40.0], [120670.0, 11800.0], [120667.5, 34490.0], [120665.0, 10420.0], [120662.5, 2050.0], [120660.0, 34490.0], [120647.5, 610.0], [120645.0, 3380.0], [120642.5, 4460.0], [120630.0, 630.0], [120627.5, 2090.0], [120625.0, 420.0], [120622.5, 1400.0], [120617.5, 1990.0], [120615.0, 6560.0], [120607.5, 4830.0]], "asks": [[120692.5, 47680.0], [120695.0, 25250.0], [120697.5, 74460.0], [120700.0, 5870.0], [120702.5, 54100.0], [120707.5, 54510.0], [120710.0, 61130.0], [120712.5, 98660.0], [120717.5, 10860.0], [120720.0, 45350.0], [120722.5, 15860.0], [120725.0, 15320.0], [120727.5, 10860.0], [120732.5, 2100.0], [120750.0, 620.0], [120752.5, 2080.0], [120762.5, 630.0], [120765.0, 2100.0], [120775.0, 4790.0], [120777.5, 15960.0]]}}}
{"jsonrpc": "2.0", "method": "subscription", "params": {"channel": "book.BTC-17OCT25.none.20.100ms", "data": {"timestamp": 1759487044406, "change_id": 119739772976, "instrument_name": "BTC-17OCT25", "bids": [[120890.0, 5000.0], [120872.5, 1370.0], [120870.0, 4580.0], [120842.5, 1370.0], [120840.0, 17760.0], [120837.5, 44000.0], [120772.5, 20.0], [120762.5, 4860.0], [120760.0, 16190.0], [120697.5, 450.0], [120695.0, 1510.0], [120675.0, 20.0], [120662.5, 1820.0], [120660.0, 6060.0], [120610.0, 6200.0], [120600.0, 24240.0], [120580.0, 20.0], [120527.5, 6290.0], [120525.0, 50000.0], [120515.0, 18920.0]], "asks": [[120892.5, 4560.0], [120895.0, 37460.0], [120897.5, 44000.0], [120905.0, 1500.0], [120907.5, 5000.0], [120910.0, 50000.0], [120912.5, 30140.0], [120917.5, 4850.0], [120920.0, 16160.0], [120922.5, 84730.0], [120930.0, 4560.0], [120932.5, 1880.0], [120935.0, 6260.0], [120960.0, 4560.0], [120982.5, 80.0], [121027.5, 50.0], [121052.5, 20.0], [121057.5, 460.0], [121060.0, 1520.0], [121062.5, 20.0]]}}}
{"jsonrpc": "2.0", "method": "subscription", "params": {"channel": "book.BTC-10OCT25.none.20.100ms", "data": {"timestamp": 1759487044773, "change_id": 119739773746, "instrument_name": "BTC-10OCT25", "bids": [[120690.0, 5000.0], [120685.0, 13250.0], [120682.5, 48460.0], [120675.0, 20.0], [120672.5, 40.0], [120670.0, 11800.0], [120667.5, 34490.0], [120665.0, 10420.0], [120662.5, 2050.0], [120660.0, 34490.0], [120647.5, 610.0], [120645.0, 3380.0], [120642.5, 4460.0], [120630.0, 630.0], [120627.5, 2090.0], [120625.0, 420.0], [120622.5, 1400.0], [120617.5, 1990.0], [120615.0, 6560.0], [120607.5, 4830.0]], "asks": [[120692.5, 47680.0], [120695.0, 25250.0], [120697.5, 74460.0], [120700.0, 5870.0], [120702.5, 54100.0], [120707.5, 54510.0], [120710.0, 34490.0], [120712.5, 2100.0], [120717.5, 24470.0], [120720.0, 45350.0], [120722.5, 15860.0], [120725.0, 15320.0], [120727.5, 10860.0], [120732.5, 2100.0], [120750.0, 620.0], [120752.5, 2080.0], [120762.5, 630.0], [120765.0, 2100.0], [120775.0, 4790.0], [120777.5, 15960.0]]}}}
{"jsonrpc": "2.0", "method": "subscription", "params": {"channel": "book.BTC-17OCT25.none.20.100ms", "data": {"timestamp": 1759487044650, "change_id": 119739773751, "instrument_name": "BTC-17OCT25", "bids": [[120890.0, 5000.0], [120887.5, 4560.0], [120872.5, 1370.0], [120870.0, 4580.0], [120842.5, 1370.0], [120840.0, 17760.0], [120837.5, 44000.0], [120772.5, 20.0], [120762.5, 4860.0], [120760.0, 16190.0], [120697.5, 450.0], [120695.0, 1510.0], [120675.0, 20.0], [120662.5, 1820.0], [120660.0, 6060.0], [120610.0, 6200.0], [120600.0, 24240.0], [120580.0, 20.0], [120527.5, 6290.0], [120525.0, 50000.0]], "asks": [[120892.5, 4560.0], [120895.0, 37460.0], [120897.5, 44000.0], [120905.0, 1500.0], [120907.5, 5000.0], [120910.0, 50000.0], [120912.5, 30140.0], [120917.5, 4850.0], [120920.0, 16160.0], [120927.5, 1370.0], [120930.0, 4560.0], [120932.5, 1880.0], [120935.0, 6260.0], [120957.5, 1370.0], [120960.0, 4560.0], [120982.5, 80.0], [121027.5, 50.0], [121052.5, 20.0], [121057.5, 460.0], [121060.0, 1520.0]]}}}
{"jsonrpc": "2.0", "method": "subscription", "params": {"channel": "book.BTC-10OCT25.none.20.100ms", "data": {"timestamp": 1759487045116, "change_id": 119739774111, "instrument_name": "BTC-10OCT25", "bids": [[120690.0, 5000.0], [120685.0, 21190.0], [120682.5, 48460.0], [120680.0, 34490.0], [120675.0, 20.0], [120672.5, 40.0], [120670.0, 11800.0], [120667.5, 34490.0], [120665.0, 10420.0], [120662.5, 2050.0], [120660.0, 34490.0], [120647.5, 610.0], [120645.0, 3380.0], [120642.5, 4460.0], [120630.0, 630.0], [120627.5, 2090.0], [120625.0, 420.0], [120622.5, 1400.0], [120617.5, 1990.0], [120615.0, 6560.0]], "asks": [[120692.5, 47680.0], [120695.0, 25250.0], [120697.5, 74460.0], [120700.0, 5870.0], [120702.5, 54100.0], [120707.5, 54510.0], [120710.0, 34490.0], [120712.5, 2100.0], [120717.5, 24470.0], [120720.0, 45350.0], [120722.5, 15860.0], [120725.0, 15320.0], [120727.5, 10860.0], [120732.5, 2100.0], [120750.0, 620.0], [120752.5, 2080.0], [120762.5, 630.0], [120765.0, 2100.0], [120775.0, 4790.0], [120777.5, 15960.0]]}}}
{"jsonrpc": "2.0", "method": "subscription", "params": {"channel": "book.BTC-17OCT25.none.20.100ms", "data": {"timestamp": 1759487045093, "change_id": 119739774102, "instrument_name": "BTC-17OCT25", "bids": [[120890.0, 5000.0], [120887.5, 4560.0], [120872.5, 1370.0], [120870.0, 4580.0], [120842.5, 1370.0], [120840.0, 17760.0], [120837.5, 44000.0], [120772.5, 20.0], [120762.5, 4860.0], [120760.0, 16190.0], [120697.5, 450.0], [120695.0, 1510.0], [120675.0, 20.0], [120662.5, 1820.0], [120660.0, 6060.0], [120637.5, 6200.0], [120600.0, 24240.0], [120580.0, 20.0], [120540.0, 6290.0], [120525.0, 50000.0]], "asks": [[120892.5, 4560.0], [120895.0, 37460.0], [120897.5, 44000.0], [120905.0, 1500.0], [120907.5, 5000.0], [120910.0, 50000.0], [120912.5, 30140.0], [120917.5, 4850.0], [120920.0, 16160.0], [120927.5, 1370.0], [120930.0, 4560.0], [120932.5, 1880.0], [120935.0, 6260.0], [120957.5, 1370.0], [120960.0, 4560.0], [120982.5, 80.0], [121027.5, 50.0], [121052.5, 20.0], [121057.5, 460.0], [121060.0, 1520.0]]}}}
{"jsonrpc": "2.0", "method": "subscription", "params": {"channel": "book.BTC-10OCT25.none.20.100ms", "data": {"timestamp": 1759487045329, "change_id": 119739774283, "instrument_name": "BTC-10OCT25", "bids": [[120690.0, 5000.0], [120685.0, 21190.0], [120682.5, 48460.0], [120680.0, 35100.0], [120677.5, 2010.0], [120675.0, 20.0], [120672.5, 40.0], [120670.0, 11800.0], [120667.5, 34490.0], [120665.0, 10420.0], [120662.5, 2050.0], [120660.0, 34490.0], [120647.5, 610.0], [120645.0, 3380.0], [120642.5, 4460.0], [120630.0, 630.0], [120627.5, 2090.0], [120625.0, 420.0], [120622.5, 1400.0], [120617.5, 1990.0]], "asks": [[120692.5, 47680.0], [120695.0, 25250.0], [120697.5, 74460.0], [120700.0, 5870.0], [120702.5, 82860.0], [120707.5, 54510.0], [120710.0, 34490.0], [120712.5, 2100.0], [120717.5, 24470.0], [120720.0, 45350.0], [120722.5, 15860.0], [120725.0, 15320.0], [120727.5, 10860.0], [120732.5, 2100.0], [120750.0, 620.0], [120752.5, 2080.0], [120762.5, 630.0], [120765.0, 2100.0], [120775.0, 4790.0], [120777.5, 15960.0]]}}}
{"jsonrpc": "2.0", "method": "subscription", "params": {"channel": "book.BTC-17OCT25.none.20.100ms", "data": {"timestamp": 1759487045307, "change_id": 119739774265, "instrument_name": "BTC-17OCT25", "bids": [[120890.0, 5000.0], [120887.5, 4560.0], [120872.5, 1370.0], [120870.0, 4580.0], [120842.5, 1370.0], [120840.0, 17760.0], [120837.5, 44000.0], [120772.5, 20.0], [120762.5, 4860.0], [120760.0, 16190.0], [120697.5, 450.0], [120695.0, 1510.0], [120675.0, 20.0], [120662.5, 1820.0], [120660.0, 6060.0], [120632.5, 6200.0], [120600.0, 24240.0], [120580.0, 20.0], [120540.0, 6290.0], [120525.0, 50000.0]], "asks": [[120892.5, 4560.0], [120895.0, 37460.0], [120897.5, 44000.0], [120905.0, 1500.0], [120907.5, 5000.0], [120910.0, 50000.0], [120912.5, 58950.0], [120917.5, 4850.0], [120920.0, 16160.0], [120927.5, 1370.0], [120930.0, 4560.0], [120932.5, 1880.0], [120935.0, 6260.0], [120957.5, 1370.0], [120960.0, 4560.0], [120982.5, 80.0], [121027.5, 50.0], [121052.5, 20.0], [121057.5, 460.0], [121060.0, 1520.0]]}}}
