{"jsonrpc": "2.0", "method": "subscription", "params": {"channel": "book.BTC-16MAY25.none.20.100ms", "data": {"timestamp": 1747323379212, "change_id": 101005167616, "instrument_name": "BTC-16MAY25", "bids": [[102867.5, 98910.0], [102865.0, 98900.0], [102845.0, 2170.0], [102842.5, 7780.0], [102830.0, 1310.0], [102827.5, 4360.0], [102820.0, 3090.0], [102817.5, 10300.0], [102805.0, 1330.0], [102802.5, 4430.0], [102800.0, 1000.0], [102797.5, 3330.0], [102790.0, 5750.0], [102787.5, 12780.0], [102785.0, 6380.0], [102767.5, 1310.0], [102765.0, 12200.0], [102760.0, 24950.0], [102757.5, 20.0], [102755.0, 1310.0]], "asks": [[102870.0, 140400.0], [102872.5, 5020.0], [102875.0, 7500.0], [102877.5, 6430.0], [102880.0, 1330.0], [102885.0, 4430.0], [102892.5, 2260.0], [102895.0, 24360.0], [102897.5, 4330.0], [102900.0, 50000.0], [102910.0, 3000.0], [102912.5, 10000.0], [102917.5, 1310.0], [102920.0, 4360.0], [102922.5, 20.0], [102927.5, 7490.0], [102930.0, 26610.0], [102932.5, 4430.0], [102967.5, 1350.0], [102970.0, 13490.0]]}}}
{"jsonrpc": "2.0", "method": "subscription", "params": {"channel": "book.BTC-23MAY25.none.20.100ms", "data": {"timestamp": 1747323379250, "change_id": 101005167652, "instrument_name": "BTC-23MAY25", "bids": [[102842.5, 13000.0], [102830.0, 6500.0], [102827.5, 5890.0], [102825.0, 5500.0], [102822.5, 3180.0], [102817.5, 10000.0], [102815.0, 6020.0], [102810.0, 5100.0], [102805.0, 1790.0], [102802.5, 5960.0], [102800.0, 950.0], [102797.5, 3180.0], [102787.5, 1790.0], [102785.0, 9130.0], [102780.0, 11180.0], [102775.0, 1770.0], [102772.5, 5890.0], [102760.0, 1830.0], [102757.5, 6130.0], [102747.5, 1770.0]], "asks": [[102845.0, 1900.0], [102847.5, 9680.0], [102850.0, 3900.0], [102852.5, 6500.0], [102855.0, 8300.0], [102857.5, 5890.0], [102860.0, 1950.0], [102862.5, 6500.0], [102865.0, 3130.0], [102867.5, 6500.0], [102870.0, 5890.0], [102885.0, 1770.0], [102887.5, 5890.0], [102892.5, 950.0], [102895.0, 3180.0], [102897.5, 1790.0], [102900.0, 5980.0], [102902.5, 10600.0], [102905.0, 2000.0], [102910.0, 1770.0]]}}}
{"jsonrpc": "2.0", "method": "subscription", "params": {"channel": "book.BTC-16MAY25.none.20.100ms", "data": {"timestamp": 1747323379632, "change_id": 101005168189, "instrument_name": "BTC-16MAY25", "bids": [[102867.5, 98750.0], [102865.0, 98900.0], [102845.0, 2170.0], [102842.5, 7780.0], [102830.0, 1310.0], [102827.5, 4360.0], [102820.0, 3090.0], [102817.5, 10300.0], [102805.0, 1330.0], [102802.5, 4430.0], [102800.0, 1000.0], [102797.5, 3330.0], [102790.0, 5750.0], [102787.5, 12780.0], [102785.0, 6380.0], [102767.5, 1310.0], [102765.0, 12200.0], [102760.0, 24950.0], [102757.5, 20.0], [102755.0, 1310.0]], "asks": [[102870.0, 151660.0], [102872.5, 5020.0], [102875.0, 7500.0], [102877.5, 6430.0], [102880.0, 1330.0], [102885.0, 4430.0], [102892.5, 2260.0], [102895.0, 24360.0], [102897.5, 14330.0], [102900.0, 50000.0], [102915.0, 300.0], [102917.5, 1310.0], [102920.0, 4360.0], [102922.5, 20.0], [102927.5, 7490.0], [102930.0, 26310.0], [102932.5, 4430.0], [102967.5, 1350.0], [102970.0, 13490.0], [102972.5, 30000.0]]}}}
{"jsonrpc": "2.0", "method": "subscription", "params": {"channel": "book.BTC-23MAY25.none.20.100ms", "data": {"timestamp": 1747323379624, "change_id": 101005168130, "instrument_name": "BTC-23MAY25", "bids": [[102842.5, 13000.0], [102830.0, 6500.0], [102827.5, 5890.0], [102825.0, 5500.0], [102822.5, 3180.0], [102817.5, 10000.0], [102815.0, 6020.0], [102810.0, 5100.0], [102802.5, 5960.0], [102800.0, 950.0], [102797.5, 3180.0], [102787.5, 1790.0], [102785.0, 9130.0], [102780.0, 11180.0], [102775.0, 1770.0], [102772.5, 5890.0], [102760.0, 1830.0], [102757.5, 6130.0], [102747.5, 1770.0], [102745.0, 5900.0]], "asks": [[102845.0, 7900.0], [102847.5, 9680.0], [102850.0, 3900.0], [102852.5, 6500.0], [102855.0, 8300.0], [102857.5, 5890.0], [102860.0, 1950.0], [102862.5, 6500.0], [102865.0, 3130.0], [102867.5, 6500.0], [102870.0, 5890.0], [102885.0, 1770.0], [102887.5, 5890.0], [102892.5, 950.0], [102895.0, 3180.0], [102897.5, 1790.0], [102900.0, 5980.0], [102902.5, 10600.0], [102905.0, 2000.0], [102910.0, 1770.0]]}}}
{"jsonrpc": "2.0", "method": "subscription", "params": {"channel": "book.BTC-16MAY25.none.20.100ms", "data": {"timestamp": 1747323379921, "change_id": 101005168904, "instrument_name": "BTC-16MAY25", "bids": [[102867.5, 10.0], [102850.0, 56430.0], [102847.5, 100240.0], [102845.0, 132580.0], [102842.5, 104850.0], [102840.0, 3330.0], [102830.0, 1310.0], [102827.5, 4360.0], [102820.0, 3090.0], [102817.5, 10300.0], [102805.0, 1330.0], [102802.5, 4430.0], [102800.0, 1000.0], [102797.5, 3330.0], [102790.0, 5750.0], [102787.5, 12780.0], [102785.0, 6380.0], [102767.5, 1310.0], [102765.0, 12200.0], [102760.0, 24950.0]], "asks": [[102870.0, 143960.0], [102872.5, 5020.0], [102875.0, 7500.0], [102877.5, 6430.0], [102880.0, 1330.0], [102885.0, 4430.0], [102892.5, 2260.0], [102895.0, 24360.0], [102897.5, 14330.0], [102900.0, 50000.0], [102915.0, 300.0], [102917.5, 1310.0], [102920.0, 4360.0], [102922.5, 20.0], [102927.5, 7490.0], [102930.0, 26310.0], [102932.5, 4430.0], [102967.5, 1350.0], [102970.0, 13490.0], [102972.5, 30000.0]]}}}
{"jsonrpc": "2.0", "method": "subscription", "params": {"channel": "book.BTC-23MAY25.none.20.100ms", "data": {"timestamp": 1747323379917, "change_id": 101005168896, "instrument_name": "BTC-23MAY25", "bids": [[102842.5, 1000.0], [102830.0, 6500.0], [102827.5, 5890.0], [102825.0, 5500.0], [102822.5, 3180.0], [102817.5, 10000.0], [102815.0, 6020.0], [102810.0, 5100.0], [102802.5, 5960.0], [102800.0, 950.0], [102797.5, 3180.0], [102787.5, 1790.0], [102785.0, 9130.0], [102780.0, 11180.0], [102775.0, 1770.0], [102772.5, 5890.0], [102760.0, 1830.0], [102757.5, 6130.0], [102747.5, 1770.0], [102745.0, 5900.0]], "asks": [[102845.0, 7900.0], [102847.5, 9680.0], [102850.0, 3900.0], [102852.5, 6500.0], [102855.0, 8300.0], [102857.5, 5890.0], [102860.0, 1950.0], [102862.5, 6500.0], [102865.0, 3130.0], [102867.5, 6500.0], [102870.0, 5890.0], [102885.0, 1770.0], [102887.5, 5890.0], [102890.0, 10000.0], [102892.5, 950.0], [102895.0, 3180.0], [102897.5, 1790.0], [102900.0, 5980.0], [102902.5, 600.0], [102905.0, 2000.0]]}}}
{"jsonrpc": "2.0", "method": "subscription", "params": {"channel": "book.BTC-16MAY25.none.20.100ms", "data": {"timestamp": 1747323380120, "change_id": 101005169239, "instrument_name": "BTC-16MAY25", "bids": [[102867.5, 10.0], [102850.0, 56430.0], [102847.5, 100240.0], [102845.0, 132580.0], [102842.5, 104850.0], [102840.0, 3330.0], [102830.0, 1310.0], [102827.5, 4360.0], [102820.0, 3090.0], [102817.5, 10300.0], [102805.0, 1330.0], [102802.5, 4430.0], [102800.0, 1000.0], [102797.5, 3330.0], [102790.0, 5750.0], [102787.5, 12780.0], [102785.0, 6380.0], [102767.5, 1310.0], [102765.0, 12200.0], [102760.0, 24950.0]], "asks": [[102870.0, 142960.0], [102872.5, 5020.0], [102875.0, 7500.0], [102877.5, 6430.0], [102880.0, 4160.0], [102885.0, 14430.0], [102892.5, 2260.0], [102895.0, 24360.0], [102897.5, 4330.0], [102900.0, 50000.0], [102915.0, 300.0], [102917.5, 1310.0], [102920.0, 4360.0], [102922.5, 20.0], [102927.5, 7490.0], [102930.0, 26310.0], [102932.5, 4430.0], [102967.5, 1350.0], [102970.0, 13490.0], [102972.5, 30000.0]]}}}
{"jsonrpc": "2.0", "method": "subscription", "params": {"channel": "book.BTC-23MAY25.none.20.100ms", "data": {"timestamp": 1747323380186, "change_id": 101005169402, "instrument_name": "BTC-23MAY25", "bids": [[102842.5, 7000.0], [102830.0, 6500.0], [102827.5, 5890.0], [102825.0, 5500.0], [102822.5, 3180.0], [102817.5, 10000.0], [102815.0, 6020.0], [102810.0, 5100.0], [102805.0, 1790.0], [102802.5, 5960.0], [102800.0, 950.0], [102797.5, 3180.0], [102787.5, 1790.0], [102785.0, 9130.0], [102780.0, 11180.0], [102775.0, 1770.0], [102772.5, 5890.0], [102760.0, 1830.0], [102757.5, 6130.0], [102747.5, 1770.0]], "asks": [[102845.0, 1900.0], [102847.5, 9680.0], [102850.0, 3900.0], [102852.5, 6500.0], [102855.0, 8290.0], [102857.5, 5970.0], [102860.0, 1950.0], [102862.5, 6500.0], [102865.0, 3130.0], [102867.5, 6500.0], [102870.0, 5890.0], [102885.0, 4550.0], [102887.5, 5890.0], [102890.0, 10000.0], [102892.5, 950.0], [102895.0, 3180.0], [102897.5, 1790.0], [102900.0, 5980.0], [102902.5, 600.0], [102905.0, 2000.0]]}}}
{"jsonrpc": "2.0", "method": "subscription", "params": {"channel": "book.BTC-16MAY25.none.20.100ms", "data": {"timestamp": 1747323380607, "change_id": 101005170036, "instrument_name": "BTC-16MAY25", "bids": [[102867.5, 10.0], [102852.5, 11900.0], [102850.0, 56430.0], [102847.5, 100240.0], [102845.0, 132580.0], [102842.5, 104850.0], [102840.0, 3330.0], [102830.0, 1310.0], [102827.5, 4360.0], [102820.0, 3090.0], [102817.5, 10300.0], [102805.0, 1330.0], [102802.5, 4430.0], [102800.0, 1000.0], [102797.5, 3330.0], [102790.0, 5750.0], [102787.5, 12780.0], [102785.0, 6380.0], [102767.5, 1310.0], [102765.0, 12200.0]], "asks": [[102870.0, 151460.0], [102872.5, 7120.0], [102875.0, 19400.0], [102877.5, 6430.0], [102880.0, 4160.0], [102885.0, 14430.0], [102892.5, 2260.0], [102895.0, 24360.0], [102897.5, 4330.0], [102900.0, 50300.0], [102917.5, 1310.0], [102920.0, 4360.0], [102922.5, 20.0], [102927.5, 7490.0], [102930.0, 26310.0], [102932.5, 4430.0], [102967.5, 1350.0], [102970.0, 13490.0], [102972.5, 30000.0], [102977.5, 2880.0]]}}}
{"jsonrpc": "2.0", "method": "subscription", "params": {"channel": "book.BTC-23MAY25.none.20.100ms", "data": {"timestamp": 1747323380625, "change_id": 101005170050, "instrument_name": "BTC-23MAY25", "bids": [[102842.5, 7000.0], [102830.0, 6500.0], [102827.5, 5890.0], [102825.0, 5500.0], [102822.5, 3180.0], [102817.5, 10000.0], [102815.0, 6020.0], [102810.0, 5100.0], [102805.0, 1790.0], [102802.5, 5960.0], [102800.0, 950.0], [102797.5, 3180.0], [102787.5, 1790.0], [102785.0, 9130.0], [102780.0, 11180.0], [102775.0, 1770.0], [102772.5, 5890.0], [102760.0, 1830.0], [102757.5, 6130.0], [102747.5, 1770.0]], "asks": [[102845.0, 7900.0], [102847.5, 6500.0], [102850.0, 3900.0], [102852.5, 6500.0], [102855.0, 8290.0], [102857.5, 5970.0], [102860.0, 1950.0], [102862.5, 9680.0], [102865.0, 3130.0], [102867.5, 6500.0], [102870.0, 5890.0], [102885.0, 4550.0], [102887.5, 5890.0], [102890.0, 10000.0], [102897.5, 1790.0], [102900.0, 5980.0], [102902.5, 600.0], [102905.0, 2000.0], [102910.0, 1770.0], [102912.5, 5900.0]]}}}
{"jsonrpc": "2.0", "method": "subscription", "params": {"channel": "book.BTC-16MAY25.none.20.100ms", "data": {"timestamp": 1747323380955, "change_id": 101005170531, "instrument_name": "BTC-16MAY25", "bids": [[102867.5, 10.0], [102855.0, 3570.0], [102852.5, 11900.0], [102850.0, 56430.0], [102847.5, 100240.0], [102845.0, 132580.0], [102842.5, 104850.0], [102840.0, 3330.0], [102830.0, 1310.0], [102827.5, 4360.0], [102820.0, 3090.0], [102817.5, 10300.0], [102805.0, 1330.0], [102802.5, 4430.0], [102800.0, 1000.0], [102797.5, 3330.0], [102790.0, 5750.0], [102787.5, 12780.0], [102785.0, 6380.0], [102767.5, 1310.0]], "asks": [[102870.0, 152460.0], [102872.5, 7120.0], [102875.0, 19400.0], [102877.5, 6430.0], [102880.0, 4160.0], [102885.0, 14430.0], [102892.5, 2260.0], [102895.0, 24360.0], [102897.5, 4330.0], [102900.0, 50300.0], [102917.5, 1310.0], [102920.0, 4360.0], [102922.5, 20.0], [102927.5, 7490.0], [102930.0, 26310.0], [102932.5, 4430.0], [102967.5, 1350.0], [102970.0, 13490.0], [102972.5, 30000.0], [102977.5, 2880.0]]}}}
{"jsonrpc": "2.0", "method": "subscription", "params": {"channel": "book.BTC-23MAY25.none.20.100ms", "data": {"timestamp": 1747323380950, "change_id": 101005170529, "instrument_name": "BTC-23MAY25", "bids": [[102842.5, 7000.0], [102830.0, 6500.0], [102827.5, 5890.0], [102825.0, 5500.0], [102822.5, 3180.0], [102817.5, 10000.0], [102815.0, 6020.0], [102810.0, 5100.0], [102805.0, 1790.0], [102802.5, 5960.0], [102800.0, 950.0], [102797.5, 3180.0], [102787.5, 1790.0], [102785.0, 7470.0], [102780.0, 5000.0], [102777.5, 6180.0], [102775.0, 1770.0], [102772.5, 5890.0], [102760.0, 1830.0], [102757.5, 6130.0]], "asks": [[102845.0, 7900.0], [102847.5, 9680.0], [102850.0, 3900.0], [102852.5, 6500.0], [102855.0, 8290.0], [102857.5, 5970.0], [102860.0, 1950.0], [102862.5, 9680.0], [102865.0, 3130.0], [102867.5, 6500.0], [102870.0, 5890.0], [102885.0, 4550.0], [102887.5, 5890.0], [102890.0, 10000.0], [102897.5, 1790.0], [102900.0, 5980.0], [102902.5, 600.0], [102905.0, 2000.0], [102910.0, 1770.0], [102912.5, 5900.0]]}}}
{"jsonrpc": "2.0", "method": "subscription", "params": {"channel": "book.BTC-16MAY25.none.20.100ms", "data": {"timestamp": 1747323381149, "change_id": 101005170752, "instrument_name": "BTC-16MAY25", "bids": [[102867.5, 10.0], [102855.0, 3570.0], [102852.5, 11900.0], [102850.0, 56430.0], [102847.5, 100240.0], [102845.0, 132580.0], [102842.5, 104850.0], [102840.0, 3330.0], [102830.0, 1310.0], [102827.5, 4360.0], [102820.0, 3090.0], [102817.5, 10300.0], [102805.0, 1330.0], [102802.5, 4430.0], [102800.0, 1000.0], [102797.5, 3330.0], [102790.0, 1910.0], [102785.0, 19160.0], [102767.5, 1310.0], [102765.0, 12200.0]], "asks": [[102870.0, 152460.0], [102872.5, 7120.0], [102875.0, 19400.0], [102877.5, 6430.0], [102880.0, 4160.0], [102885.0, 14430.0], [102892.5, 2260.0], [102895.0, 24360.0], [102897.5, 4330.0], [102900.0, 50300.0], [102917.5, 1310.0], [102920.0, 4360.0], [102922.5, 20.0], [102927.5, 7490.0], [102930.0, 26310.0], [102932.5, 4430.0], [102967.5, 1350.0], [102970.0, 13490.0], [102972.5, 30000.0], [102977.5, 2880.0]]}}}
{"jsonrpc": "2.0", "method": "subscription", "params": {"channel": "book.BTC-23MAY25.none.20.100ms", "data": {"timestamp": 1747323381284, "change_id": 101005170848, "instrument_name": "BTC-23MAY25", "bids": [[102842.5, 7000.0], [102830.0, 6500.0], [102827.5, 5890.0], [102825.0, 5500.0], [102822.5, 3180.0], [102817.5, 10000.0], [102815.0, 6020.0], [102810.0, 5100.0], [102805.0, 1790.0], [102802.5, 5960.0], [102800.0, 950.0], [102797.5, 3180.0], [102787.5, 1790.0], [102785.0, 7470.0], [102780.0, 5000.0], [102777.5, 6180.0], [102775.0, 1770.0], [102772.5, 5890.0], [102760.0, 1830.0], [102757.5, 6130.0]], "asks": [[102845.0, 7900.0], [102847.5, 9680.0], [102850.0, 3900.0], [102852.5, 6500.0], [102855.0, 8290.0], [102857.5, 5970.0], [102860.0, 1950.0], [102862.5, 9680.0], [102865.0, 3130.0], [102867.5, 6500.0], [102870.0, 5890.0], [102872.5, 3000.0], [102875.0, 10000.0], [102885.0, 1770.0], [102887.5, 5890.0], [102897.5, 1790.0], [102900.0, 5980.0], [102902.5, 600.0], [102905.0, 2000.0], [102910.0, 1770.0]]}}}
{"jsonrpc": "2.0", "method": "subscription", "params": {"channel": "book.BTC-23MAY25.none.20.100ms", "data": {"timestamp": 1747323381479, "change_id": 101005170914, "instrument_name": "BTC-23MAY25", "bids": [[102842.5, 7000.0], [102830.0, 6500.0], [102827.5, 5890.0], [102825.0, 5500.0], [102822.5, 3180.0], [102817.5, 10000.0], [102815.0, 6020.0], [102810.0, 5100.0], [102805.0, 1790.0], [102802.5, 5960.0], [102800.0, 950.0], [102797.5, 3180.0], [102787.5, 1790.0], [102785.0, 7470.0], [102780.0, 5000.0], [102777.5, 6180.0], [102775.0, 1770.0], [102772.5, 5890.0], [102760.0, 1830.0], [102757.5, 6130.0]], "asks": [[102845.0, 7900.0], [102847.5, 9680.0], [102850.0, 3900.0], [102852.5, 6500.0], [102855.0, 8290.0], [102857.5, 5970.0], [102860.0, 1950.0], [102862.5, 9680.0], [102865.0, 3130.0], [102867.5, 6500.0], [102870.0, 5890.0], [102872.5, 3000.0], [102875.0, 10000.0], [102885.0, 1770.0], [102887.5, 5890.0], [102897.5, 1790.0], [102900.0, 5980.0], [102902.5, 600.0], [102905.0, 2000.0], [102910.0, 1770.0]]}}}
{"jsonrpc": "2.0", "method": "subscription", "params": {"channel": "book.BTC-16MAY25.none.20.100ms", "data": {"timestamp": 1747323381514, "change_id": 101005171038, "instrument_name": "BTC-16MAY25", "bids": [[102867.5, 10.0], [102855.0, 3570.0], [102852.5, 11900.0], [102850.0, 61830.0], [102847.5, 100240.0], [102845.0, 132580.0], [102842.5, 104850.0], [102840.0, 3330.0], [102830.0, 1310.0], [102827.5, 4360.0], [102820.0, 3090.0], [102817.5, 10300.0], [102805.0, 1330.0], [102802.5, 4430.0], [102800.0, 1000.0], [102797.5, 3330.0], [102790.0, 1910.0], [102785.0, 19160.0], [102767.5, 1310.0], [102765.0, 12200.0]], "asks": [[102870.0, 152460.0], [102872.5, 17120.0], [102875.0, 19400.0], [102877.5, 6430.0], [102880.0, 1330.0], [102885.0, 4430.0], [102892.5, 2260.0], [102895.0, 24360.0], [102897.5, 4330.0], [102900.0, 50300.0], [102917.5, 1310.0], [102920.0, 4360.0], [102922.5, 20.0], [102927.5, 7490.0], [102930.0, 26310.0], [102932.5, 4430.0], [102967.5, 1350.0], [102970.0, 13490.0], [102972.5, 30000.0], [102977.5, 2880.0]]}}}
{"jsonrpc": "2.0", "method": "subscription", "params": {"channel": "book.BTC-16MAY25.none.20.100ms", "data": {"timestamp": 1747323381774, "change_id": 101005171382, "instrument_name": "BTC-16MAY25", "bids": [[102867.5, 10.0], [102855.0, 3570.0], [102852.5, 11900.0], [102850.0, 61830.0], [102847.5, 100240.0], [102845.0, 132580.0], [102842.5, 104850.0], [102840.0, 3330.0], [102830.0, 1310.0], [102827.5, 4360.0], [102820.0, 3090.0], [102817.5, 10300.0], [102805.0, 1330.0], [102802.5, 4430.0], [102800.0, 1000.0], [102797.5, 3330.0], [102790.0, 1910.0], [102785.0, 19160.0], [102767.5, 1310.0], [102765.0, 12200.0]], "asks": [[102870.0, 151460.0], [102872.5, 17120.0], [102875.0, 19400.0], [102877.5, 6430.0], [102880.0, 1330.0], [102885.0, 4430.0], [102887.5, 300.0], [102892.5, 2260.0], [102895.0, 24360.0], [102897.5, 4330.0], [102900.0, 50000.0], [102917.5, 1310.0], [102920.0, 4360.0], [102922.5, 20.0], [102927.5, 7490.0], [102930.0, 26310.0], [102932.5, 4430.0], [102967.5, 1350.0], [102970.0, 13490.0], [102972.5, 30000.0]]}}}
{"jsonrpc": "2.0", "method": "subscription", "params": {"channel": "book.BTC-23MAY25.none.20.100ms", "data": {"timestamp": 1747323381771, "change_id": 101005171377, "instrument_name": "BTC-23MAY25", "bids": [[102842.5, 7000.0], [102830.0, 6500.0], [102827.5, 5890.0], [102825.0, 5500.0], [102822.5, 3180.0], [102817.5, 10000.0], [102815.0, 6020.0], [102810.0, 5100.0], [102805.0, 1790.0], [102802.5, 5960.0], [102800.0, 950.0], [102797.5, 3180.0], [102787.5, 1790.0], [102785.0, 7470.0], [102780.0, 5000.0], [102777.5, 6180.0], [102775.0, 1770.0], [102772.5, 5890.0], [102760.0, 1830.0], [102757.5, 6130.0]], "asks": [[102845.0, 1900.0], [102847.5, 9680.0], [102850.0, 3900.0], [102852.5, 6500.0], [102855.0, 8290.0], [102857.5, 5970.0], [102860.0, 1950.0], [102862.5, 9680.0], [102865.0, 3130.0], [102867.5, 6500.0], [102870.0, 5890.0], [102872.5, 3000.0], [102875.0, 10000.0], [102885.0, 1770.0], [102887.5, 5890.0], [102897.5, 1790.0], [102900.0, 5980.0], [102902.5, 600.0], [102905.0, 2000.0], [102910.0, 1770.0]]}}}
{"jsonrpc": "2.0", "method": "subscription", "params": {"channel": "book.BTC-16MAY25.none.20.100ms", "data": {"timestamp": 1747323381996, "change_id": 101005171757, "instrument_name": "BTC-16MAY25", "bids": [[102867.5, 10.0], [102855.0, 5190.0], [102852.5, 11900.0], [102850.0, 61830.0], [102847.5, 100240.0], [102845.0, 132580.0], [102842.5, 104850.0], [102840.0, 3330.0], [102830.0, 1310.0], [102827.5, 4360.0], [102820.0, 3090.0], [102817.5, 10300.0], [102805.0, 1330.0], [102802.5, 4430.0], [102800.0, 1000.0], [102797.5, 3330.0], [102790.0, 1910.0], [102785.0, 19160.0], [102767.5, 1310.0], [102765.0, 12200.0]], "asks": [[102870.0, 151460.0], [102872.5, 15020.0], [102875.0, 7500.0], [102877.5, 6430.0], [102880.0, 1330.0], [102885.0, 4430.0], [102887.5, 300.0], [102892.5, 2260.0], [102895.0, 24360.0], [102897.5, 4330.0], [102900.0, 50000.0], [102917.5, 1310.0], [102920.0, 4360.0], [102922.5, 20.0], [102927.5, 7490.0], [102930.0, 26310.0], [102932.5, 4430.0], [102967.5, 1350.0], [102970.0, 13490.0], [102972.5, 30000.0]]}}}
{"jsonrpc": "2.0", "method": "subscription", "params": {"channel": "book.BTC-23MAY25.none.20.100ms", "data": {"timestamp": 1747323382249, "change_id": 101005171997, "instrument_name": "BTC-23MAY25", "bids": [[102842.5, 7000.0], [102830.0, 6500.0], [102827.5, 5890.0], [102825.0, 5500.0], [102822.5, 3180.0], [102817.5, 10000.0], [102815.0, 6020.0], [102810.0, 5100.0], [102805.0, 1790.0], [102802.5, 5960.0], [102800.0, 950.0], [102797.5, 3180.0], [102787.5, 1790.0], [102785.0, 7470.0], [102780.0, 6850.0], [102777.5, 6180.0], [102775.0, 1770.0], [102772.5, 5890.0], [102760.0, 1830.0], [102757.5, 6130.0]], "asks": [[102845.0, 1900.0], [102847.5, 6500.0], [102850.0, 3900.0], [102852.5, 9680.0], [102855.0, 8290.0], [102857.5, 5970.0], [102860.0, 1950.0], [102862.5, 6500.0], [102865.0, 3130.0], [102867.5, 6500.0], [102870.0, 5890.0], [102872.5, 3000.0], [102875.0, 10000.0], [102885.0, 1770.0], [102887.5, 5890.0], [102895.0, 3180.0], [102897.5, 1790.0], [102900.0, 5980.0], [102902.5, 600.0], [102905.0, 2000.0]]}}}
{"jsonrpc": "2.0", "method": "subscription", "params": {"channel": "book.BTC-16MAY25.none.20.100ms", "data": {"timestamp": 1747323382585, "change_id": 101005172656, "instrument_name": "BTC-16MAY25", "bids": [[102850.0, 8500.0], [102847.5, 100240.0], [102845.0, 100400.0], [102842.5, 100400.0], [102830.0, 1310.0], [102827.5, 4360.0], [102820.0, 3090.0], [102817.5, 10000.0], [102805.0, 1330.0], [102802.5, 4730.0], [102800.0, 1000.0], [102797.5, 3330.0], [102790.0, 5510.0], [102787.5, 12780.0], [102785.0, 6380.0], [102767.5, 1310.0], [102765.0, 12200.0], [102760.0, 24950.0], [102757.5, 20.0], [102755.0, 1310.0]], "asks": [[102852.5, 12930.0], [102855.0, 18120.0], [102857.5, 58880.0], [102860.0, 3330.0], [102862.5, 4730.0], [102865.0, 41420.0], [102867.5, 81900.0], [102870.0, 21750.0], [102872.5, 10000.0], [102875.0, 8100.0], [102877.5, 2000.0], [102880.0, 2060.0], [102885.0, 7430.0], [102892.5, 2260.0], [102895.0, 24360.0], [102897.5, 4330.0], [102900.0, 50000.0], [102917.5, 1310.0], [102920.0, 4360.0], [102922.5, 20.0]]}}}
{"jsonrpc": "2.0", "method": "subscription", "params": {"channel": "book.BTC-23MAY25.none.20.100ms", "data": {"timestamp": 1747323382577, "change_id": 101005172642, "instrument_name": "BTC-23MAY25", "bids": [[102842.5, 1000.0], [102825.0, 5500.0], [102817.5, 10000.0], [102815.0, 9200.0], [102810.0, 5100.0], [102802.5, 5960.0], [102797.5, 3180.0], [102787.5, 1790.0], [102785.0, 7470.0], [102780.0, 6850.0], [102777.5, 6180.0], [102775.0, 1770.0], [102772.5, 5890.0], [102760.0, 1830.0], [102757.5, 6130.0], [102747.5, 1770.0], [102745.0, 5900.0], [102735.0, 7480.0], [102732.5, 24920.0], [102727.5, 1770.0]], "asks": [[102845.0, 13870.0], [102847.5, 6500.0], [102850.0, 7080.0], [102852.5, 6600.0], [102855.0, 8290.0], [102857.5, 5970.0], [102860.0, 1950.0], [102862.5, 9680.0], [102865.0, 3130.0], [102867.5, 6500.0], [102870.0, 5890.0], [102872.5, 3000.0], [102875.0, 10000.0], [102885.0, 1770.0], [102887.5, 5890.0], [102897.5, 1790.0], [102900.0, 5980.0], [102902.5, 600.0], [102905.0, 2000.0], [102910.0, 1770.0]]}}}
{"jsonrpc": "2.0", "method": "subscription", "params": {"channel": "book.BTC-16MAY25.none.20.100ms", "data": {"timestamp": 1747323382934, "change_id": 101005174161, "instrument_name": "BTC-16MAY25", "bids": [[102842.5, 100400.0], [102827.5, 30170.0], [102825.0, 132840.0], [102822.5, 108500.0], [102805.0, 4250.0], [102802.5, 14730.0], [102800.0, 1000.0], [102797.5, 3330.0], [102790.0, 1910.0], [102785.0, 6380.0], [102772.5, 3830.0], [102770.0, 12780.0], [102767.5, 1310.0], [102765.0, 4370.0], [102757.5, 20.0], [102755.0, 1310.0], [102752.5, 4380.0], [102740.0, 1360.0], [102737.5, 4530.0], [102715.0, 9000.0]], "asks": [[102845.0, 8880.0], [102847.5, 10930.0], [102850.0, 8730.0], [102852.5, 8500.0], [102855.0, 19120.0], [102857.5, 54750.0], [102862.5, 4730.0], [102865.0, 41420.0], [102867.5, 81900.0], [102870.0, 12240.0], [102872.5, 10000.0], [102875.0, 9890.0], [102877.5, 6220.0], [102880.0, 2060.0], [102885.0, 7940.0], [102887.5, 2720.0], [102892.5, 820.0], [102895.0, 19570.0], [102897.5, 4330.0], [102900.0, 50000.0]]}}}
{"jsonrpc": "2.0", "method": "subscription", "params": {"channel": "book.BTC-23MAY25.none.20.100ms", "data": {"timestamp": 1747323382929, "change_id": 101005174140, "instrument_name": "BTC-23MAY25", "bids": [[102837.5, 1000.0], [102825.0, 5500.0], [102815.0, 6020.0], [102810.0, 5000.0], [102802.5, 19140.0], [102787.5, 1790.0], [102785.0, 7570.0], [102780.0, 5000.0], [102775.0, 1770.0], [102772.5, 5890.0], [102767.5, 6180.0], [102765.0, 3180.0], [102760.0, 1830.0], [102757.5, 6130.0], [102747.5, 1770.0], [102745.0, 5900.0], [102735.0, 7480.0], [102732.5, 24920.0], [102727.5, 1770.0], [102725.0, 5900.0]], "asks": [[102842.5, 13070.0], [102845.0, 13870.0], [102847.5, 6500.0], [102850.0, 7080.0], [102852.5, 6600.0], [102855.0, 8290.0], [102857.5, 5970.0], [102860.0, 1950.0], [102862.5, 9680.0], [102865.0, 3130.0], [102867.5, 6500.0], [102870.0, 5890.0], [102872.5, 3000.0], [102875.0, 10000.0], [102882.5, 2000.0], [102885.0, 1770.0], [102887.5, 5890.0], [102897.5, 1790.0], [102900.0, 5980.0], [102910.0, 1770.0]]}}}
{"jsonrpc": "2.0", "method": "subscription", "params": {"channel": "book.BTC-16MAY25.none.20.100ms", "data": {"timestamp": 1747323383263, "change_id": 101005175822, "instrument_name": "BTC-16MAY25", "bids": [[102842.5, 100400.0], [102832.5, 1000.0], [102830.0, 3330.0], [102827.5, 30170.0], [102825.0, 132840.0], [102822.5, 105170.0], [102805.0, 1330.0], [102802.5, 4730.0], [102800.0, 1000.0], [102797.5, 3330.0], [102790.0, 1910.0], [102785.0, 6380.0], [102772.5, 3830.0], [102770.0, 12780.0], [102767.5, 1310.0], [102765.0, 4370.0], [102757.5, 20.0], [102752.5, 4380.0], [102740.0, 1360.0], [102737.5, 4530.0]], "asks": [[102845.0, 58880.0], [102847.5, 6430.0], [102850.0, 3400.0], [102852.5, 11830.0], [102855.0, 2430.0], [102857.5, 4750.0], [102860.0, 70000.0], [102865.0, 11900.0], [102867.5, 11900.0], [102870.0, 6990.0], [102872.5, 10000.0], [102875.0, 7500.0], [102877.5, 6220.0], [102885.0, 7430.0], [102895.0, 3330.0], [102897.5, 4330.0], [102900.0, 50000.0], [102920.0, 4360.0], [102922.5, 20.0], [102930.0, 24980.0]]}}}
{"jsonrpc": "2.0", "method": "subscription", "params": {"channel": "book.BTC-23MAY25.none.20.100ms", "data": {"timestamp": 1747323383259, "change_id": 101005175808, "instrument_name": "BTC-23MAY25", "bids": [[102837.5, 1000.0], [102825.0, 5500.0], [102815.0, 6020.0], [102810.0, 5000.0], [102802.5, 9140.0], [102787.5, 1790.0], [102785.0, 7570.0], [102780.0, 5000.0], [102775.0, 1770.0], [102772.5, 5890.0], [102770.0, 2810.0], [102767.5, 6180.0], [102765.0, 3180.0], [102760.0, 1830.0], [102757.5, 6130.0], [102747.5, 1770.0], [102745.0, 5900.0], [102735.0, 7480.0], [102732.5, 24920.0], [102727.5, 1770.0]], "asks": [[102840.0, 9180.0], [102842.5, 10310.0], [102845.0, 7870.0], [102847.5, 6500.0], [102850.0, 3900.0], [102852.5, 6500.0], [102855.0, 8290.0], [102857.5, 5970.0], [102860.0, 1950.0], [102862.5, 9680.0], [102865.0, 3130.0], [102867.5, 6500.0], [102870.0, 5890.0], [102872.5, 3000.0], [102875.0, 10000.0], [102880.0, 600.0], [102882.5, 2000.0], [102885.0, 1770.0], [102887.5, 5890.0], [102890.0, 100.0]]}}}
{"jsonrpc": "2.0", "method": "subscription", "params": {"channel": "book.BTC-16MAY25.none.20.100ms", "data": {"timestamp": 1747323383595, "change_id": 101005176712, "instrument_name": "BTC-16MAY25", "bids": [[102842.5, 100400.0], [102832.5, 4440.0], [102830.0, 15230.0], [102827.5, 30170.0], [102825.0, 132840.0], [102822.5, 105170.0], [102805.0, 1330.0], [102802.5, 4730.0], [102800.0, 1000.0], [102797.5, 3330.0], [102790.0, 1910.0], [102785.0, 6380.0], [102772.5, 3830.0], [102770.0, 12780.0], [102767.5, 1310.0], [102765.0, 4370.0], [102757.5, 20.0], [102755.0, 1310.0], [102752.5, 4380.0], [102740.0, 1360.0]], "asks": [[102845.0, 58880.0], [102847.5, 9300.0], [102850.0, 3400.0], [102852.5, 11830.0], [102855.0, 25250.0], [102857.5, 4450.0], [102860.0, 70000.0], [102862.5, 3570.0], [102865.0, 14000.0], [102870.0, 12240.0], [102872.5, 10000.0], [102875.0, 9370.0], [102877.5, 6220.0], [102882.5, 2230.0], [102885.0, 7430.0], [102892.5, 1000.0], [102895.0, 3330.0], [102897.5, 19330.0], [102900.0, 50000.0], [102917.5, 1310.0]]}}}
{"jsonrpc": "2.0", "method": "subscription", "params": {"channel": "book.BTC-23MAY25.none.20.100ms", "data": {"timestamp": 1747323383584, "change_id": 101005176629, "instrument_name": "BTC-23MAY25", "bids": [[102837.5, 1000.0], [102817.5, 6500.0], [102815.0, 6020.0], [102810.0, 8180.0], [102802.5, 5960.0], [102787.5, 1790.0], [102785.0, 7570.0], [102780.0, 5000.0], [102775.0, 1770.0], [102772.5, 5890.0], [102770.0, 2810.0], [102767.5, 6180.0], [102765.0, 3180.0], [102760.0, 1830.0], [102757.5, 6130.0], [102747.5, 1770.0], [102745.0, 5900.0], [102735.0, 7480.0], [102732.5, 24920.0], [102727.5, 1770.0]], "asks": [[102840.0, 9180.0], [102842.5, 10310.0], [102845.0, 5970.0], [102847.5, 6500.0], [102850.0, 3900.0], [102852.5, 6500.0], [102855.0, 8290.0], [102857.5, 5970.0], [102860.0, 1950.0], [102862.5, 9680.0], [102870.0, 5890.0], [102872.5, 3000.0], [102875.0, 10000.0], [102880.0, 600.0], [102882.5, 2000.0], [102885.0, 1770.0], [102887.5, 5890.0], [102897.5, 1790.0], [102900.0, 5980.0], [102910.0, 1770.0]]}}}
{"jsonrpc": "2.0", "method": "subscription", "params": {"channel": "book.BTC-16MAY25.none.20.100ms", "data": {"timestamp": 1747323383933, "change_id": 101005177588, "instrument_name": "BTC-16MAY25", "bids": [[102842.5, 104830.0], [102832.5, 4440.0], [102830.0, 15230.0], [102827.5, 30170.0], [102825.0, 132840.0], [102822.5, 105170.0], [102805.0, 1330.0], [102802.5, 4730.0], [102800.0, 1000.0], [102797.5, 3330.0], [102790.0, 1910.0], [102785.0, 6380.0], [102772.5, 3830.0], [102770.0, 12780.0], [102767.5, 1310.0], [102765.0, 4370.0], [102757.5, 20.0], [102755.0, 4150.0], [102752.5, 14380.0], [102740.0, 1360.0]], "asks": [[102845.0, 50000.0], [102852.5, 11830.0], [102855.0, 24250.0], [102857.5, 4450.0], [102860.0, 71000.0], [102862.5, 3570.0], [102865.0, 14000.0], [102870.0, 12240.0], [102872.5, 10000.0], [102875.0, 9370.0], [102877.5, 6220.0], [102882.5, 2230.0], [102885.0, 7430.0], [102892.5, 1000.0], [102895.0, 3330.0], [102897.5, 19330.0], [102900.0, 50000.0], [102917.5, 1310.0], [102920.0, 4360.0], [102922.5, 20.0]]}}}
{"jsonrpc": "2.0", "method": "subscription", "params": {"channel": "book.BTC-23MAY25.none.20.100ms", "data": {"timestamp": 1747323383926, "change_id": 101005177565, "instrument_name": "BTC-23MAY25", "bids": [[102837.5, 7000.0], [102817.5, 6500.0], [102815.0, 6020.0], [102810.0, 8180.0], [102802.5, 5960.0], [102787.5, 1790.0], [102785.0, 7570.0], [102780.0, 5000.0], [102775.0, 1770.0], [102772.5, 5890.0], [102770.0, 2810.0], [102767.5, 6180.0], [102765.0, 3180.0], [102760.0, 1830.0], [102757.5, 6130.0], [102752.5, 10000.0], [102747.5, 1770.0], [102745.0, 5900.0], [102735.0, 7480.0], [102732.5, 24920.0]], "asks": [[102840.0, 3180.0], [102842.5, 7950.0], [102847.5, 6500.0], [102850.0, 3900.0], [102852.5, 6500.0], [102855.0, 8290.0], [102857.5, 5970.0], [102860.0, 1950.0], [102862.5, 9680.0], [102870.0, 5890.0], [102872.5, 3000.0], [102875.0, 10000.0], [102880.0, 600.0], [102882.5, 2000.0], [102885.0, 1770.0], [102887.5, 5890.0], [102897.5, 1790.0], [102900.0, 5980.0], [102910.0, 1770.0], [102912.5, 5900.0]]}}}
{"jsonrpc": "2.0", "method": "subscription", "params": {"channel": "book.BTC-16MAY25.none.20.100ms", "data": {"timestamp": 1747323384265, "change_id": 101005178830, "instrument_name": "BTC-16MAY25", "bids": [[102852.5, 3400.0], [102850.0, 17810.0], [102847.5, 16330.0], [102845.0, 39170.0], [102842.5, 100400.0], [102832.5, 4440.0], [102830.0, 11900.0], [102827.5, 30170.0], [102825.0, 132840.0], [102822.5, 105170.0], [102805.0, 1330.0], [102802.5, 4730.0], [102800.0, 1000.0], [102797.5, 3330.0], [102790.0, 1910.0], [102785.0, 6380.0], [102772.5, 3830.0], [102770.0, 12780.0], [102767.5, 4150.0], [102765.0, 14370.0]], "asks": [[102855.0, 21140.0], [102857.5, 74430.0], [102860.0, 50000.0], [102865.0, 3430.0], [102867.5, 3330.0], [102870.0, 12240.0], [102872.5, 10000.0], [102875.0, 9370.0], [102877.5, 6220.0], [102882.5, 2230.0], [102885.0, 7430.0], [102892.5, 1000.0], [102895.0, 3330.0], [102897.5, 19330.0], [102900.0, 50000.0], [102917.5, 1310.0], [102920.0, 4360.0], [102922.5, 20.0], [102927.5, 7490.0], [102930.0, 26310.0]]}}}
{"jsonrpc": "2.0", "method": "subscription", "params": {"channel": "book.BTC-23MAY25.none.20.100ms", "data": {"timestamp": 1747323384262, "change_id": 101005178821, "instrument_name": "BTC-23MAY25", "bids": [[102845.0, 13500.0], [102842.5, 6000.0], [102837.5, 5970.0], [102817.5, 9680.0], [102815.0, 6020.0], [102810.0, 5000.0], [102802.5, 5960.0], [102800.0, 950.0], [102797.5, 3280.0], [102787.5, 1790.0], [102785.0, 7470.0], [102780.0, 5000.0], [102775.0, 1770.0], [102772.5, 5890.0], [102770.0, 4850.0], [102767.5, 6180.0], [102765.0, 10000.0], [102760.0, 1830.0], [102757.5, 6130.0], [102747.5, 1770.0]], "asks": [[102847.5, 15680.0], [102850.0, 3900.0], [102852.5, 6500.0], [102855.0, 8290.0], [102857.5, 5970.0], [102860.0, 1950.0], [102862.5, 6500.0], [102867.5, 1770.0], [102870.0, 5890.0], [102872.5, 3000.0], [102875.0, 10000.0], [102880.0, 600.0], [102882.5, 2000.0], [102885.0, 1770.0], [102887.5, 5890.0], [102892.5, 950.0], [102895.0, 3180.0], [102897.5, 1790.0], [102900.0, 5980.0], [102910.0, 1770.0]]}}}
{"jsonrpc": "2.0", "method": "subscription", "params": {"channel": "book.BTC-16MAY25.none.20.100ms", "data": {"timestamp": 1747323384587, "change_id": 101005179615, "instrument_name": "BTC-16MAY25", "bids": [[102852.5, 3400.0], [102850.0, 15470.0], [102847.5, 11900.0], [102845.0, 31450.0], [102842.5, 100400.0], [102840.0, 7720.0], [102827.5, 30170.0], [102825.0, 132840.0], [102822.5, 105170.0], [102805.0, 1330.0], [102802.5, 4730.0], [102800.0, 1000.0], [102797.5, 3330.0], [102790.0, 1910.0], [102785.0, 6380.0], [102772.5, 3830.0], [102770.0, 12780.0], [102767.5, 4150.0], [102765.0, 14370.0], [102757.5, 20.0]], "asks": [[102855.0, 25530.0], [102857.5, 120300.0], [102860.0, 2000.0], [102862.5, 1000.0], [102865.0, 4610.0], [102867.5, 3330.0], [102870.0, 21980.0], [102872.5, 10000.0], [102875.0, 9370.0], [102877.5, 6220.0], [102882.5, 2230.0], [102885.0, 7430.0], [102892.5, 1000.0], [102895.0, 3330.0], [102897.5, 19330.0], [102900.0, 50000.0], [102917.5, 1310.0], [102920.0, 4360.0], [102922.5, 20.0], [102927.5, 7100.0]]}}}
{"jsonrpc": "2.0", "method": "subscription", "params": {"channel": "book.BTC-23MAY25.none.20.100ms", "data": {"timestamp": 1747323384587, "change_id": 101005179613, "instrument_name": "BTC-23MAY25", "bids": [[102845.0, 1000.0], [102832.5, 5970.0], [102817.5, 9680.0], [102815.0, 6020.0], [102810.0, 5000.0], [102802.5, 5960.0], [102800.0, 950.0], [102797.5, 3280.0], [102787.5, 1790.0], [102785.0, 7470.0], [102780.0, 5000.0], [102775.0, 1770.0], [102772.5, 5890.0], [102770.0, 4850.0], [102767.5, 6180.0], [102765.0, 10000.0], [102760.0, 1830.0], [102757.5, 6110.0], [102752.5, 20.0], [102747.5, 1770.0]], "asks": [[102847.5, 12500.0], [102850.0, 7080.0], [102852.5, 6500.0], [102855.0, 10020.0], [102857.5, 12470.0], [102867.5, 1770.0], [102870.0, 5890.0], [102872.5, 3000.0], [102875.0, 10000.0], [102880.0, 600.0], [102882.5, 2000.0], [102885.0, 1770.0], [102887.5, 5890.0], [102892.5, 950.0], [102895.0, 3180.0], [102897.5, 1790.0], [102900.0, 5980.0], [102910.0, 1770.0], [102912.5, 5900.0], [102922.5, 1810.0]]}}}
{"jsonrpc": "2.0", "method": "subscription", "params": {"channel": "book.BTC-16MAY25.none.20.100ms", "data": {"timestamp": 1747323384918, "change_id": 101005180303, "instrument_name": "BTC-16MAY25", "bids": [[102852.5, 3400.0], [102850.0, 11900.0], [102845.0, 31120.0], [102842.5, 100400.0], [102835.0, 1000.0], [102832.5, 3330.0], [102827.5, 30170.0], [102825.0, 132840.0], [102822.5, 105170.0], [102805.0, 1330.0], [102802.5, 4730.0], [102800.0, 1000.0], [102797.5, 3330.0], [102790.0, 1910.0], [102785.0, 6380.0], [102782.5, 3000.0], [102780.0, 10000.0], [102772.5, 3830.0], [102770.0, 12780.0], [102767.5, 1310.0]], "asks": [[102855.0, 25530.0], [102857.5, 122000.0], [102860.0, 4630.0], [102865.0, 4610.0], [102870.0, 21980.0], [102872.5, 10000.0], [102875.0, 9370.0], [102877.5, 6220.0], [102882.5, 2230.0], [102885.0, 7430.0], [102892.5, 1000.0], [102895.0, 3330.0], [102897.5, 19330.0], [102900.0, 50000.0], [102917.5, 1610.0], [102920.0, 4360.0], [102922.5, 20.0], [102927.5, 7100.0], [102930.0, 26400.0], [102932.5, 4430.0]]}}}
{"jsonrpc": "2.0", "method": "subscription", "params": {"channel": "book.BTC-23MAY25.none.20.100ms", "data": {"timestamp": 1747323384903, "change_id": 101005180189, "instrument_name": "BTC-23MAY25", "bids": [[102845.0, 1000.0], [102817.5, 9680.0], [102815.0, 6020.0], [102810.0, 5000.0], [102802.5, 5960.0], [102797.5, 3280.0], [102787.5, 1790.0], [102785.0, 7470.0], [102780.0, 15000.0], [102775.0, 1770.0], [102772.5, 5890.0], [102767.5, 6180.0], [102760.0, 1830.0], [102757.5, 6110.0], [102752.5, 20.0], [102747.5, 1770.0], [102745.0, 5900.0], [102735.0, 7480.0], [102732.5, 24920.0], [102727.5, 1770.0]], "asks": [[102847.5, 12500.0], [102850.0, 7080.0], [102852.5, 6500.0], [102855.0, 10020.0], [102857.5, 12470.0], [102860.0, 950.0], [102862.5, 3180.0], [102867.5, 1770.0], [102870.0, 5890.0], [102872.5, 3000.0], [102875.0, 10000.0], [102880.0, 600.0], [102882.5, 2000.0], [102885.0, 1770.0], [102887.5, 5890.0], [102897.5, 1790.0], [102900.0, 5980.0], [102910.0, 1770.0], [102912.5, 5900.0], [102922.5, 1810.0]]}}}
{"jsonrpc": "2.0", "method": "subscription", "params": {"channel": "book.BTC-16MAY25.none.20.100ms", "data": {"timestamp": 1747323385257, "change_id": 101005181134, "instrument_name": "BTC-16MAY25", "bids": [[102852.5, 3400.0], [102850.0, 11900.0], [102845.0, 30120.0], [102842.5, 100400.0], [102827.5, 30170.0], [102825.0, 132840.0], [102822.5, 105170.0], [102805.0, 1330.0], [102802.5, 4730.0], [102800.0, 1000.0], [102797.5, 3330.0], [102790.0, 1910.0], [102785.0, 6380.0], [102782.5, 3000.0], [102780.0, 10000.0], [102772.5, 3830.0], [102770.0, 12780.0], [102767.5, 1310.0], [102765.0, 4370.0], [102757.5, 20.0]], "asks": [[102855.0, 25530.0], [102857.5, 52000.0], [102860.0, 75190.0], [102865.0, 4610.0], [102870.0, 21980.0], [102872.5, 10000.0], [102875.0, 9370.0], [102877.5, 6220.0], [102882.5, 2230.0], [102885.0, 7430.0], [102892.5, 1000.0], [102895.0, 3330.0], [102897.5, 19330.0], [102900.0, 50000.0], [102917.5, 1610.0], [102920.0, 4360.0], [102922.5, 20.0], [102927.5, 7100.0], [102930.0, 26400.0], [102932.5, 4430.0]]}}}
{"jsonrpc": "2.0", "method": "subscription", "params": {"channel": "book.BTC-23MAY25.none.20.100ms", "data": {"timestamp": 1747323385187, "change_id": 101005181004, "instrument_name": "BTC-23MAY25", "bids": [[102845.0, 1000.0], [102817.5, 6500.0], [102815.0, 6020.0], [102810.0, 5000.0], [102802.5, 5960.0], [102797.5, 100.0], [102787.5, 1790.0], [102785.0, 5960.0], [102782.5, 4500.0], [102780.0, 15000.0], [102775.0, 1770.0], [102772.5, 5890.0], [102767.5, 6180.0], [102765.0, 3180.0], [102760.0, 1830.0], [102757.5, 6110.0], [102752.5, 20.0], [102747.5, 1770.0], [102745.0, 5900.0], [102735.0, 7480.0]], "asks": [[102847.5, 15680.0], [102850.0, 3900.0], [102852.5, 6500.0], [102855.0, 10020.0], [102857.5, 12470.0], [102860.0, 950.0], [102862.5, 3180.0], [102867.5, 1770.0], [102870.0, 5890.0], [102872.5, 3000.0], [102875.0, 10000.0], [102880.0, 600.0], [102882.5, 2000.0], [102885.0, 1770.0], [102887.5, 5890.0], [102897.5, 1790.0], [102900.0, 5980.0], [102910.0, 1770.0], [102912.5, 5900.0], [102922.5, 1810.0]]}}}
{"jsonrpc": "2.0", "method": "subscription", "params": {"channel": "book.BTC-16MAY25.none.20.100ms", "data": {"timestamp": 1747323385559, "change_id": 101005181755, "instrument_name": "BTC-16MAY25", "bids": [[102845.0, 30120.0], [102842.5, 100400.0], [102827.5, 33500.0], [102825.0, 132840.0], [102822.5, 105170.0], [102805.0, 1330.0], [102802.5, 4730.0], [102800.0, 1000.0], [102797.5, 3330.0], [102795.0, 3000.0], [102792.5, 10000.0], [102790.0, 1910.0], [102785.0, 6380.0], [102772.5, 3830.0], [102770.0, 12780.0], [102767.5, 1310.0], [102765.0, 4370.0], [102757.5, 20.0], [102755.0, 1310.0], [102752.5, 4380.0]], "asks": [[102852.5, 19660.0], [102855.0, 21720.0], [102857.5, 52000.0], [102860.0, 70860.0], [102865.0, 4610.0], [102870.0, 21980.0], [102872.5, 10000.0], [102875.0, 9370.0], [102877.5, 6220.0], [102882.5, 2230.0], [102885.0, 7430.0], [102892.5, 1000.0], [102895.0, 3330.0], [102897.5, 19330.0], [102900.0, 50000.0], [102905.0, 300.0], [102917.5, 1310.0], [102920.0, 4360.0], [102922.5, 20.0], [102927.5, 7100.0]]}}}
{"jsonrpc": "2.0", "method": "subscription", "params": {"channel": "book.BTC-23MAY25.none.20.100ms", "data": {"timestamp": 1747323385559, "change_id": 101005181756, "instrument_name": "BTC-23MAY25", "bids": [[102840.0, 1000.0], [102817.5, 6500.0], [102815.0, 6020.0], [102810.0, 5000.0], [102805.0, 3180.0], [102802.5, 5960.0], [102797.5, 100.0], [102792.5, 10000.0], [102787.5, 1790.0], [102785.0, 5960.0], [102780.0, 5000.0], [102775.0, 1770.0], [102772.5, 5890.0], [102767.5, 6180.0], [102765.0, 3180.0], [102760.0, 1830.0], [102757.5, 6110.0], [102752.5, 20.0], [102747.5, 1770.0], [102745.0, 5900.0]], "asks": [[102842.5, 7900.0], [102845.0, 21370.0], [102847.5, 9680.0], [102850.0, 3900.0], [102852.5, 6500.0], [102855.0, 10020.0], [102857.5, 12470.0], [102860.0, 950.0], [102862.5, 3180.0], [102867.5, 1770.0], [102870.0, 5890.0], [102872.5, 3000.0], [102875.0, 10000.0], [102880.0, 600.0], [102882.5, 2000.0], [102885.0, 1770.0], [102887.5, 5890.0], [102897.5, 1790.0], [102900.0, 5980.0], [102910.0, 1770.0]]}}}
{"jsonrpc": "2.0", "method": "subscription", "params": {"channel": "book.BTC-16MAY25.none.20.100ms", "data": {"timestamp": 1747323385803, "change_id": 101005182208, "instrument_name": "BTC-16MAY25", "bids": [[102842.5, 100400.0], [102827.5, 33500.0], [102825.0, 132840.0], [102822.5, 105170.0], [102805.0, 1330.0], [102802.5, 4730.0], [102800.0, 1000.0], [102797.5, 3330.0], [102795.0, 3000.0], [102792.5, 10000.0], [102790.0, 1910.0], [102785.0, 6380.0], [102772.5, 3830.0], [102770.0, 12780.0], [102767.5, 1310.0], [102765.0, 4370.0], [102757.5, 20.0], [102755.0, 1310.0], [102752.5, 4380.0], [102740.0, 1360.0]], "asks": [[102847.5, 4430.0], [102850.0, 17410.0], [102852.5, 20660.0], [102855.0, 52890.0], [102857.5, 52000.0], [102860.0, 70860.0], [102865.0, 2100.0], [102870.0, 11680.0], [102872.5, 10000.0], [102875.0, 9370.0], [102877.5, 6220.0], [102882.5, 2230.0], [102885.0, 7430.0], [102892.5, 1000.0], [102895.0, 3330.0], [102897.5, 19330.0], [102900.0, 50000.0], [102905.0, 300.0], [102917.5, 1310.0], [102920.0, 4360.0]]}}}
{"jsonrpc": "2.0", "method": "subscription", "params": {"channel": "book.BTC-23MAY25.none.20.100ms", "data": {"timestamp": 1747323385858, "change_id": 101005182388, "instrument_name": "BTC-23MAY25", "bids": [[102837.5, 1000.0], [102817.5, 6500.0], [102815.0, 6020.0], [102810.0, 5000.0], [102805.0, 3180.0], [102802.5, 5960.0], [102797.5, 100.0], [102792.5, 10000.0], [102787.5, 1790.0], [102785.0, 5960.0], [102780.0, 5000.0], [102775.0, 1770.0], [102772.5, 5890.0], [102767.5, 6180.0], [102765.0, 3180.0], [102760.0, 1830.0], [102757.5, 6110.0], [102752.5, 20.0], [102747.5, 1770.0], [102745.0, 5900.0]], "asks": [[102840.0, 9180.0], [102842.5, 13590.0], [102845.0, 12470.0], [102847.5, 6500.0], [102850.0, 3900.0], [102852.5, 6500.0], [102855.0, 10020.0], [102857.5, 12470.0], [102860.0, 950.0], [102862.5, 3180.0], [102867.5, 1770.0], [102870.0, 5890.0], [102872.5, 3000.0], [102875.0, 10000.0], [102880.0, 600.0], [102882.5, 2000.0], [102885.0, 1770.0], [102887.5, 5890.0], [102897.5, 1790.0], [102900.0, 5980.0]]}}}
{"jsonrpc": "2.0", "method": "subscription", "params": {"channel": "book.BTC-16MAY25.none.20.100ms", "data": {"timestamp": 1747323386235, "change_id": 101005183355, "instrument_name": "BTC-16MAY25", "bids": [[102852.5, 11900.0], [102850.0, 13230.0], [102845.0, 34550.0], [102842.5, 100400.0], [102840.0, 4390.0], [102837.5, 1000.0], [102835.0, 3330.0], [102827.5, 30170.0], [102825.0, 132840.0], [102822.5, 105170.0], [102805.0, 1330.0], [102802.5, 4730.0], [102800.0, 1000.0], [102797.5, 3330.0], [102792.5, 10000.0], [102790.0, 1910.0], [102785.0, 6380.0], [102772.5, 3830.0], [102770.0, 12780.0], [102767.5, 1310.0]], "asks": [[102855.0, 20720.0], [102857.5, 127330.0], [102862.5, 2000.0], [102865.0, 5430.0], [102870.0, 11680.0], [102872.5, 10000.0], [102875.0, 9370.0], [102877.5, 6220.0], [102882.5, 2230.0], [102885.0, 7430.0], [102895.0, 3330.0], [102897.5, 19330.0], [102900.0, 50000.0], [102905.0, 300.0], [102920.0, 4360.0], [102922.5, 20.0], [102927.5, 7490.0], [102930.0, 24980.0], [102932.5, 4430.0], [102945.0, 14050.0]]}}}
{"jsonrpc": "2.0", "method": "subscription", "params": {"channel": "book.BTC-23MAY25.none.20.100ms", "data": {"timestamp": 1747323386230, "change_id": 101005183330, "instrument_name": "BTC-23MAY25", "bids": [[102840.0, 7500.0], [102827.5, 5940.0], [102820.0, 3180.0], [102817.5, 6500.0], [102815.0, 6020.0], [102810.0, 5000.0], [102802.5, 5960.0], [102797.5, 3280.0], [102795.0, 3000.0], [102792.5, 10000.0], [102787.5, 1790.0], [102785.0, 5960.0], [102780.0, 5000.0], [102775.0, 1770.0], [102772.5, 5890.0], [102767.5, 6180.0], [102760.0, 1830.0], [102757.5, 6110.0], [102752.5, 20.0], [102747.5, 1770.0]], "asks": [[102842.5, 7900.0], [102845.0, 8450.0], [102847.5, 9680.0], [102850.0, 3900.0], [102852.5, 6500.0], [102855.0, 10020.0], [102857.5, 12470.0], [102867.5, 1770.0], [102870.0, 5890.0], [102872.5, 3000.0], [102875.0, 10000.0], [102880.0, 600.0], [102882.5, 2000.0], [102885.0, 1770.0], [102887.5, 5890.0], [102892.5, 950.0], [102895.0, 3180.0], [102897.5, 1790.0], [102900.0, 5980.0], [102910.0, 1770.0]]}}}
{"jsonrpc": "2.0", "method": "subscription", "params": {"channel": "book.BTC-16MAY25.none.20.100ms", "data": {"timestamp": 1747323386460, "change_id": 101005183657, "instrument_name": "BTC-16MAY25", "bids": [[102852.5, 3400.0], [102850.0, 3570.0], [102847.5, 11900.0], [102845.0, 30120.0], [102842.5, 100400.0], [102837.5, 1000.0], [102835.0, 3330.0], [102827.5, 30170.0], [102825.0, 132840.0], [102822.5, 105170.0], [102805.0, 1330.0], [102802.5, 4730.0], [102800.0, 1000.0], [102797.5, 3330.0], [102792.5, 10000.0], [102790.0, 1910.0], [102785.0, 6380.0], [102772.5, 3830.0], [102770.0, 12780.0], [102767.5, 1310.0]], "asks": [[102855.0, 26530.0], [102857.5, 129760.0], [102865.0, 5400.0], [102867.5, 11900.0], [102870.0, 11680.0], [102872.5, 10000.0], [102875.0, 9370.0], [102877.5, 6220.0], [102882.5, 2230.0], [102885.0, 7430.0], [102895.0, 3330.0], [102897.5, 19330.0], [102900.0, 50000.0], [102905.0, 300.0], [102920.0, 4360.0], [102922.5, 20.0], [102927.5, 7490.0], [102930.0, 24980.0], [102932.5, 4430.0], [102945.0, 14050.0]]}}}
{"jsonrpc": "2.0", "method": "subscription", "params": {"channel": "book.BTC-23MAY25.none.20.100ms", "data": {"timestamp": 1747323386570, "change_id": 101005183978, "instrument_name": "BTC-23MAY25", "bids": [[102840.0, 1000.0], [102817.5, 6500.0], [102815.0, 6020.0], [102812.5, 3180.0], [102810.0, 5000.0], [102802.5, 5960.0], [102797.5, 3280.0], [102795.0, 3000.0], [102792.5, 10000.0], [102787.5, 1790.0], [102785.0, 5960.0], [102780.0, 5000.0], [102775.0, 1770.0], [102772.5, 5890.0], [102767.5, 6180.0], [102760.0, 1830.0], [102757.5, 6110.0], [102752.5, 20.0], [102747.5, 1770.0], [102745.0, 5900.0]], "asks": [[102842.5, 13840.0], [102845.0, 8450.0], [102847.5, 9680.0], [102850.0, 3900.0], [102852.5, 6500.0], [102855.0, 10020.0], [102857.5, 12470.0], [102860.0, 950.0], [102862.5, 3180.0], [102867.5, 1770.0], [102870.0, 5890.0], [102872.5, 3000.0], [102875.0, 10000.0], [102880.0, 600.0], [102882.5, 2000.0], [102885.0, 1770.0], [102887.5, 5890.0], [102897.5, 1790.0], [102900.0, 5980.0], [102910.0, 1770.0]]}}}
{"jsonrpc": "2.0", "method": "subscription", "params": {"channel": "book.BTC-16MAY25.none.20.100ms", "data": {"timestamp": 1747323386843, "change_id": 101005184348, "instrument_name": "BTC-16MAY25", "bids": [[102852.5, 3400.0], [102850.0, 3570.0], [102847.5, 11900.0], [102845.0, 30120.0], [102842.5, 100400.0], [102837.5, 1000.0], [102835.0, 3330.0], [102827.5, 30170.0], [102825.0, 132840.0], [102822.5, 105170.0], [102805.0, 11330.0], [102802.5, 4730.0], [102800.0, 1000.0], [102797.5, 3330.0], [102790.0, 1910.0], [102785.0, 6380.0], [102772.5, 3830.0], [102770.0, 12780.0], [102767.5, 1310.0], [102765.0, 4370.0]], "asks": [[102855.0, 25530.0], [102857.5, 130760.0], [102865.0, 5400.0], [102867.5, 11900.0], [102870.0, 11680.0], [102872.5, 10000.0], [102875.0, 9370.0], [102877.5, 6220.0], [102882.5, 2230.0], [102885.0, 7430.0], [102892.5, 300.0], [102895.0, 3330.0], [102897.5, 19330.0], [102900.0, 50000.0], [102920.0, 4360.0], [102922.5, 20.0], [102927.5, 7490.0], [102930.0, 24980.0], [102932.5, 4430.0], [102945.0, 14050.0]]}}}
{"jsonrpc": "2.0", "method": "subscription", "params": {"channel": "book.BTC-23MAY25.none.20.100ms", "data": {"timestamp": 1747323386905, "change_id": 101005184366, "instrument_name": "BTC-23MAY25", "bids": [[102840.0, 1000.0], [102817.5, 6500.0], [102815.0, 6020.0], [102812.5, 3180.0], [102810.0, 5000.0], [102805.0, 10000.0], [102802.5, 5960.0], [102797.5, 3280.0], [102787.5, 1790.0], [102785.0, 5960.0], [102780.0, 5000.0], [102775.0, 1770.0], [102772.5, 5890.0], [102770.0, 6180.0], [102760.0, 1830.0], [102757.5, 6110.0], [102752.5, 20.0], [102747.5, 1770.0], [102745.0, 5900.0], [102735.0, 7480.0]], "asks": [[102842.5, 7900.0], [102845.0, 8450.0], [102847.5, 9680.0], [102850.0, 3900.0], [102852.5, 6500.0], [102855.0, 10020.0], [102857.5, 12470.0], [102860.0, 950.0], [102862.5, 3180.0], [102867.5, 1770.0], [102870.0, 5890.0], [102872.5, 3000.0], [102875.0, 10000.0], [102880.0, 600.0], [102882.5, 2000.0], [102885.0, 1770.0], [102887.5, 5890.0], [102897.5, 1790.0], [102900.0, 5980.0], [102910.0, 1770.0]]}}}
{"jsonrpc": "2.0", "method": "subscription", "params": {"channel": "book.BTC-16MAY25.none.20.100ms", "data": {"timestamp": 1747323387153, "change_id": 101005184768, "instrument_name": "BTC-16MAY25", "bids": [[102852.5, 3400.0], [102850.0, 3570.0], [102847.5, 11900.0], [102845.0, 30120.0], [102842.5, 100400.0], [102837.5, 1000.0], [102835.0, 3330.0], [102827.5, 30170.0], [102825.0, 132840.0], [102822.5, 105170.0], [102807.5, 3000.0], [102805.0, 11330.0], [102802.5, 4730.0], [102800.0, 1000.0], [102797.5, 3330.0], [102790.0, 1910.0], [102785.0, 6380.0], [102780.0, 3830.0], [102777.5, 12780.0], [102767.5, 1310.0]], "asks": [[102855.0, 25530.0], [102857.5, 130760.0], [102865.0, 5400.0], [102867.5, 11900.0], [102870.0, 11680.0], [102872.5, 10000.0], [102875.0, 9370.0], [102877.5, 6220.0], [102882.5, 2230.0], [102885.0, 7430.0], [102892.5, 1300.0], [102895.0, 3330.0], [102897.5, 19330.0], [102900.0, 50000.0], [102920.0, 4360.0], [102922.5, 20.0], [102927.5, 7490.0], [102930.0, 24980.0], [102932.5, 4430.0], [102945.0, 14050.0]]}}}
{"jsonrpc": "2.0", "method": "subscription", "params": {"channel": "book.BTC-23MAY25.none.20.100ms", "data": {"timestamp": 1747323387114, "change_id": 101005184610, "instrument_name": "BTC-23MAY25", "bids": [[102840.0, 1000.0], [102817.5, 6500.0], [102815.0, 6020.0], [102812.5, 3180.0], [102810.0, 5000.0], [102805.0, 10000.0], [102802.5, 5960.0], [102797.5, 3280.0], [102787.5, 1790.0], [102785.0, 5960.0], [102780.0, 5000.0], [102775.0, 1770.0], [102772.5, 5890.0], [102770.0, 6180.0], [102760.0, 1830.0], [102757.5, 6110.0], [102752.5, 20.0], [102747.5, 1770.0], [102745.0, 5900.0], [102735.0, 7480.0]], "asks": [[102842.5, 7900.0], [102845.0, 8450.0], [102847.5, 9680.0], [102850.0, 3900.0], [102852.5, 6500.0], [102855.0, 10020.0], [102857.5, 12470.0], [102860.0, 950.0], [102862.5, 3180.0], [102867.5, 1770.0], [102870.0, 5890.0], [102872.5, 3000.0], [102875.0, 10000.0], [102880.0, 600.0], [102882.5, 2000.0], [102885.0, 1770.0], [102887.5, 5890.0], [102897.5, 1790.0], [102900.0, 5980.0], [102910.0, 1770.0]]}}}
{"jsonrpc": "2.0", "method": "subscription", "params": {"channel": "book.BTC-16MAY25.none.20.100ms", "data": {"timestamp": 1747323387571, "change_id": 101005185254, "instrument_name": "BTC-16MAY25", "bids": [[102852.5, 11900.0], [102850.0, 3570.0], [102847.5, 11900.0], [102845.0, 30120.0], [102842.5, 100400.0], [102840.0, 4390.0], [102837.5, 1000.0], [102835.0, 3330.0], [102827.5, 30170.0], [102825.0, 132840.0], [102822.5, 105170.0], [102807.5, 3000.0], [102805.0, 11330.0], [102802.5, 4730.0], [102800.0, 1000.0], [102797.5, 3330.0], [102790.0, 1910.0], [102785.0, 6380.0], [102780.0, 3830.0], [102777.5, 12780.0]], "asks": [[102855.0, 25530.0], [102857.5, 130760.0], [102865.0, 2100.0], [102870.0, 11680.0], [102872.5, 10000.0], [102875.0, 9370.0], [102877.5, 6220.0], [102880.0, 300.0], [102882.5, 2230.0], [102885.0, 7430.0], [102892.5, 1000.0], [102895.0, 3330.0], [102897.5, 19330.0], [102900.0, 50000.0], [102920.0, 4360.0], [102922.5, 20.0], [102927.5, 7490.0], [102930.0, 24980.0], [102932.5, 4430.0], [102945.0, 14050.0]]}}}
{"jsonrpc": "2.0", "method": "subscription", "params": {"channel": "book.BTC-23MAY25.none.20.100ms", "data": {"timestamp": 1747323387547, "change_id": 101005185217, "instrument_name": "BTC-23MAY25", "bids": [[102840.0, 1000.0], [102817.5, 6500.0], [102815.0, 6020.0], [102812.5, 3180.0], [102810.0, 5000.0], [102805.0, 10000.0], [102802.5, 5960.0], [102797.5, 3280.0], [102787.5, 1790.0], [102785.0, 5960.0], [102780.0, 5000.0], [102775.0, 3400.0], [102772.5, 5890.0], [102770.0, 6180.0], [102760.0, 1830.0], [102757.5, 6110.0], [102750.0, 20.0], [102747.5, 1770.0], [102745.0, 5900.0], [102735.0, 7480.0]], "asks": [[102842.5, 7900.0], [102845.0, 8450.0], [102847.5, 9680.0], [102850.0, 3900.0], [102852.5, 6500.0], [102855.0, 10020.0], [102857.5, 12470.0], [102860.0, 950.0], [102862.5, 3180.0], [102867.5, 1770.0], [102870.0, 5890.0], [102872.5, 3000.0], [102875.0, 10000.0], [102880.0, 600.0], [102882.5, 2000.0], [102885.0, 1770.0], [102887.5, 5890.0], [102897.5, 1790.0], [102900.0, 5980.0], [102910.0, 1770.0]]}}}
{"jsonrpc": "2.0", "method": "subscription", "params": {"channel": "book.BTC-16MAY25.none.20.100ms", "data": {"timestamp": 1747323387865, "change_id": 101005185745, "instrument_name": "BTC-16MAY25", "bids": [[102852.5, 11900.0], [102850.0, 3570.0], [102847.5, 11900.0], [102845.0, 30120.0], [102842.5, 100400.0], [102840.0, 4390.0], [102837.5, 1000.0], [102835.0, 3330.0], [102827.5, 30170.0], [102825.0, 132840.0], [102822.5, 105170.0], [102807.5, 3000.0], [102805.0, 11330.0], [102802.5, 4730.0], [102800.0, 1000.0], [102797.5, 3330.0], [102790.0, 1910.0], [102785.0, 6380.0], [102780.0, 3830.0], [102777.5, 12780.0]], "asks": [[102855.0, 27530.0], [102857.5, 124330.0], [102865.0, 2100.0], [102870.0, 11680.0], [102872.5, 10000.0], [102875.0, 9370.0], [102877.5, 6220.0], [102880.0, 300.0], [102882.5, 2230.0], [102885.0, 7430.0], [102892.5, 1000.0], [102895.0, 3330.0], [102897.5, 19330.0], [102900.0, 50000.0], [102920.0, 4360.0], [102922.5, 20.0], [102927.5, 7490.0], [102930.0, 24980.0], [102932.5, 4430.0], [102945.0, 14050.0]]}}}
{"jsonrpc": "2.0", "method": "subscription", "params": {"channel": "book.BTC-23MAY25.none.20.100ms", "data": {"timestamp": 1747323387860, "change_id": 101005185738, "instrument_name": "BTC-23MAY25", "bids": [[102840.0, 7000.0], [102817.5, 6500.0], [102815.0, 6020.0], [102812.5, 3180.0], [102810.0, 5000.0], [102805.0, 10000.0], [102802.5, 5960.0], [102797.5, 3280.0], [102787.5, 1790.0], [102785.0, 5960.0], [102780.0, 5000.0], [102775.0, 3400.0], [102772.5, 5890.0], [102770.0, 6180.0], [102760.0, 1830.0], [102757.5, 6110.0], [102750.0, 20.0], [102747.5, 1770.0], [102745.0, 5900.0], [102735.0, 7480.0]], "asks": [[102842.5, 7900.0], [102845.0, 8450.0], [102847.5, 9680.0], [102850.0, 3900.0], [102852.5, 6500.0], [102855.0, 10020.0], [102857.5, 12470.0], [102860.0, 950.0], [102862.5, 3180.0], [102867.5, 1770.0], [102870.0, 5890.0], [102872.5, 3000.0], [102875.0, 10000.0], [102880.0, 600.0], [102882.5, 2000.0], [102885.0, 1770.0], [102887.5, 5890.0], [102897.5, 1790.0], [102900.0, 5980.0], [102910.0, 1770.0]]}}}
{"jsonrpc": "2.0", "method": "subscription", "params": {"channel": "book.BTC-16MAY25.none.20.100ms", "data": {"timestamp": 1747323388141, "change_id": 101005186195, "instrument_name": "BTC-16MAY25", "bids": [[102852.5, 16330.0], [102850.0, 3570.0], [102847.5, 11900.0], [102845.0, 30120.0], [102842.5, 100400.0], [102840.0, 4390.0], [102837.5, 1000.0], [102835.0, 3330.0], [102827.5, 30170.0], [102825.0, 132840.0], [102822.5, 105170.0], [102807.5, 3000.0], [102805.0, 11330.0], [102802.5, 4730.0], [102800.0, 1000.0], [102797.5, 3330.0], [102790.0, 1910.0], [102785.0, 6380.0], [102780.0, 3830.0], [102777.5, 12780.0]], "asks": [[102855.0, 4810.0], [102857.5, 109140.0], [102860.0, 21000.0], [102865.0, 5430.0], [102870.0, 11680.0], [102872.5, 10000.0], [102875.0, 9370.0], [102877.5, 6220.0], [102880.0, 300.0], [102882.5, 2230.0], [102885.0, 7430.0], [102892.5, 1000.0], [102895.0, 3330.0], [102897.5, 19330.0], [102900.0, 50000.0], [102920.0, 4360.0], [102922.5, 20.0], [102927.5, 7490.0], [102930.0, 24980.0], [102932.5, 4430.0]]}}}
{"jsonrpc": "2.0", "method": "subscription", "params": {"channel": "book.BTC-23MAY25.none.20.100ms", "data": {"timestamp": 1747323388138, "change_id": 101005186119, "instrument_name": "BTC-23MAY25", "bids": [[102840.0, 7000.0], [102817.5, 6500.0], [102815.0, 6020.0], [102812.5, 3180.0], [102810.0, 5000.0], [102805.0, 11790.0], [102802.5, 5960.0], [102797.5, 3280.0], [102787.5, 1790.0], [102785.0, 5960.0], [102780.0, 5000.0], [102775.0, 3400.0], [102772.5, 5890.0], [102770.0, 6180.0], [102760.0, 1830.0], [102757.5, 6110.0], [102750.0, 20.0], [102747.5, 1770.0], [102745.0, 5900.0], [102735.0, 7480.0]], "asks": [[102842.5, 1900.0], [102845.0, 8450.0], [102847.5, 9680.0], [102850.0, 3900.0], [102852.5, 6500.0], [102855.0, 10020.0], [102857.5, 12470.0], [102860.0, 950.0], [102862.5, 3180.0], [102867.5, 1770.0], [102870.0, 5890.0], [102872.5, 3000.0], [102875.0, 10000.0], [102880.0, 600.0], [102882.5, 2000.0], [102885.0, 1770.0], [102887.5, 5890.0], [102897.5, 1790.0], [102900.0, 5980.0], [102910.0, 1770.0]]}}}
{"jsonrpc": "2.0", "method": "subscription", "params": {"channel": "book.BTC-16MAY25.none.20.100ms", "data": {"timestamp": 1747323388537, "change_id": 101005187185, "instrument_name": "BTC-16MAY25", "bids": [[102852.5, 16330.0], [102850.0, 9690.0], [102847.5, 11900.0], [102845.0, 40920.0], [102842.5, 100400.0], [102840.0, 4390.0], [102837.5, 1000.0], [102835.0, 3330.0], [102827.5, 30170.0], [102825.0, 132840.0], [102822.5, 105170.0], [102820.0, 3000.0], [102817.5, 10000.0], [102815.0, 300.0], [102805.0, 1330.0], [102802.5, 4430.0], [102800.0, 1000.0], [102797.5, 3330.0], [102790.0, 1910.0], [102785.0, 6380.0]], "asks": [[102855.0, 4810.0], [102857.5, 101270.0], [102860.0, 23280.0], [102862.5, 300.0], [102867.5, 1330.0], [102870.0, 13660.0], [102872.5, 13330.0], [102875.0, 21270.0], [102877.5, 6220.0], [102882.5, 2230.0], [102885.0, 7430.0], [102892.5, 1000.0], [102895.0, 3330.0], [102897.5, 19330.0], [102900.0, 50000.0], [102920.0, 4360.0], [102922.5, 20.0], [102927.5, 7490.0], [102930.0, 26310.0], [102932.5, 4430.0]]}}}
{"jsonrpc": "2.0", "method": "subscription", "params": {"channel": "book.BTC-23MAY25.none.20.100ms", "data": {"timestamp": 1747323388518, "change_id": 101005187037, "instrument_name": "BTC-23MAY25", "bids": [[102840.0, 19440.0], [102830.0, 6500.0], [102827.5, 9120.0], [102817.5, 16500.0], [102815.0, 6020.0], [102810.0, 5000.0], [102805.0, 1790.0], [102802.5, 5960.0], [102800.0, 980.0], [102797.5, 3280.0], [102787.5, 1790.0], [102785.0, 5960.0], [102780.0, 5000.0], [102775.0, 3400.0], [102772.5, 5890.0], [102770.0, 6180.0], [102760.0, 1830.0], [102757.5, 6110.0], [102750.0, 20.0], [102747.5, 1770.0]], "asks": [[102842.5, 6500.0], [102845.0, 1950.0], [102847.5, 6500.0], [102852.5, 1050.0], [102855.0, 3180.0], [102867.5, 1770.0], [102870.0, 5890.0], [102875.0, 10000.0], [102880.0, 600.0], [102882.5, 2000.0], [102885.0, 1770.0], [102887.5, 5890.0], [102895.0, 3180.0], [102897.5, 1790.0], [102900.0, 5980.0], [102910.0, 1770.0], [102912.5, 5900.0], [102922.5, 1810.0], [102925.0, 6910.0], [102935.0, 1830.0]]}}}
{"jsonrpc": "2.0", "method": "subscription", "params": {"channel": "book.BTC-16MAY25.none.20.100ms", "data": {"timestamp": 1747323388845, "change_id": 101005187757, "instrument_name": "BTC-16MAY25", "bids": [[102852.5, 16330.0], [102850.0, 6900.0], [102847.5, 11900.0], [102845.0, 30120.0], [102842.5, 100400.0], [102840.0, 4390.0], [102837.5, 1000.0], [102835.0, 3330.0], [102827.5, 30170.0], [102825.0, 132840.0], [102822.5, 105170.0], [102820.0, 3000.0], [102817.5, 10000.0], [102815.0, 300.0], [102805.0, 1330.0], [102802.5, 4430.0], [102800.0, 1000.0], [102797.5, 3330.0], [102790.0, 1910.0], [102785.0, 6380.0]], "asks": [[102855.0, 4810.0], [102857.5, 122340.0], [102860.0, 3280.0], [102862.5, 300.0], [102867.5, 1330.0], [102870.0, 13660.0], [102872.5, 13330.0], [102875.0, 21270.0], [102877.5, 6220.0], [102882.5, 2230.0], [102885.0, 7430.0], [102892.5, 1000.0], [102895.0, 3330.0], [102897.5, 19330.0], [102900.0, 50000.0], [102920.0, 4360.0], [102922.5, 20.0], [102927.5, 7490.0], [102930.0, 26310.0], [102932.5, 4430.0]]}}}
{"jsonrpc": "2.0", "method": "subscription", "params": {"channel": "book.BTC-23MAY25.none.20.100ms", "data": {"timestamp": 1747323388671, "change_id": 101005187437, "instrument_name": "BTC-23MAY25", "bids": [[102840.0, 13500.0], [102830.0, 6500.0], [102827.5, 9120.0], [102817.5, 16500.0], [102815.0, 6020.0], [102810.0, 5000.0], [102805.0, 1790.0], [102802.5, 5960.0], [102800.0, 980.0], [102797.5, 3280.0], [102787.5, 1790.0], [102785.0, 5960.0], [102780.0, 5000.0], [102775.0, 3400.0], [102772.5, 5890.0], [102770.0, 6180.0], [102760.0, 1830.0], [102757.5, 6110.0], [102750.0, 20.0], [102747.5, 1770.0]], "asks": [[102842.5, 6500.0], [102845.0, 1950.0], [102847.5, 6500.0], [102852.5, 1050.0], [102855.0, 3180.0], [102867.5, 1770.0], [102870.0, 5890.0], [102875.0, 10000.0], [102880.0, 600.0], [102882.5, 2000.0], [102885.0, 1770.0], [102887.5, 5890.0], [102895.0, 3180.0], [102897.5, 1790.0], [102900.0, 5980.0], [102910.0, 1770.0], [102912.5, 5900.0], [102922.5, 1810.0], [102925.0, 6910.0], [102935.0, 1830.0]]}}}
{"jsonrpc": "2.0", "method": "subscription", "params": {"channel": "book.BTC-16MAY25.none.20.100ms", "data": {"timestamp": 1747323389148, "change_id": 101005188138, "instrument_name": "BTC-16MAY25", "bids": [[102852.5, 16330.0], [102850.0, 6900.0], [102847.5, 11900.0], [102845.0, 30120.0], [102842.5, 100400.0], [102840.0, 4390.0], [102837.5, 1000.0], [102835.0, 3330.0], [102827.5, 30170.0], [102825.0, 132840.0], [102822.5, 105170.0], [102820.0, 3000.0], [102817.5, 10000.0], [102815.0, 300.0], [102805.0, 1330.0], [102802.5, 4430.0], [102800.0, 1000.0], [102797.5, 3330.0], [102790.0, 1910.0], [102785.0, 6380.0]], "asks": [[102855.0, 4810.0], [102857.5, 51270.0], [102860.0, 15920.0], [102862.5, 70300.0], [102867.5, 1330.0], [102870.0, 13660.0], [102872.5, 13330.0], [102875.0, 21270.0], [102877.5, 6220.0], [102882.5, 2230.0], [102885.0, 7430.0], [102892.5, 1000.0], [102895.0, 3330.0], [102897.5, 19330.0], [102900.0, 50000.0], [102920.0, 4360.0], [102922.5, 20.0], [102927.5, 7490.0], [102930.0, 26310.0], [102932.5, 4430.0]]}}}
{"jsonrpc": "2.0", "method": "subscription", "params": {"channel": "book.BTC-16MAY25.none.20.100ms", "data": {"timestamp": 1747323389466, "change_id": 101005188384, "instrument_name": "BTC-16MAY25", "bids": [[102852.5, 16330.0], [102850.0, 6900.0], [102847.5, 11900.0], [102845.0, 34020.0], [102842.5, 100400.0], [102840.0, 4390.0], [102837.5, 1000.0], [102835.0, 3330.0], [102827.5, 30170.0], [102825.0, 132840.0], [102822.5, 105170.0], [102820.0, 3000.0], [102817.5, 10000.0], [102815.0, 300.0], [102805.0, 1330.0], [102802.5, 4430.0], [102800.0, 1000.0], [102797.5, 3330.0], [102790.0, 1910.0], [102785.0, 6380.0]], "asks": [[102855.0, 16710.0], [102857.5, 51270.0], [102860.0, 22790.0], [102862.5, 70300.0], [102867.5, 1330.0], [102870.0, 13660.0], [102872.5, 13330.0], [102875.0, 21270.0], [102877.5, 6220.0], [102882.5, 2230.0], [102885.0, 7430.0], [102892.5, 1000.0], [102895.0, 3330.0], [102897.5, 19330.0], [102900.0, 50000.0], [102917.5, 1310.0], [102920.0, 4360.0], [102922.5, 20.0], [102927.5, 7490.0], [102930.0, 26310.0]]}}}
{"jsonrpc": "2.0", "method": "subscription", "params": {"channel": "book.BTC-23MAY25.none.20.100ms", "data": {"timestamp": 1747323389460, "change_id": 101005188380, "instrument_name": "BTC-23MAY25", "bids": [[102840.0, 13500.0], [102830.0, 6500.0], [102827.5, 5940.0], [102822.5, 3900.0], [102820.0, 3180.0], [102817.5, 16500.0], [102815.0, 6020.0], [102810.0, 5000.0], [102805.0, 1790.0], [102802.5, 5960.0], [102800.0, 980.0], [102797.5, 3280.0], [102787.5, 1790.0], [102785.0, 5960.0], [102782.5, 1500.0], [102780.0, 5000.0], [102775.0, 3400.0], [102772.5, 5890.0], [102770.0, 6180.0], [102760.0, 1830.0]], "asks": [[102842.5, 6500.0], [102852.5, 1050.0], [102855.0, 3180.0], [102867.5, 1770.0], [102870.0, 5890.0], [102875.0, 10000.0], [102880.0, 600.0], [102882.5, 2000.0], [102885.0, 1770.0], [102887.5, 5890.0], [102895.0, 3180.0], [102897.5, 1790.0], [102900.0, 5980.0], [102910.0, 1770.0], [102912.5, 5900.0], [102922.5, 1810.0], [102925.0, 6910.0], [102935.0, 1830.0], [102937.5, 6090.0], [102947.5, 1840.0]]}}}
{"jsonrpc": "2.0", "method": "subscription", "params": {"channel": "book.BTC-16MAY25.none.20.100ms", "data": {"timestamp": 1747323389806, "change_id": 101005188877, "instrument_name": "BTC-16MAY25", "bids": [[102852.5, 16330.0], [102850.0, 6900.0], [102847.5, 11900.0], [102845.0, 34020.0], [102842.5, 100400.0], [102840.0, 4390.0], [102837.5, 1000.0], [102835.0, 3330.0], [102827.5, 30170.0], [102825.0, 132840.0], [102822.5, 105170.0], [102820.0, 3000.0], [102817.5, 10000.0], [102815.0, 300.0], [102805.0, 1330.0], [102802.5, 4430.0], [102800.0, 1000.0], [102797.5, 3330.0], [102790.0, 1910.0], [102785.0, 6380.0]], "asks": [[102855.0, 16710.0], [102857.5, 51270.0], [102860.0, 22790.0], [102862.5, 70300.0], [102867.5, 1330.0], [102870.0, 13660.0], [102872.5, 13330.0], [102875.0, 21270.0], [102877.5, 6220.0], [102882.5, 2230.0], [102885.0, 7430.0], [102892.5, 1000.0], [102895.0, 3330.0], [102897.5, 19330.0], [102900.0, 50000.0], [102917.5, 1310.0], [102920.0, 4360.0], [102922.5, 20.0], [102927.5, 7490.0], [102930.0, 26310.0]]}}}
{"jsonrpc": "2.0", "method": "subscription", "params": {"channel": "book.BTC-23MAY25.none.20.100ms", "data": {"timestamp": 1747323389635, "change_id": 101005188736, "instrument_name": "BTC-23MAY25", "bids": [[102840.0, 13500.0], [102830.0, 6500.0], [102827.5, 5940.0], [102822.5, 3900.0], [102820.0, 3180.0], [102817.5, 16500.0], [102815.0, 6020.0], [102810.0, 5000.0], [102805.0, 1790.0], [102802.5, 5960.0], [102800.0, 980.0], [102797.5, 3280.0], [102787.5, 1790.0], [102785.0, 5960.0], [102782.5, 1500.0], [102780.0, 5000.0], [102775.0, 3400.0], [102772.5, 5890.0], [102770.0, 6180.0], [102760.0, 1830.0]], "asks": [[102842.5, 6500.0], [102852.5, 1050.0], [102855.0, 3180.0], [102867.5, 1770.0], [102870.0, 5890.0], [102875.0, 10000.0], [102880.0, 600.0], [102882.5, 2000.0], [102885.0, 1770.0], [102887.5, 5890.0], [102895.0, 3180.0], [102897.5, 1790.0], [102900.0, 5980.0], [102910.0, 1770.0], [102912.5, 5900.0], [102922.5, 1810.0], [102925.0, 6910.0], [102935.0, 1830.0], [102937.5, 6090.0], [102947.5, 1840.0]]}}}
{"jsonrpc": "2.0", "method": "subscription", "params": {"channel": "book.BTC-16MAY25.none.20.100ms", "data": {"timestamp": 1747323390214, "change_id": 101005189512, "instrument_name": "BTC-16MAY25", "bids": [[102852.5, 112050.0], [102850.0, 137660.0], [102847.5, 112040.0], [102845.0, 5220.0], [102840.0, 4390.0], [102837.5, 1000.0], [102835.0, 3330.0], [102822.5, 4450.0], [102820.0, 3000.0], [102817.5, 10000.0], [102815.0, 300.0], [102805.0, 1330.0], [102802.5, 4430.0], [102800.0, 1000.0], [102797.5, 3330.0], [102790.0, 5510.0], [102785.0, 19160.0], [102767.5, 1310.0], [102765.0, 4370.0], [102757.5, 20.0]], "asks": [[102855.0, 16710.0], [102857.5, 53270.0], [102860.0, 20790.0], [102862.5, 70300.0], [102867.5, 1330.0], [102870.0, 13660.0], [102872.5, 13330.0], [102875.0, 21270.0], [102877.5, 6220.0], [102882.5, 2230.0], [102885.0, 7430.0], [102892.5, 1000.0], [102895.0, 3330.0], [102897.5, 19330.0], [102900.0, 50000.0], [102917.5, 1310.0], [102920.0, 4360.0], [102922.5, 20.0], [102927.5, 7490.0], [102930.0, 26310.0]]}}}
{"jsonrpc": "2.0", "method": "subscription", "params": {"channel": "book.BTC-23MAY25.none.20.100ms", "data": {"timestamp": 1747323390176, "change_id": 101005189497, "instrument_name": "BTC-23MAY25", "bids": [[102840.0, 13500.0], [102830.0, 6500.0], [102827.5, 5940.0], [102822.5, 3900.0], [102820.0, 3180.0], [102817.5, 16500.0], [102815.0, 6020.0], [102810.0, 5100.0], [102805.0, 1790.0], [102802.5, 5960.0], [102800.0, 980.0], [102797.5, 3180.0], [102787.5, 1790.0], [102785.0, 5960.0], [102782.5, 1500.0], [102780.0, 5000.0], [102777.5, 6180.0], [102775.0, 1770.0], [102772.5, 5890.0], [102760.0, 1830.0]], "asks": [[102842.5, 12500.0], [102852.5, 1050.0], [102855.0, 3180.0], [102867.5, 1770.0], [102870.0, 5890.0], [102875.0, 10000.0], [102880.0, 600.0], [102882.5, 2000.0], [102885.0, 1770.0], [102887.5, 5890.0], [102895.0, 3180.0], [102897.5, 1790.0], [102900.0, 5980.0], [102910.0, 1770.0], [102912.5, 5900.0], [102922.5, 1810.0], [102925.0, 6910.0], [102935.0, 1830.0], [102937.5, 6090.0], [102947.5, 1840.0]]}}}
{"jsonrpc": "2.0", "method": "subscription", "params": {"channel": "book.BTC-16MAY25.none.20.100ms", "data": {"timestamp": 1747323390551, "change_id": 101005190210, "instrument_name": "BTC-16MAY25", "bids": [[102852.5, 103550.0], [102850.0, 99990.0], [102847.5, 100140.0], [102845.0, 1320.0], [102840.0, 4390.0], [102825.0, 1340.0], [102822.5, 4450.0], [102820.0, 3000.0], [102817.5, 10000.0], [102815.0, 300.0], [102805.0, 1330.0], [102802.5, 4430.0], [102800.0, 1000.0], [102797.5, 3330.0], [102790.0, 5510.0], [102785.0, 19160.0], [102767.5, 1310.0], [102765.0, 4370.0], [102757.5, 20.0], [102755.0, 1310.0]], "asks": [[102855.0, 27530.0], [102857.5, 56470.0], [102860.0, 22370.0], [102862.5, 70300.0], [102867.5, 1330.0], [102870.0, 13660.0], [102872.5, 13330.0], [102875.0, 21270.0], [102877.5, 6220.0], [102882.5, 2230.0], [102885.0, 7430.0], [102892.5, 1000.0], [102895.0, 3330.0], [102897.5, 19330.0], [102900.0, 50000.0], [102917.5, 1310.0], [102920.0, 4360.0], [102922.5, 20.0], [102927.5, 7490.0], [102930.0, 26310.0]]}}}
{"jsonrpc": "2.0", "method": "subscription", "params": {"channel": "book.BTC-23MAY25.none.20.100ms", "data": {"timestamp": 1747323390551, "change_id": 101005190208, "instrument_name": "BTC-23MAY25", "bids": [[102840.0, 1000.0], [102830.0, 6500.0], [102827.5, 5940.0], [102822.5, 3900.0], [102817.5, 10000.0], [102815.0, 6020.0], [102810.0, 5100.0], [102802.5, 5960.0], [102800.0, 980.0], [102797.5, 3180.0], [102787.5, 1790.0], [102785.0, 5960.0], [102782.5, 1500.0], [102780.0, 6850.0], [102777.5, 6180.0], [102775.0, 1770.0], [102772.5, 5890.0], [102760.0, 1830.0], [102757.5, 6110.0], [102750.0, 20.0]], "asks": [[102842.5, 12500.0], [102845.0, 950.0], [102847.5, 3180.0], [102852.5, 1880.0], [102855.0, 5940.0], [102860.0, 950.0], [102862.5, 3180.0], [102867.5, 1770.0], [102870.0, 5890.0], [102872.5, 3000.0], [102875.0, 10000.0], [102880.0, 600.0], [102882.5, 2000.0], [102885.0, 1770.0], [102887.5, 5890.0], [102897.5, 1790.0], [102900.0, 5980.0], [102910.0, 1770.0], [102912.5, 5900.0], [102922.5, 1810.0]]}}}
{"jsonrpc": "2.0", "method": "subscription", "params": {"channel": "book.BTC-16MAY25.none.20.100ms", "data": {"timestamp": 1747323390867, "change_id": 101005190800, "instrument_name": "BTC-16MAY25", "bids": [[102852.5, 107980.0], [102850.0, 130030.0], [102847.5, 100140.0], [102845.0, 2150.0], [102842.5, 3330.0], [102840.0, 4390.0], [102825.0, 1340.0], [102822.5, 4450.0], [102820.0, 3000.0], [102817.5, 10000.0], [102815.0, 300.0], [102805.0, 1330.0], [102802.5, 4430.0], [102800.0, 1000.0], [102797.5, 3330.0], [102790.0, 5510.0], [102785.0, 19160.0], [102767.5, 1310.0], [102765.0, 4370.0], [102757.5, 20.0]], "asks": [[102855.0, 4810.0], [102857.5, 51270.0], [102860.0, 1280.0], [102862.5, 70300.0], [102867.5, 3330.0], [102870.0, 13660.0], [102872.5, 13330.0], [102875.0, 21270.0], [102877.5, 6220.0], [102882.5, 2230.0], [102885.0, 7430.0], [102892.5, 1000.0], [102895.0, 3330.0], [102897.5, 19330.0], [102900.0, 50000.0], [102917.5, 1310.0], [102920.0, 4360.0], [102922.5, 20.0], [102927.5, 7490.0], [102930.0, 26310.0]]}}}
{"jsonrpc": "2.0", "method": "subscription", "params": {"channel": "book.BTC-23MAY25.none.20.100ms", "data": {"timestamp": 1747323390838, "change_id": 101005190671, "instrument_name": "BTC-23MAY25", "bids": [[102840.0, 7000.0], [102830.0, 6500.0], [102827.5, 5940.0], [102822.5, 3900.0], [102817.5, 10000.0], [102815.0, 6020.0], [102812.5, 3180.0], [102810.0, 5100.0], [102802.5, 5960.0], [102800.0, 980.0], [102797.5, 3180.0], [102787.5, 1790.0], [102785.0, 5960.0], [102782.5, 1500.0], [102780.0, 6850.0], [102777.5, 6180.0], [102775.0, 1770.0], [102772.5, 5890.0], [102760.0, 1830.0], [102757.5, 6110.0]], "asks": [[102842.5, 6500.0], [102847.5, 3180.0], [102852.5, 1880.0], [102855.0, 5940.0], [102860.0, 950.0], [102862.5, 3180.0], [102867.5, 1770.0], [102870.0, 5890.0], [102872.5, 3000.0], [102875.0, 10000.0], [102880.0, 600.0], [102882.5, 2000.0], [102885.0, 1770.0], [102887.5, 5890.0], [102897.5, 1790.0], [102900.0, 5980.0], [102910.0, 1770.0], [102912.5, 5900.0], [102922.5, 1810.0], [102925.0, 6910.0]]}}}
{"jsonrpc": "2.0", "method": "subscription", "params": {"channel": "book.BTC-16MAY25.none.20.100ms", "data": {"timestamp": 1747323391115, "change_id": 101005191241, "instrument_name": "BTC-16MAY25", "bids": [[102852.5, 103550.0], [102850.0, 130030.0], [102847.5, 100140.0], [102845.0, 1320.0], [102840.0, 4390.0], [102825.0, 1340.0], [102822.5, 4450.0], [102820.0, 3000.0], [102817.5, 10000.0], [102815.0, 300.0], [102805.0, 1330.0], [102802.5, 4430.0], [102800.0, 1000.0], [102797.5, 3330.0], [102790.0, 5510.0], [102785.0, 19160.0], [102767.5, 1310.0], [102765.0, 4370.0], [102757.5, 20.0], [102755.0, 1310.0]], "asks": [[102855.0, 4810.0], [102857.5, 51270.0], [102860.0, 24970.0], [102862.5, 70300.0], [102867.5, 1330.0], [102870.0, 13660.0], [102872.5, 13330.0], [102875.0, 21270.0], [102877.5, 6220.0], [102882.5, 2230.0], [102885.0, 7430.0], [102892.5, 1000.0], [102895.0, 3330.0], [102897.5, 19330.0], [102900.0, 50000.0], [102917.5, 1310.0], [102920.0, 4360.0], [102922.5, 20.0], [102927.5, 7490.0], [102930.0, 26310.0]]}}}
{"jsonrpc": "2.0", "method": "subscription", "params": {"channel": "book.BTC-23MAY25.none.20.100ms", "data": {"timestamp": 1747323391090, "change_id": 101005191212, "instrument_name": "BTC-23MAY25", "bids": [[102840.0, 7000.0], [102830.0, 6500.0], [102827.5, 5940.0], [102822.5, 3900.0], [102817.5, 10000.0], [102815.0, 6020.0], [102810.0, 5100.0], [102802.5, 5960.0], [102800.0, 980.0], [102797.5, 3180.0], [102787.5, 1790.0], [102785.0, 5960.0], [102782.5, 1500.0], [102780.0, 6850.0], [102777.5, 6180.0], [102775.0, 1770.0], [102772.5, 5890.0], [102760.0, 1830.0], [102757.5, 6110.0], [102750.0, 20.0]], "asks": [[102842.5, 12500.0], [102845.0, 950.0], [102847.5, 3180.0], [102852.5, 1880.0], [102855.0, 5940.0], [102860.0, 950.0], [102862.5, 3180.0], [102867.5, 1770.0], [102870.0, 5890.0], [102872.5, 3000.0], [102875.0, 10000.0], [102880.0, 600.0], [102882.5, 2000.0], [102885.0, 1770.0], [102887.5, 5890.0], [102897.5, 1790.0], [102900.0, 5980.0], [102910.0, 1770.0], [102912.5, 5900.0], [102922.5, 1810.0]]}}}
{"jsonrpc": "2.0", "method": "subscription", "params": {"channel": "book.BTC-23MAY25.none.20.100ms", "data": {"timestamp": 1747323391540, "change_id": 101005191766, "instrument_name": "BTC-23MAY25", "bids": [[102840.0, 13500.0], [102830.0, 6500.0], [102827.5, 5940.0], [102820.0, 3200.0], [102817.5, 13180.0], [102815.0, 6020.0], [102810.0, 5100.0], [102805.0, 1790.0], [102802.5, 5960.0], [102800.0, 980.0], [102797.5, 3180.0], [102787.5, 1790.0], [102785.0, 5960.0], [102782.5, 1500.0], [102780.0, 6850.0], [102777.5, 6180.0], [102775.0, 1770.0], [102772.5, 5890.0], [102760.0, 1830.0], [102757.5, 6110.0]], "asks": [[102842.5, 6500.0], [102845.0, 950.0], [102847.5, 3180.0], [102852.5, 1880.0], [102855.0, 5940.0], [102860.0, 950.0], [102862.5, 3180.0], [102867.5, 1770.0], [102870.0, 5890.0], [102872.5, 3000.0], [102875.0, 10000.0], [102880.0, 600.0], [102882.5, 2000.0], [102885.0, 1770.0], [102887.5, 5890.0], [102897.5, 1790.0], [102900.0, 5980.0], [102910.0, 1770.0], [102912.5, 5900.0], [102922.5, 1810.0]]}}}
{"jsonrpc": "2.0", "method": "subscription", "params": {"channel": "book.BTC-16MAY25.none.20.100ms", "data": {"timestamp": 1747323391401, "change_id": 101005191519, "instrument_name": "BTC-16MAY25", "bids": [[102852.5, 107980.0], [102850.0, 130030.0], [102847.5, 100140.0], [102845.0, 4650.0], [102840.0, 4390.0], [102825.0, 1340.0], [102822.5, 4450.0], [102820.0, 3000.0], [102817.5, 10000.0], [102815.0, 300.0], [102805.0, 1330.0], [102802.5, 4430.0], [102800.0, 1000.0], [102797.5, 3330.0], [102790.0, 5510.0], [102785.0, 19160.0], [102767.5, 1310.0], [102765.0, 4370.0], [102757.5, 20.0], [102755.0, 1310.0]], "asks": [[102855.0, 16710.0], [102857.5, 51270.0], [102860.0, 24970.0], [102862.5, 70300.0], [102867.5, 1330.0], [102870.0, 13660.0], [102872.5, 13330.0], [102875.0, 21270.0], [102877.5, 6220.0], [102882.5, 2230.0], [102885.0, 7430.0], [102892.5, 1000.0], [102895.0, 3330.0], [102897.5, 19330.0], [102900.0, 50000.0], [102917.5, 1310.0], [102920.0, 4360.0], [102922.5, 20.0], [102927.5, 7490.0], [102930.0, 26310.0]]}}}
{"jsonrpc": "2.0", "method": "subscription", "params": {"channel": "book.BTC-16MAY25.none.20.100ms", "data": {"timestamp": 1747323391871, "change_id": 101005192195, "instrument_name": "BTC-16MAY25", "bids": [[102852.5, 103550.0], [102850.0, 130030.0], [102847.5, 100140.0], [102845.0, 4650.0], [102840.0, 4390.0], [102825.0, 1340.0], [102822.5, 4450.0], [102820.0, 3000.0], [102817.5, 10000.0], [102815.0, 300.0], [102805.0, 1330.0], [102802.5, 4430.0], [102800.0, 1000.0], [102797.5, 3330.0], [102790.0, 5510.0], [102785.0, 19160.0], [102767.5, 1310.0], [102765.0, 4370.0], [102757.5, 20.0], [102755.0, 1310.0]], "asks": [[102855.0, 18710.0], [102857.5, 51270.0], [102860.0, 22970.0], [102862.5, 70300.0], [102867.5, 1330.0], [102870.0, 13660.0], [102872.5, 13330.0], [102875.0, 21270.0], [102877.5, 6220.0], [102882.5, 2230.0], [102885.0, 7430.0], [102892.5, 1000.0], [102895.0, 3330.0], [102897.5, 19330.0], [102900.0, 50000.0], [102917.5, 1310.0], [102920.0, 4360.0], [102922.5, 20.0], [102927.5, 7490.0], [102930.0, 26310.0]]}}}
{"jsonrpc": "2.0", "method": "subscription", "params": {"channel": "book.BTC-23MAY25.none.20.100ms", "data": {"timestamp": 1747323391762, "change_id": 101005191929, "instrument_name": "BTC-23MAY25", "bids": [[102840.0, 1000.0], [102830.0, 6500.0], [102827.5, 5940.0], [102820.0, 3200.0], [102817.5, 13180.0], [102815.0, 6020.0], [102810.0, 5100.0], [102805.0, 1790.0], [102802.5, 5960.0], [102800.0, 980.0], [102797.5, 3180.0], [102787.5, 1790.0], [102785.0, 5960.0], [102782.5, 1500.0], [102780.0, 6850.0], [102777.5, 6180.0], [102775.0, 1770.0], [102772.5, 5890.0], [102760.0, 1830.0], [102757.5, 6110.0]], "asks": [[102842.5, 12500.0], [102845.0, 950.0], [102847.5, 3180.0], [102852.5, 1880.0], [102855.0, 5940.0], [102860.0, 950.0], [102862.5, 3180.0], [102867.5, 1770.0], [102870.0, 5890.0], [102872.5, 3000.0], [102875.0, 10000.0], [102880.0, 600.0], [102882.5, 2000.0], [102885.0, 1770.0], [102887.5, 5890.0], [102897.5, 1790.0], [102900.0, 5980.0], [102910.0, 1770.0], [102912.5, 5900.0], [102922.5, 1810.0]]}}}
{"jsonrpc": "2.0", "method": "subscription", "params": {"channel": "book.BTC-16MAY25.none.20.100ms", "data": {"timestamp": 1747323392181, "change_id": 101005192623, "instrument_name": "BTC-16MAY25", "bids": [[102852.5, 107980.0], [102850.0, 130030.0], [102847.5, 100140.0], [102845.0, 4650.0], [102840.0, 4390.0], [102825.0, 1340.0], [102822.5, 4450.0], [102820.0, 3000.0], [102817.5, 10000.0], [102815.0, 300.0], [102805.0, 1330.0], [102802.5, 4430.0], [102800.0, 1000.0], [102797.5, 3330.0], [102790.0, 5510.0], [102785.0, 19160.0], [102767.5, 1310.0], [102765.0, 4370.0], [102757.5, 20.0], [102755.0, 1310.0]], "asks": [[102855.0, 16710.0], [102857.5, 74740.0], [102860.0, 71280.0], [102862.5, 300.0], [102867.5, 1330.0], [102870.0, 13660.0], [102872.5, 13330.0], [102875.0, 21270.0], [102877.5, 6220.0], [102882.5, 2230.0], [102885.0, 7430.0], [102892.5, 1000.0], [102895.0, 3330.0], [102897.5, 19330.0], [102900.0, 50000.0], [102917.5, 1310.0], [102920.0, 4360.0], [102922.5, 20.0], [102927.5, 7490.0], [102930.0, 26310.0]]}}}
{"jsonrpc": "2.0", "method": "subscription", "params": {"channel": "book.BTC-23MAY25.none.20.100ms", "data": {"timestamp": 1747323392144, "change_id": 101005192583, "instrument_name": "BTC-23MAY25", "bids": [[102840.0, 7000.0], [102830.0, 6500.0], [102827.5, 5940.0], [102820.0, 3200.0], [102817.5, 13180.0], [102815.0, 6020.0], [102810.0, 5100.0], [102805.0, 1790.0], [102802.5, 5960.0], [102800.0, 980.0], [102797.5, 3180.0], [102787.5, 1790.0], [102785.0, 5960.0], [102782.5, 1500.0], [102780.0, 6850.0], [102777.5, 6180.0], [102775.0, 1770.0], [102772.5, 5890.0], [102760.0, 1830.0], [102757.5, 6110.0]], "asks": [[102842.5, 6500.0], [102845.0, 950.0], [102847.5, 3180.0], [102852.5, 1880.0], [102855.0, 5940.0], [102860.0, 950.0], [102862.5, 3180.0], [102867.5, 1770.0], [102870.0, 5890.0], [102872.5, 3000.0], [102875.0, 10000.0], [102880.0, 600.0], [102882.5, 2000.0], [102885.0, 1770.0], [102887.5, 5890.0], [102897.5, 1790.0], [102900.0, 5980.0], [102910.0, 1770.0], [102912.5, 5900.0], [102922.5, 1810.0]]}}}
{"jsonrpc": "2.0", "method": "subscription", "params": {"channel": "book.BTC-16MAY25.none.20.100ms", "data": {"timestamp": 1747323392510, "change_id": 101005192821, "instrument_name": "BTC-16MAY25", "bids": [[102852.5, 103550.0], [102850.0, 130030.0], [102847.5, 100140.0], [102845.0, 4650.0], [102840.0, 4390.0], [102825.0, 1340.0], [102822.5, 4450.0], [102820.0, 3000.0], [102817.5, 10000.0], [102815.0, 300.0], [102805.0, 1330.0], [102802.5, 4430.0], [102800.0, 1000.0], [102797.5, 3330.0], [102790.0, 5510.0], [102785.0, 19160.0], [102767.5, 1310.0], [102765.0, 4370.0], [102757.5, 20.0], [102755.0, 1310.0]], "asks": [[102855.0, 18710.0], [102857.5, 72740.0], [102860.0, 71280.0], [102862.5, 300.0], [102867.5, 1330.0], [102870.0, 13660.0], [102872.5, 13330.0], [102875.0, 21270.0], [102877.5, 6220.0], [102882.5, 2230.0], [102885.0, 7430.0], [102892.5, 1000.0], [102895.0, 3330.0], [102897.5, 19330.0], [102900.0, 50000.0], [102917.5, 1310.0], [102920.0, 4360.0], [102922.5, 20.0], [102927.5, 7490.0], [102930.0, 26310.0]]}}}
{"jsonrpc": "2.0", "method": "subscription", "params": {"channel": "book.BTC-23MAY25.none.20.100ms", "data": {"timestamp": 1747323392438, "change_id": 101005192739, "instrument_name": "BTC-23MAY25", "bids": [[102840.0, 12700.0], [102830.0, 6500.0], [102827.5, 5940.0], [102820.0, 6500.0], [102817.5, 13180.0], [102815.0, 6020.0], [102810.0, 5100.0], [102805.0, 1790.0], [102802.5, 5960.0], [102800.0, 980.0], [102797.5, 3180.0], [102787.5, 1790.0], [102785.0, 5960.0], [102782.5, 1500.0], [102780.0, 6850.0], [102777.5, 6180.0], [102775.0, 1770.0], [102772.5, 5890.0], [102760.0, 1830.0], [102757.5, 6110.0]], "asks": [[102842.5, 6500.0], [102845.0, 950.0], [102847.5, 3180.0], [102852.5, 1880.0], [102855.0, 5940.0], [102860.0, 950.0], [102862.5, 3180.0], [102867.5, 1770.0], [102870.0, 5890.0], [102872.5, 3000.0], [102875.0, 10000.0], [102880.0, 600.0], [102882.5, 2000.0], [102885.0, 1770.0], [102887.5, 5890.0], [102897.5, 1790.0], [102900.0, 5980.0], [102910.0, 1770.0], [102912.5, 5900.0], [102922.5, 1810.0]]}}}
{"jsonrpc": "2.0", "method": "subscription", "params": {"channel": "book.BTC-16MAY25.none.20.100ms", "data": {"timestamp": 1747323392707, "change_id": 101005193109, "instrument_name": "BTC-16MAY25", "bids": [[102852.5, 103550.0], [102850.0, 130030.0], [102847.5, 100140.0], [102845.0, 4650.0], [102840.0, 4390.0], [102825.0, 1340.0], [102822.5, 4450.0], [102820.0, 3000.0], [102817.5, 10000.0], [102815.0, 300.0], [102805.0, 1330.0], [102802.5, 4430.0], [102800.0, 1000.0], [102797.5, 3330.0], [102790.0, 5510.0], [102785.0, 19160.0], [102767.5, 1310.0], [102765.0, 4370.0], [102757.5, 20.0], [102755.0, 1310.0]], "asks": [[102855.0, 16710.0], [102857.5, 74740.0], [102860.0, 71280.0], [102862.5, 300.0], [102867.5, 1330.0], [102870.0, 13660.0], [102872.5, 13330.0], [102875.0, 21270.0], [102877.5, 6220.0], [102882.5, 2230.0], [102885.0, 7430.0], [102892.5, 1000.0], [102895.0, 3330.0], [102897.5, 19330.0], [102900.0, 50000.0], [102917.5, 1310.0], [102920.0, 4360.0], [102922.5, 20.0], [102927.5, 7490.0], [102930.0, 26310.0]]}}}
{"jsonrpc": "2.0", "method": "subscription", "params": {"channel": "book.BTC-23MAY25.none.20.100ms", "data": {"timestamp": 1747323392792, "change_id": 101005193231, "instrument_name": "BTC-23MAY25", "bids": [[102840.0, 12700.0], [102830.0, 6500.0], [102827.5, 5940.0], [102820.0, 6500.0], [102817.5, 13180.0], [102815.0, 6020.0], [102810.0, 5100.0], [102802.5, 5960.0], [102800.0, 980.0], [102797.5, 3180.0], [102787.5, 1790.0], [102785.0, 5960.0], [102782.5, 1500.0], [102780.0, 6850.0], [102777.5, 6180.0], [102775.0, 1770.0], [102772.5, 5890.0], [102760.0, 1830.0], [102757.5, 6110.0], [102750.0, 20.0]], "asks": [[102842.5, 6500.0], [102845.0, 950.0], [102847.5, 3180.0], [102852.5, 1880.0], [102855.0, 5940.0], [102860.0, 950.0], [102862.5, 3180.0], [102867.5, 1770.0], [102870.0, 5890.0], [102872.5, 3000.0], [102875.0, 10000.0], [102880.0, 600.0], [102882.5, 2000.0], [102885.0, 1770.0], [102887.5, 5890.0], [102897.5, 1790.0], [102900.0, 5980.0], [102910.0, 1770.0], [102912.5, 5900.0], [102922.5, 1810.0]]}}}
{"jsonrpc": "2.0", "method": "subscription", "params": {"channel": "book.BTC-16MAY25.none.20.100ms", "data": {"timestamp": 1747323393160, "change_id": 101005193742, "instrument_name": "BTC-16MAY25", "bids": [[102852.5, 103550.0], [102850.0, 130030.0], [102847.5, 100140.0], [102845.0, 4650.0], [102840.0, 4390.0], [102825.0, 1340.0], [102822.5, 4450.0], [102820.0, 3000.0], [102817.5, 10000.0], [102815.0, 300.0], [102805.0, 1330.0], [102802.5, 4430.0], [102800.0, 1000.0], [102797.5, 3330.0], [102790.0, 1910.0], [102785.0, 6380.0], [102782.5, 3830.0], [102780.0, 12780.0], [102767.5, 1310.0], [102765.0, 4370.0]], "asks": [[102855.0, 16710.0], [102857.5, 72740.0], [102860.0, 73280.0], [102862.5, 300.0], [102867.5, 1330.0], [102870.0, 13660.0], [102872.5, 13330.0], [102875.0, 21270.0], [102877.5, 6220.0], [102882.5, 2230.0], [102885.0, 7430.0], [102892.5, 1000.0], [102895.0, 3330.0], [102897.5, 19330.0], [102900.0, 50000.0], [102917.5, 1310.0], [102920.0, 4360.0], [102922.5, 20.0], [102927.5, 7490.0], [102930.0, 26310.0]]}}}
{"jsonrpc": "2.0", "method": "subscription", "params": {"channel": "book.BTC-23MAY25.none.20.100ms", "data": {"timestamp": 1747323393117, "change_id": 101005193594, "instrument_name": "BTC-23MAY25", "bids": [[102840.0, 12700.0], [102830.0, 6500.0], [102827.5, 5940.0], [102820.0, 6500.0], [102817.5, 13180.0], [102815.0, 6020.0], [102810.0, 5100.0], [102802.5, 5960.0], [102800.0, 980.0], [102797.5, 3180.0], [102787.5, 1790.0], [102785.0, 5960.0], [102782.5, 1500.0], [102780.0, 5000.0], [102775.0, 3400.0], [102772.5, 5890.0], [102770.0, 6180.0], [102760.0, 1830.0], [102757.5, 6110.0], [102750.0, 20.0]], "asks": [[102842.5, 12500.0], [102845.0, 950.0], [102847.5, 3180.0], [102852.5, 1880.0], [102855.0, 5940.0], [102860.0, 950.0], [102862.5, 3180.0], [102867.5, 1770.0], [102870.0, 5890.0], [102872.5, 3000.0], [102875.0, 10000.0], [102880.0, 600.0], [102882.5, 2000.0], [102885.0, 1770.0], [102887.5, 5890.0], [102897.5, 1790.0], [102900.0, 5980.0], [102910.0, 1770.0], [102912.5, 5900.0], [102922.5, 1810.0]]}}}
{"jsonrpc": "2.0", "method": "subscription", "params": {"channel": "book.BTC-16MAY25.none.20.100ms", "data": {"timestamp": 1747323393525, "change_id": 101005194027, "instrument_name": "BTC-16MAY25", "bids": [[102852.5, 103550.0], [102850.0, 99990.0], [102847.5, 100140.0], [102845.0, 1320.0], [102840.0, 4390.0], [102825.0, 1340.0], [102822.5, 4450.0], [102820.0, 3000.0], [102817.5, 10000.0], [102815.0, 300.0], [102805.0, 1330.0], [102802.5, 4430.0], [102800.0, 1000.0], [102797.5, 3330.0], [102790.0, 1910.0], [102785.0, 6380.0], [102782.5, 3830.0], [102780.0, 12780.0], [102767.5, 1310.0], [102765.0, 4370.0]], "asks": [[102855.0, 25530.0], [102857.5, 72740.0], [102860.0, 73280.0], [102862.5, 300.0], [102867.5, 1330.0], [102870.0, 13660.0], [102872.5, 13330.0], [102875.0, 21270.0], [102877.5, 6220.0], [102882.5, 2230.0], [102885.0, 7430.0], [102892.5, 1000.0], [102895.0, 3330.0], [102897.5, 19330.0], [102900.0, 50000.0], [102917.5, 1310.0], [102920.0, 4360.0], [102922.5, 20.0], [102927.5, 7490.0], [102930.0, 26310.0]]}}}
{"jsonrpc": "2.0", "method": "subscription", "params": {"channel": "book.BTC-23MAY25.none.20.100ms", "data": {"timestamp": 1747323393508, "change_id": 101005193878, "instrument_name": "BTC-23MAY25", "bids": [[102840.0, 6700.0], [102830.0, 6500.0], [102827.5, 5940.0], [102820.0, 6500.0], [102817.5, 13180.0], [102815.0, 6020.0], [102810.0, 5100.0], [102802.5, 5960.0], [102800.0, 980.0], [102797.5, 3180.0], [102787.5, 1790.0], [102785.0, 5960.0], [102782.5, 1500.0], [102780.0, 5000.0], [102775.0, 3400.0], [102772.5, 5890.0], [102770.0, 6180.0], [102760.0, 1830.0], [102757.5, 6110.0], [102750.0, 20.0]], "asks": [[102842.5, 12500.0], [102845.0, 950.0], [102847.5, 3180.0], [102852.5, 1880.0], [102855.0, 5940.0], [102860.0, 950.0], [102862.5, 3180.0], [102867.5, 1770.0], [102870.0, 5890.0], [102872.5, 3000.0], [102875.0, 10000.0], [102880.0, 600.0], [102882.5, 2000.0], [102885.0, 1770.0], [102887.5, 5890.0], [102897.5, 1790.0], [102900.0, 5980.0], [102910.0, 1770.0], [102912.5, 5900.0], [102922.5, 1810.0]]}}}
{"jsonrpc": "2.0", "method": "subscription", "params": {"channel": "book.BTC-16MAY25.none.20.100ms", "data": {"timestamp": 1747323393774, "change_id": 101005194589, "instrument_name": "BTC-16MAY25", "bids": [[102852.5, 103550.0], [102850.0, 130030.0], [102847.5, 100140.0], [102845.0, 2150.0], [102842.5, 3330.0], [102840.0, 4390.0], [102825.0, 1340.0], [102822.5, 4450.0], [102820.0, 3000.0], [102817.5, 10000.0], [102815.0, 300.0], [102805.0, 1330.0], [102802.5, 4430.0], [102800.0, 1000.0], [102797.5, 3330.0], [102790.0, 1910.0], [102785.0, 6380.0], [102782.5, 3830.0], [102780.0, 12780.0], [102767.5, 1310.0]], "asks": [[102855.0, 16710.0], [102857.5, 74740.0], [102860.0, 71280.0], [102862.5, 300.0], [102867.5, 1330.0], [102870.0, 13660.0], [102872.5, 13330.0], [102875.0, 21270.0], [102877.5, 6220.0], [102882.5, 2230.0], [102885.0, 7430.0], [102892.5, 1000.0], [102895.0, 3330.0], [102897.5, 19330.0], [102900.0, 50000.0], [102917.5, 1310.0], [102920.0, 4360.0], [102922.5, 20.0], [102927.5, 7490.0], [102930.0, 26310.0]]}}}
{"jsonrpc": "2.0", "method": "subscription", "params": {"channel": "book.BTC-23MAY25.none.20.100ms", "data": {"timestamp": 1747323393564, "change_id": 101005194301, "instrument_name": "BTC-23MAY25", "bids": [[102840.0, 1000.0], [102830.0, 6500.0], [102827.5, 5940.0], [102820.0, 6500.0], [102817.5, 13180.0], [102815.0, 6020.0], [102810.0, 5100.0], [102802.5, 5960.0], [102797.5, 3180.0], [102787.5, 1790.0], [102785.0, 5960.0], [102782.5, 1500.0], [102780.0, 5000.0], [102775.0, 3400.0], [102772.5, 5890.0], [102770.0, 6180.0], [102760.0, 1830.0], [102757.5, 6110.0], [102750.0, 20.0], [102747.5, 1770.0]], "asks": [[102842.5, 12500.0], [102845.0, 950.0], [102847.5, 3180.0], [102852.5, 1880.0], [102855.0, 5940.0], [102860.0, 950.0], [102862.5, 3180.0], [102867.5, 1770.0], [102870.0, 5890.0], [102872.5, 3000.0], [102875.0, 10000.0], [102880.0, 600.0], [102882.5, 2000.0], [102885.0, 1770.0], [102887.5, 5890.0], [102897.5, 1790.0], [102900.0, 5980.0], [102910.0, 1770.0], [102912.5, 5900.0], [102922.5, 1810.0]]}}}
{"jsonrpc": "2.0", "method": "subscription", "params": {"channel": "book.BTC-16MAY25.none.20.100ms", "data": {"timestamp": 1747323394185, "change_id": 101005195156, "instrument_name": "BTC-16MAY25", "bids": [[102852.5, 103550.0], [102850.0, 130030.0], [102847.5, 100140.0], [102845.0, 2150.0], [102842.5, 3330.0], [102840.0, 4390.0], [102825.0, 1340.0], [102822.5, 4450.0], [102820.0, 3000.0], [102817.5, 10000.0], [102815.0, 300.0], [102805.0, 1330.0], [102802.5, 4430.0], [102800.0, 1000.0], [102797.5, 3330.0], [102790.0, 1910.0], [102785.0, 6380.0], [102782.5, 3830.0], [102780.0, 12780.0], [102767.5, 1310.0]], "asks": [[102855.0, 25540.0], [102857.5, 123740.0], [102860.0, 1280.0], [102862.5, 300.0], [102867.5, 1330.0], [102870.0, 13660.0], [102872.5, 13330.0], [102875.0, 21270.0], [102877.5, 6220.0], [102882.5, 2230.0], [102885.0, 7430.0], [102892.5, 1000.0], [102895.0, 3330.0], [102897.5, 19330.0], [102900.0, 50000.0], [102917.5, 1310.0], [102920.0, 4360.0], [102922.5, 20.0], [102927.5, 7490.0], [102930.0, 26310.0]]}}}
{"jsonrpc": "2.0", "method": "subscription", "params": {"channel": "book.BTC-16MAY25.none.20.100ms", "data": {"timestamp": 1747323394520, "change_id": 101005195407, "instrument_name": "BTC-16MAY25", "bids": [[102852.5, 103550.0], [102850.0, 130030.0], [102847.5, 100140.0], [102845.0, 2150.0], [102842.5, 3330.0], [102840.0, 4390.0], [102825.0, 1340.0], [102822.5, 4450.0], [102820.0, 3000.0], [102817.5, 10000.0], [102815.0, 300.0], [102805.0, 1330.0], [102802.5, 4430.0], [102800.0, 1000.0], [102797.5, 3330.0], [102790.0, 1910.0], [102785.0, 6380.0], [102782.5, 3830.0], [102780.0, 12780.0], [102767.5, 1310.0]], "asks": [[102855.0, 27540.0], [102857.5, 121740.0], [102860.0, 1280.0], [102862.5, 300.0], [102865.0, 4390.0], [102867.5, 10200.0], [102870.0, 13660.0], [102872.5, 13330.0], [102875.0, 21270.0], [102877.5, 6220.0], [102882.5, 2230.0], [102885.0, 7430.0], [102892.5, 1000.0], [102895.0, 3330.0], [102897.5, 19330.0], [102900.0, 50000.0], [102917.5, 1310.0], [102920.0, 4360.0], [102922.5, 20.0], [102927.5, 7490.0]]}}}
{"jsonrpc": "2.0", "method": "subscription", "params": {"channel": "book.BTC-23MAY25.none.20.100ms", "data": {"timestamp": 1747323394457, "change_id": 101005195282, "instrument_name": "BTC-23MAY25", "bids": [[102840.0, 4400.0], [102830.0, 6500.0], [102827.5, 5940.0], [102820.0, 6500.0], [102817.5, 10000.0], [102815.0, 9200.0], [102810.0, 5100.0], [102802.5, 5960.0], [102800.0, 950.0], [102797.5, 3180.0], [102787.5, 1790.0], [102785.0, 5960.0], [102782.5, 1500.0], [102780.0, 5000.0], [102775.0, 3400.0], [102772.5, 5890.0], [102770.0, 6180.0], [102760.0, 1830.0], [102757.5, 6110.0], [102750.0, 20.0]], "asks": [[102842.5, 12500.0], [102845.0, 950.0], [102847.5, 3180.0], [102852.5, 1880.0], [102855.0, 5940.0], [102860.0, 950.0], [102862.5, 3180.0], [102867.5, 1770.0], [102870.0, 5890.0], [102872.5, 3000.0], [102875.0, 10000.0], [102880.0, 600.0], [102882.5, 2000.0], [102885.0, 1770.0], [102887.5, 5890.0], [102897.5, 1790.0], [102900.0, 5980.0], [102910.0, 1770.0], [102912.5, 5900.0], [102922.5, 1810.0]]}}}
{"jsonrpc": "2.0", "method": "subscription", "params": {"channel": "book.BTC-16MAY25.none.20.100ms", "data": {"timestamp": 1747323394818, "change_id": 101005195948, "instrument_name": "BTC-16MAY25", "bids": [[102852.5, 103550.0], [102850.0, 99990.0], [102847.5, 100140.0], [102825.0, 1340.0], [102822.5, 4450.0], [102820.0, 3000.0], [102817.5, 10000.0], [102815.0, 300.0], [102805.0, 1330.0], [102802.5, 4430.0], [102800.0, 1000.0], [102797.5, 3330.0], [102790.0, 1910.0], [102785.0, 6380.0], [102782.5, 3830.0], [102780.0, 12780.0], [102767.5, 1310.0], [102765.0, 4370.0], [102757.5, 20.0], [102755.0, 1310.0]], "asks": [[102855.0, 27540.0], [102857.5, 121740.0], [102860.0, 1280.0], [102862.5, 300.0], [102865.0, 4390.0], [102867.5, 10200.0], [102870.0, 13660.0], [102872.5, 13330.0], [102875.0, 21270.0], [102877.5, 6220.0], [102882.5, 2230.0], [102885.0, 7430.0], [102892.5, 1000.0], [102895.0, 3330.0], [102897.5, 19330.0], [102900.0, 50000.0], [102917.5, 1310.0], [102920.0, 4360.0], [102922.5, 20.0], [102927.5, 7490.0]]}}}
{"jsonrpc": "2.0", "method": "subscription", "params": {"channel": "book.BTC-23MAY25.none.20.100ms", "data": {"timestamp": 1747323394809, "change_id": 101005195881, "instrument_name": "BTC-23MAY25", "bids": [[102840.0, 1000.0], [102830.0, 6500.0], [102820.0, 6500.0], [102817.5, 10000.0], [102815.0, 9200.0], [102810.0, 5100.0], [102802.5, 5960.0], [102797.5, 3180.0], [102787.5, 1790.0], [102785.0, 5960.0], [102782.5, 1500.0], [102780.0, 5000.0], [102775.0, 3400.0], [102772.5, 5890.0], [102770.0, 6180.0], [102760.0, 1830.0], [102757.5, 6110.0], [102750.0, 20.0], [102747.5, 1770.0], [102745.0, 5900.0]], "asks": [[102842.5, 12500.0], [102845.0, 950.0], [102847.5, 3180.0], [102852.5, 1880.0], [102855.0, 5940.0], [102860.0, 950.0], [102862.5, 3180.0], [102867.5, 1770.0], [102870.0, 5890.0], [102872.5, 3000.0], [102875.0, 10000.0], [102880.0, 600.0], [102882.5, 2000.0], [102885.0, 1770.0], [102887.5, 5890.0], [102897.5, 1790.0], [102900.0, 5980.0], [102910.0, 1770.0], [102912.5, 5900.0], [102922.5, 1810.0]]}}}
{"jsonrpc": "2.0", "method": "subscription", "params": {"channel": "book.BTC-16MAY25.none.20.100ms", "data": {"timestamp": 1747323395182, "change_id": 101005196608, "instrument_name": "BTC-16MAY25", "bids": [[102852.5, 100150.0], [102850.0, 130030.0], [102847.5, 100140.0], [102842.5, 1000.0], [102840.0, 3330.0], [102825.0, 1340.0], [102822.5, 4450.0], [102820.0, 3000.0], [102817.5, 10000.0], [102805.0, 1330.0], [102802.5, 4430.0], [102800.0, 1000.0], [102797.5, 3630.0], [102790.0, 1910.0], [102785.0, 6380.0], [102782.5, 3830.0], [102780.0, 12780.0], [102767.5, 1310.0], [102765.0, 4370.0], [102757.5, 20.0]], "asks": [[102855.0, 27540.0], [102857.5, 121740.0], [102860.0, 1280.0], [102862.5, 300.0], [102865.0, 4390.0], [102867.5, 13530.0], [102870.0, 13660.0], [102872.5, 10000.0], [102875.0, 21270.0], [102877.5, 6220.0], [102882.5, 2230.0], [102885.0, 7430.0], [102892.5, 1000.0], [102895.0, 3330.0], [102897.5, 19330.0], [102900.0, 50000.0], [102917.5, 1310.0], [102920.0, 4360.0], [102922.5, 20.0], [102927.5, 7490.0]]}}}
{"jsonrpc": "2.0", "method": "subscription", "params": {"channel": "book.BTC-23MAY25.none.20.100ms", "data": {"timestamp": 1747323395113, "change_id": 101005196430, "instrument_name": "BTC-23MAY25", "bids": [[102840.0, 1000.0], [102830.0, 6500.0], [102827.5, 5940.0], [102820.0, 6500.0], [102817.5, 10000.0], [102815.0, 9200.0], [102810.0, 5000.0], [102802.5, 5960.0], [102797.5, 3180.0], [102790.0, 100.0], [102787.5, 1790.0], [102785.0, 5960.0], [102782.5, 1500.0], [102780.0, 5000.0], [102775.0, 3400.0], [102772.5, 5890.0], [102770.0, 6180.0], [102760.0, 1830.0], [102757.5, 6110.0], [102750.0, 20.0]], "asks": [[102842.5, 12500.0], [102845.0, 3180.0], [102852.5, 1880.0], [102855.0, 5940.0], [102860.0, 950.0], [102862.5, 3180.0], [102867.5, 1770.0], [102870.0, 5890.0], [102872.5, 3000.0], [102875.0, 10000.0], [102880.0, 600.0], [102882.5, 2000.0], [102885.0, 1770.0], [102887.5, 5890.0], [102897.5, 1790.0], [102900.0, 5980.0], [102910.0, 1770.0], [102912.5, 5900.0], [102922.5, 1810.0], [102925.0, 6910.0]]}}}
{"jsonrpc": "2.0", "method": "subscription", "params": {"channel": "book.BTC-23MAY25.none.20.100ms", "data": {"timestamp": 1747323395395, "change_id": 101005196763, "instrument_name": "BTC-23MAY25", "bids": [[102840.0, 1000.0], [102830.0, 6500.0], [102827.5, 5940.0], [102820.0, 6500.0], [102817.5, 15400.0], [102815.0, 9200.0], [102810.0, 5000.0], [102802.5, 5960.0], [102797.5, 3180.0], [102790.0, 100.0], [102787.5, 1790.0], [102785.0, 5960.0], [102782.5, 1500.0], [102780.0, 5000.0], [102775.0, 3400.0], [102772.5, 5890.0], [102770.0, 6180.0], [102760.0, 1830.0], [102757.5, 6110.0], [102750.0, 20.0]], "asks": [[102842.5, 12500.0], [102845.0, 3180.0], [102847.5, 1950.0], [102850.0, 6500.0], [102852.5, 1880.0], [102855.0, 5940.0], [102860.0, 950.0], [102862.5, 3180.0], [102867.5, 1770.0], [102870.0, 5890.0], [102872.5, 3000.0], [102875.0, 10000.0], [102880.0, 600.0], [102882.5, 2000.0], [102885.0, 1770.0], [102887.5, 5890.0], [102897.5, 1790.0], [102900.0, 5980.0], [102910.0, 1770.0], [102912.5, 5900.0]]}}}
