{"jsonrpc": "2.0", "id": 1, "result": ["book.BTC-19DEC25.none.20.100ms"], "usIn": 1765794798286121, "usOut": 1765794798286327, "usDiff": 206, "testnet": false}
{"jsonrpc": "2.0", "method": "subscription", "params": {"channel": "book.BTC-19DEC25.none.20.100ms", "data": {"timestamp": 1765794797914, "change_id": 131884024016, "instrument_name": "BTC-19DEC25", "bids": [[89982.5, 2610.0], [89980.0, 5680.0], [89975.0, 1550.0], [89972.5, 5000.0], [89970.0, 180.0], [89957.5, 6440.0], [89955.0, 21590.0], [89950.0, 180.0], [89942.5, 53700.0], [89940.0, 12410.0], [89932.5, 1750.0], [89930.0, 5860.0], [89915.0, 1420.0], [89910.0, 4750.0], [89902.5, 15950.0], [89890.0, 190.0], [89887.5, 10.0], [89877.5, 7590.0], [89875.0, 25390.0], [89870.0, 180.0]], "asks": [[89985.0, 5680.0], [89995.0, 600.0], [89997.5, 2000.0], [90002.5, 1490.0], [90005.0, 5000.0], [90010.0, 190.0], [90015.0, 2030.0], [90017.5, 2040.0], [90020.0, 5030.0], [90022.5, 600.0], [90025.0, 3850.0], [90027.5, 6000.0], [90030.0, 190.0], [90037.5, 900.0], [90040.0, 3000.0], [90042.5, 1700.0], [90045.0, 5680.0], [90050.0, 230.0], [90052.5, 1190.0], [90055.0, 4000.0]]}}}
{"jsonrpc": "2.0", "method": "subscription", "params": {"channel": "book.BTC-19DEC25.none.20.100ms", "data": {"timestamp": 1765794798641, "change_id": 131884025057, "instrument_name": "BTC-19DEC25", "bids": [[89980.0, 7790.0], [89975.0, 1550.0], [89972.5, 5000.0], [89970.0, 180.0], [89955.0, 10.0], [89950.0, 180.0], [89942.5, 3700.0], [89940.0, 12410.0], [89932.5, 1750.0], [89930.0, 5860.0], [89927.5, 50000.0], [89915.0, 1420.0], [89910.0, 4750.0], [89902.5, 15950.0], [89890.0, 190.0], [89887.5, 10.0], [89877.5, 7590.0], [89875.0, 25390.0], [89870.0, 180.0], [89850.0, 180.0]], "asks": [[89985.0, 5680.0], [89995.0, 600.0], [89997.5, 2000.0], [90002.5, 1490.0], [90005.0, 5000.0], [90010.0, 190.0], [90015.0, 2030.0], [90017.5, 2040.0], [90020.0, 5030.0], [90025.0, 1850.0], [90027.5, 6000.0], [90030.0, 190.0], [90037.5, 900.0], [90040.0, 3000.0], [90042.5, 1700.0], [90045.0, 5680.0], [90050.0, 230.0], [90052.5, 600.0], [90055.0, 2000.0], [90070.0, 5100.0]]}}}
{"jsonrpc": "2.0", "method": "subscription", "params": {"channel": "book.BTC-19DEC25.none.20.100ms", "data": {"timestamp": 1765794798967, "change_id": 131884025534, "instrument_name": "BTC-19DEC25", "bids": [[89980.0, 7790.0], [89975.0, 1550.0], [89972.5, 5000.0], [89970.0, 180.0], [89955.0, 10.0], [89950.0, 180.0], [89942.5, 12410.0], [89932.5, 1750.0], [89930.0, 20790.0], [89927.5, 50000.0], [89915.0, 1420.0], [89910.0, 4750.0], [89902.5, 15950.0], [89890.0, 190.0], [89887.5, 10.0], [89877.5, 10.0], [89870.0, 7760.0], [89867.5, 25390.0], [89850.0, 180.0], [89840.0, 7650.0]], "asks": [[89982.5, 1500.0], [89985.0, 5680.0], [89995.0, 1120.0], [89997.5, 2000.0], [90000.0, 2000.0], [90002.5, 1490.0], [90005.0, 5000.0], [90010.0, 190.0], [90015.0, 2030.0], [90017.5, 2040.0], [90020.0, 5030.0], [90025.0, 1850.0], [90027.5, 6000.0], [90030.0, 2190.0], [90037.5, 900.0], [90040.0, 3000.0], [90042.5, 1700.0], [90045.0, 5680.0], [90050.0, 230.0], [90052.5, 25760.0]]}}}
{"jsonrpc": "2.0", "method": "subscription", "params": {"channel": "book.BTC-19DEC25.none.20.100ms", "data": {"timestamp": 1765794799490, "change_id": 131884026196, "instrument_name": "BTC-19DEC25", "bids": [[89980.0, 7790.0], [89975.0, 1550.0], [89972.5, 5000.0], [89970.0, 180.0], [89955.0, 10.0], [89950.0, 180.0], [89942.5, 12410.0], [89932.5, 1750.0], [89930.0, 20790.0], [89927.5, 50000.0], [89915.0, 1420.0], [89910.0, 4750.0], [89902.5, 15950.0], [89890.0, 190.0], [89887.5, 10.0], [89877.5, 10.0], [89870.0, 7760.0], [89867.5, 25390.0], [89850.0, 180.0], [89840.0, 7650.0]], "asks": [[89982.5, 1500.0], [89987.5, 5680.0], [89995.0, 1120.0], [89997.5, 2000.0], [90000.0, 2000.0], [90002.5, 1490.0], [90005.0, 5000.0], [90010.0, 190.0], [90015.0, 2030.0], [90017.5, 2040.0], [90020.0, 5030.0], [90025.0, 1850.0], [90027.5, 6000.0], [90030.0, 2190.0], [90037.5, 900.0], [90040.0, 3000.0], [90042.5, 1700.0], [90045.0, 5680.0], [90050.0, 230.0], [90052.5, 25760.0]]}}}
{"jsonrpc": "2.0", "method": "subscription", "params": {"channel": "book.BTC-19DEC25.none.20.100ms", "data": {"timestamp": 1765794799929, "change_id": 131884026535, "instrument_name": "BTC-19DEC25", "bids": [[89980.0, 5690.0], [89975.0, 1550.0], [89972.5, 5000.0], [89970.0, 180.0], [89957.5, 6440.0], [89955.0, 21590.0], [89950.0, 180.0], [89947.5, 14930.0], [89945.0, 50000.0], [89942.5, 12410.0], [89932.5, 1750.0], [89930.0, 5860.0], [89915.0, 1420.0], [89910.0, 4750.0], [89905.0, 4760.0], [89902.5, 15950.0], [89890.0, 190.0], [89887.5, 10.0], [89877.5, 10.0], [89870.0, 7760.0]], "asks": [[89982.5, 1500.0], [89985.0, 1600.0], [89987.5, 5680.0], [89995.0, 1120.0], [89997.5, 2000.0], [90000.0, 2000.0], [90002.5, 1490.0], [90005.0, 5000.0], [90010.0, 190.0], [90015.0, 2030.0], [90017.5, 2040.0], [90020.0, 5030.0], [90025.0, 1850.0], [90027.5, 6000.0], [90030.0, 2190.0], [90037.5, 900.0], [90040.0, 3000.0], [90042.5, 1700.0], [90045.0, 5680.0], [90050.0, 8340.0]]}}}
{"jsonrpc": "2.0", "method": "subscription", "params": {"channel": "book.BTC-19DEC25.none.20.100ms", "data": {"timestamp": 1765794800963, "change_id": 131884028580, "instrument_name": "BTC-19DEC25", "bids": [[89975.0, 1810.0], [89972.5, 5680.0], [89970.0, 180.0], [89965.0, 1490.0], [89962.5, 5000.0], [89957.5, 20540.0], [89955.0, 71580.0], [89950.0, 180.0], [89945.0, 3700.0], [89942.5, 12410.0], [89932.5, 1750.0], [89930.0, 5860.0], [89915.0, 1420.0], [89910.0, 4750.0], [89897.5, 4730.0], [89895.0, 15840.0], [89890.0, 190.0], [89887.5, 10.0], [89877.5, 10.0], [89870.0, 7760.0]], "asks": [[89982.5, 7180.0], [89995.0, 2540.0], [89997.5, 7000.0], [90000.0, 2000.0], [90005.0, 950.0], [90007.5, 3000.0], [90010.0, 190.0], [90015.0, 2030.0], [90017.5, 2040.0], [90020.0, 5030.0], [90025.0, 1850.0], [90027.5, 6000.0], [90030.0, 2190.0], [90042.5, 1700.0], [90045.0, 5680.0], [90050.0, 8340.0], [90052.5, 25160.0], [90055.0, 2000.0], [90057.5, 600.0], [90060.0, 2000.0]]}}}
{"jsonrpc": "2.0", "method": "subscription", "params": {"channel": "book.BTC-19DEC25.none.20.100ms", "data": {"timestamp": 1765794801295, "change_id": 131884029183, "instrument_name": "BTC-19DEC25", "bids": [[89975.0, 1800.0], [89972.5, 5680.0], [89970.0, 180.0], [89965.0, 1500.0], [89962.5, 5000.0], [89957.5, 20540.0], [89955.0, 71580.0], [89952.5, 6500.0], [89950.0, 21760.0], [89945.0, 3700.0], [89942.5, 12410.0], [89932.5, 1750.0], [89930.0, 5860.0], [89915.0, 1420.0], [89910.0, 4750.0], [89897.5, 4730.0], [89895.0, 15840.0], [89890.0, 190.0], [89887.5, 10.0], [89877.5, 10.0]], "asks": [[89982.5, 7180.0], [89995.0, 2540.0], [89997.5, 7000.0], [90000.0, 2000.0], [90005.0, 950.0], [90007.5, 3000.0], [90010.0, 190.0], [90015.0, 2030.0], [90017.5, 2040.0], [90020.0, 5030.0], [90025.0, 1850.0], [90027.5, 6000.0], [90030.0, 2190.0], [90042.5, 1700.0], [90045.0, 5680.0], [90050.0, 8340.0], [90052.5, 25160.0], [90055.0, 2000.0], [90057.5, 600.0], [90060.0, 2000.0]]}}}
{"jsonrpc": "2.0", "method": "subscription", "params": {"channel": "book.BTC-19DEC25.none.20.100ms", "data": {"timestamp": 1765794801607, "change_id": 131884029676, "instrument_name": "BTC-19DEC25", "bids": [[89975.0, 7480.0], [89970.0, 180.0], [89965.0, 1500.0], [89962.5, 5000.0], [89955.0, 21420.0], [89952.5, 50000.0], [89950.0, 21760.0], [89945.0, 3700.0], [89942.5, 12410.0], [89932.5, 1750.0], [89930.0, 5860.0], [89915.0, 1420.0], [89910.0, 4750.0], [89897.5, 4730.0], [89895.0, 15840.0], [89890.0, 190.0], [89887.5, 10.0], [89877.5, 10.0], [89870.0, 7760.0], [89867.5, 25390.0]], "asks": [[89982.5, 7180.0], [89995.0, 2540.0], [89997.5, 7000.0], [90000.0, 2000.0], [90005.0, 950.0], [90007.5, 3000.0], [90010.0, 190.0], [90015.0, 2030.0], [90017.5, 2040.0], [90020.0, 5030.0], [90025.0, 1850.0], [90027.5, 6000.0], [90030.0, 2190.0], [90042.5, 1700.0], [90045.0, 5680.0], [90050.0, 8340.0], [90052.5, 25160.0], [90055.0, 2000.0], [90057.5, 600.0], [90060.0, 2000.0]]}}}
{"jsonrpc": "2.0", "method": "subscription", "params": {"channel": "book.BTC-19DEC25.none.20.100ms", "data": {"timestamp": 1765794801972, "change_id": 131884030259, "instrument_name": "BTC-19DEC25", "bids": [[89975.0, 7480.0], [89970.0, 180.0], [89965.0, 1500.0], [89962.5, 5000.0], [89950.0, 180.0], [89937.5, 3700.0], [89935.0, 12410.0], [89932.5, 1750.0], [89930.0, 5860.0], [89915.0, 1420.0], [89912.5, 50000.0], [89910.0, 4750.0], [89897.5, 4730.0], [89895.0, 15840.0], [89890.0, 190.0], [89887.5, 10.0], [89877.5, 10.0], [89870.0, 180.0], [89865.0, 7580.0], [89862.5, 25390.0]], "asks": [[89977.5, 5680.0], [89990.0, 720.0], [89992.5, 2400.0], [89995.0, 2540.0], [89997.5, 7000.0], [90000.0, 2000.0], [90005.0, 950.0], [90007.5, 3000.0], [90010.0, 190.0], [90015.0, 2030.0], [90017.5, 2040.0], [90020.0, 5030.0], [90025.0, 1850.0], [90027.5, 6000.0], [90030.0, 2190.0], [90042.5, 1700.0], [90045.0, 5680.0], [90050.0, 8340.0], [90052.5, 25160.0], [90055.0, 2000.0]]}}}
{"jsonrpc": "2.0", "method": "subscription", "params": {"channel": "book.BTC-19DEC25.none.20.100ms", "data": {"timestamp": 1765794802210, "change_id": 131884030447, "instrument_name": "BTC-19DEC25", "bids": [[89975.0, 7480.0], [89970.0, 180.0], [89965.0, 1500.0], [89962.5, 5000.0], [89950.0, 180.0], [89937.5, 3700.0], [89935.0, 12410.0], [89932.5, 1750.0], [89930.0, 5860.0], [89915.0, 1420.0], [89912.5, 50000.0], [89910.0, 4750.0], [89897.5, 4730.0], [89895.0, 15840.0], [89890.0, 190.0], [89887.5, 10.0], [89877.5, 10.0], [89870.0, 180.0], [89865.0, 7580.0], [89862.5, 25390.0]], "asks": [[89977.5, 5680.0], [89990.0, 720.0], [89992.5, 2400.0], [89995.0, 2540.0], [89997.5, 7000.0], [90000.0, 2000.0], [90005.0, 950.0], [90007.5, 3000.0], [90010.0, 190.0], [90015.0, 610.0], [90017.5, 2040.0], [90025.0, 1850.0], [90027.5, 6000.0], [90030.0, 2190.0], [90042.5, 1700.0], [90045.0, 5680.0], [90050.0, 8340.0], [90052.5, 25160.0], [90055.0, 2000.0], [90057.5, 600.0]]}}}
{"jsonrpc": "2.0", "method": "subscription", "params": {"channel": "book.BTC-19DEC25.none.20.100ms", "data": {"timestamp": 1765794802880, "change_id": 131884031155, "instrument_name": "BTC-19DEC25", "bids": [[89975.0, 5680.0], [89970.0, 180.0], [89967.5, 10.0], [89965.0, 1490.0], [89962.5, 5000.0], [89950.0, 180.0], [89937.5, 3700.0], [89935.0, 12410.0], [89932.5, 1750.0], [89930.0, 5860.0], [89915.0, 1420.0], [89912.5, 50000.0], [89910.0, 4750.0], [89897.5, 4730.0], [89895.0, 15840.0], [89890.0, 190.0], [89887.5, 10.0], [89877.5, 10.0], [89870.0, 180.0], [89865.0, 7580.0]], "asks": [[89977.5, 5680.0], [89990.0, 720.0], [89992.5, 2400.0], [89995.0, 2540.0], [89997.5, 7000.0], [90000.0, 2000.0], [90005.0, 950.0], [90007.5, 3000.0], [90010.0, 190.0], [90015.0, 610.0], [90017.5, 2040.0], [90025.0, 1850.0], [90027.5, 6000.0], [90030.0, 2190.0], [90042.5, 1700.0], [90045.0, 5680.0], [90050.0, 8340.0], [90052.5, 25160.0], [90055.0, 2000.0], [90057.5, 600.0]]}}}
{"jsonrpc": "2.0", "method": "subscription", "params": {"channel": "book.BTC-19DEC25.none.20.100ms", "data": {"timestamp": 1765794803162, "change_id": 131884031472, "instrument_name": "BTC-19DEC25", "bids": [[89975.0, 5680.0], [89970.0, 180.0], [89967.5, 10.0], [89965.0, 1490.0], [89962.5, 5000.0], [89950.0, 190.0], [89937.5, 3700.0], [89935.0, 12410.0], [89932.5, 1750.0], [89930.0, 5860.0], [89915.0, 16160.0], [89912.5, 50000.0], [89910.0, 4750.0], [89897.5, 4730.0], [89895.0, 15840.0], [89890.0, 190.0], [89887.5, 10.0], [89877.5, 10.0], [89870.0, 180.0], [89865.0, 7580.0]], "asks": [[89977.5, 5680.0], [89990.0, 720.0], [89992.5, 2400.0], [89995.0, 2540.0], [89997.5, 7000.0], [90000.0, 2000.0], [90005.0, 950.0], [90007.5, 3000.0], [90010.0, 190.0], [90015.0, 610.0], [90017.5, 2040.0], [90025.0, 1850.0], [90027.5, 6000.0], [90030.0, 2190.0], [90042.5, 1700.0], [90045.0, 5680.0], [90050.0, 8340.0], [90052.5, 25160.0], [90055.0, 2000.0], [90057.5, 600.0]]}}}
{"jsonrpc": "2.0", "method": "subscription", "params": {"channel": "book.BTC-19DEC25.none.20.100ms", "data": {"timestamp": 1765794803617, "change_id": 131884032014, "instrument_name": "BTC-19DEC25", "bids": [[89975.0, 5680.0], [89970.0, 180.0], [89965.0, 1500.0], [89962.5, 5000.0], [89950.0, 190.0], [89937.5, 3700.0], [89935.0, 12410.0], [89932.5, 1750.0], [89930.0, 5860.0], [89917.5, 50000.0], [89915.0, 1420.0], [89910.0, 4750.0], [89897.5, 4730.0], [89895.0, 15840.0], [89890.0, 190.0], [89887.5, 10.0], [89877.5, 10.0], [89870.0, 180.0], [89865.0, 7580.0], [89862.5, 25390.0]], "asks": [[89977.5, 5680.0], [89990.0, 720.0], [89992.5, 2400.0], [89995.0, 2540.0], [89997.5, 7000.0], [90000.0, 2000.0], [90005.0, 950.0], [90007.5, 3000.0], [90010.0, 190.0], [90015.0, 610.0], [90017.5, 2040.0], [90025.0, 1850.0], [90027.5, 6000.0], [90030.0, 2190.0], [90042.5, 1700.0], [90045.0, 5680.0], [90050.0, 8340.0], [90052.5, 25160.0], [90055.0, 2000.0], [90057.5, 600.0]]}}}
{"jsonrpc": "2.0", "method": "subscription", "params": {"channel": "book.BTC-19DEC25.none.20.100ms", "data": {"timestamp": 1765794803905, "change_id": 131884032920, "instrument_name": "BTC-19DEC25", "bids": [[89970.0, 2680.0], [89967.5, 1700.0], [89965.0, 7180.0], [89962.5, 5000.0], [89950.0, 180.0], [89940.0, 10.0], [89937.5, 3700.0], [89935.0, 12410.0], [89932.5, 1750.0], [89930.0, 5860.0], [89925.0, 14930.0], [89922.5, 50000.0], [89915.0, 1420.0], [89910.0, 4750.0], [89897.5, 4730.0], [89895.0, 15840.0], [89890.0, 190.0], [89887.5, 10.0], [89877.5, 10.0], [89870.0, 180.0]], "asks": [[89972.5, 5680.0], [89985.0, 600.0], [89987.5, 2000.0], [89990.0, 720.0], [89992.5, 2400.0], [89995.0, 2540.0], [89997.5, 5000.0], [90000.0, 2000.0], [90005.0, 950.0], [90007.5, 3000.0], [90010.0, 190.0], [90015.0, 610.0], [90017.5, 2040.0], [90022.5, 600.0], [90025.0, 3850.0], [90027.5, 6000.0], [90030.0, 2190.0], [90042.5, 1700.0], [90045.0, 5680.0], [90050.0, 8340.0]]}}}
{"jsonrpc": "2.0", "method": "subscription", "params": {"channel": "book.BTC-19DEC25.none.20.100ms", "data": {"timestamp": 1765794804265, "change_id": 131884033459, "instrument_name": "BTC-19DEC25", "bids": [[89970.0, 2680.0], [89967.5, 1700.0], [89965.0, 7180.0], [89962.5, 5000.0], [89950.0, 180.0], [89940.0, 10.0], [89937.5, 3700.0], [89935.0, 12410.0], [89932.5, 1750.0], [89930.0, 5860.0], [89925.0, 14930.0], [89922.5, 50000.0], [89915.0, 1420.0], [89910.0, 4750.0], [89897.5, 4730.0], [89895.0, 15840.0], [89890.0, 190.0], [89887.5, 10.0], [89877.5, 10.0], [89870.0, 180.0]], "asks": [[89972.5, 5680.0], [89985.0, 2010.0], [89987.5, 2000.0], [89990.0, 5720.0], [89992.5, 2400.0], [89997.5, 600.0], [90000.0, 2000.0], [90005.0, 950.0], [90007.5, 3000.0], [90010.0, 190.0], [90022.5, 600.0], [90025.0, 3850.0], [90027.5, 6000.0], [90030.0, 2190.0], [90042.5, 1700.0], [90045.0, 5680.0], [90050.0, 8340.0], [90052.5, 25160.0], [90055.0, 2000.0], [90057.5, 600.0]]}}}
{"jsonrpc": "2.0", "method": "subscription", "params": {"channel": "book.BTC-19DEC25.none.20.100ms", "data": {"timestamp": 1765794804944, "change_id": 131884034383, "instrument_name": "BTC-19DEC25", "bids": [[89970.0, 2680.0], [89967.5, 1700.0], [89965.0, 7180.0], [89962.5, 5000.0], [89950.0, 180.0], [89947.5, 6440.0], [89945.0, 21580.0], [89940.0, 10.0], [89937.5, 3700.0], [89935.0, 12410.0], [89932.5, 1750.0], [89930.0, 5860.0], [89925.0, 14930.0], [89922.5, 50000.0], [89915.0, 1420.0], [89910.0, 4750.0], [89897.5, 4730.0], [89895.0, 15840.0], [89890.0, 190.0], [89887.5, 10.0]], "asks": [[89972.5, 5680.0], [89985.0, 2010.0], [89987.5, 2000.0], [89990.0, 5720.0], [89997.5, 600.0], [90000.0, 2000.0], [90005.0, 950.0], [90007.5, 3000.0], [90010.0, 190.0], [90022.5, 600.0], [90025.0, 3850.0], [90027.5, 6000.0], [90030.0, 2190.0], [90042.5, 1700.0], [90045.0, 5680.0], [90050.0, 8340.0], [90052.5, 25160.0], [90055.0, 2000.0], [90057.5, 600.0], [90060.0, 2000.0]]}}}
{"jsonrpc": "2.0", "method": "subscription", "params": {"channel": "book.BTC-19DEC25.none.20.100ms", "data": {"timestamp": 1765794805235, "change_id": 131884034811, "instrument_name": "BTC-19DEC25", "bids": [[89972.5, 4350.0], [89970.0, 5860.0], [89967.5, 10.0], [89965.0, 1490.0], [89962.5, 5000.0], [89950.0, 21550.0], [89947.5, 50000.0], [89945.0, 21580.0], [89940.0, 10.0], [89937.5, 3700.0], [89935.0, 12410.0], [89932.5, 1750.0], [89930.0, 5860.0], [89915.0, 1420.0], [89910.0, 4750.0], [89897.5, 4730.0], [89895.0, 15840.0], [89890.0, 190.0], [89887.5, 10.0], [89877.5, 10.0]], "asks": [[89977.5, 5680.0], [89985.0, 2010.0], [89987.5, 2000.0], [89990.0, 5720.0], [89997.5, 600.0], [90000.0, 2000.0], [90005.0, 950.0], [90007.5, 3000.0], [90010.0, 190.0], [90022.5, 600.0], [90025.0, 3850.0], [90027.5, 6000.0], [90030.0, 2190.0], [90042.5, 1700.0], [90045.0, 5680.0], [90050.0, 8340.0], [90052.5, 25160.0], [90055.0, 2000.0], [90057.5, 600.0], [90060.0, 2000.0]]}}}
{"jsonrpc": "2.0", "method": "subscription", "params": {"channel": "book.BTC-19DEC25.none.20.100ms", "data": {"timestamp": 1765794805488, "change_id": 131884035446, "instrument_name": "BTC-19DEC25", "bids": [[89975.0, 5680.0], [89970.0, 180.0], [89965.0, 1500.0], [89962.5, 5000.0], [89950.0, 21550.0], [89947.5, 50000.0], [89945.0, 21580.0], [89940.0, 10.0], [89937.5, 3700.0], [89935.0, 12410.0], [89932.5, 1750.0], [89930.0, 5860.0], [89915.0, 1420.0], [89910.0, 4750.0], [89897.5, 4730.0], [89895.0, 15840.0], [89890.0, 190.0], [89887.5, 10.0], [89877.5, 10.0], [89870.0, 180.0]], "asks": [[89985.0, 2010.0], [89987.5, 2000.0], [89990.0, 5720.0], [89997.5, 600.0], [90000.0, 2000.0], [90005.0, 950.0], [90007.5, 3000.0], [90010.0, 190.0], [90022.5, 600.0], [90025.0, 3850.0], [90027.5, 6000.0], [90030.0, 2190.0], [90042.5, 1700.0], [90045.0, 5680.0], [90050.0, 8340.0], [90052.5, 25160.0], [90055.0, 2000.0], [90057.5, 600.0], [90060.0, 2000.0], [90070.0, 5100.0]]}}}
{"jsonrpc": "2.0", "method": "subscription", "params": {"channel": "book.BTC-19DEC25.none.20.100ms", "data": {"timestamp": 1765794805798, "change_id": 131884035775, "instrument_name": "BTC-19DEC25", "bids": [[89977.5, 2600.0], [89975.0, 5680.0], [89970.0, 180.0], [89965.0, 1500.0], [89962.5, 5000.0], [89950.0, 21550.0], [89947.5, 50000.0], [89945.0, 21580.0], [89940.0, 10.0], [89937.5, 3700.0], [89935.0, 12410.0], [89932.5, 1750.0], [89930.0, 5860.0], [89915.0, 1420.0], [89910.0, 4750.0], [89897.5, 4730.0], [89895.0, 15840.0], [89890.0, 190.0], [89887.5, 10.0], [89877.5, 10.0]], "asks": [[89980.0, 1900.0], [89982.5, 5680.0], [89985.0, 2010.0], [89987.5, 2000.0], [89990.0, 5720.0], [89997.5, 600.0], [90000.0, 2000.0], [90005.0, 950.0], [90007.5, 3000.0], [90010.0, 190.0], [90022.5, 600.0], [90025.0, 3850.0], [90027.5, 6000.0], [90030.0, 2190.0], [90042.5, 1700.0], [90045.0, 5680.0], [90050.0, 8340.0], [90052.5, 25160.0], [90055.0, 2000.0], [90057.5, 600.0]]}}}
{"jsonrpc": "2.0", "method": "subscription", "params": {"channel": "book.BTC-19DEC25.none.20.100ms", "data": {"timestamp": 1765794806189, "change_id": 131884036225, "instrument_name": "BTC-19DEC25", "bids": [[89977.5, 2600.0], [89975.0, 5680.0], [89970.0, 180.0], [89965.0, 1500.0], [89962.5, 5000.0], [89950.0, 21550.0], [89947.5, 50000.0], [89945.0, 21580.0], [89940.0, 10.0], [89937.5, 3700.0], [89935.0, 12410.0], [89932.5, 1750.0], [89930.0, 5860.0], [89915.0, 1420.0], [89910.0, 4750.0], [89897.5, 4730.0], [89895.0, 15840.0], [89890.0, 190.0], [89887.5, 10.0], [89877.5, 10.0]], "asks": [[89980.0, 1900.0], [89982.5, 5680.0], [89985.0, 2010.0], [89987.5, 2000.0], [89990.0, 5720.0], [89997.5, 600.0], [90000.0, 2000.0], [90005.0, 950.0], [90007.5, 3000.0], [90010.0, 190.0], [90022.5, 600.0], [90025.0, 3850.0], [90027.5, 6000.0], [90030.0, 2190.0], [90042.5, 1700.0], [90045.0, 5680.0], [90050.0, 8340.0], [90052.5, 25160.0], [90055.0, 2000.0], [90057.5, 600.0]]}}}
{"jsonrpc": "2.0", "method": "subscription", "params": {"channel": "book.BTC-19DEC25.none.20.100ms", "data": {"timestamp": 1765794806836, "change_id": 131884037003, "instrument_name": "BTC-19DEC25", "bids": [[89977.5, 2600.0], [89975.0, 5680.0], [89970.0, 180.0], [89965.0, 1500.0], [89962.5, 5000.0], [89950.0, 21550.0], [89947.5, 50000.0], [89945.0, 21580.0], [89940.0, 10.0], [89932.5, 1750.0], [89930.0, 5860.0], [89915.0, 1420.0], [89910.0, 8450.0], [89907.5, 12410.0], [89897.5, 4730.0], [89895.0, 15840.0], [89890.0, 190.0], [89887.5, 10.0], [89877.5, 10.0], [89870.0, 180.0]], "asks": [[89980.0, 2600.0], [89982.5, 5680.0], [89985.0, 2010.0], [89987.5, 2000.0], [89990.0, 5720.0], [89997.5, 600.0], [90000.0, 2000.0], [90005.0, 950.0], [90007.5, 3000.0], [90010.0, 190.0], [90022.5, 600.0], [90025.0, 3850.0], [90027.5, 6000.0], [90030.0, 2190.0], [90042.5, 1700.0], [90045.0, 5680.0], [90050.0, 8340.0], [90052.5, 25160.0], [90055.0, 2000.0], [90057.5, 600.0]]}}}
{"jsonrpc": "2.0", "method": "subscription", "params": {"channel": "book.BTC-19DEC25.none.20.100ms", "data": {"timestamp": 1765794807207, "change_id": 131884037526, "instrument_name": "BTC-19DEC25", "bids": [[89975.0, 5680.0], [89970.0, 180.0], [89965.0, 1510.0], [89962.5, 5000.0], [89950.0, 180.0], [89940.0, 10.0], [89930.0, 5860.0], [89915.0, 1420.0], [89910.0, 8450.0], [89907.5, 12410.0], [89897.5, 4730.0], [89895.0, 65840.0], [89890.0, 190.0], [89887.5, 10.0], [89877.5, 10.0], [89870.0, 180.0], [89850.0, 180.0], [89842.5, 7580.0], [89840.0, 33040.0], [89837.5, 25620.0]], "asks": [[89985.0, 2010.0], [89987.5, 2000.0], [89990.0, 5720.0], [89997.5, 600.0], [90000.0, 2000.0], [90005.0, 950.0], [90007.5, 3000.0], [90010.0, 190.0], [90025.0, 4440.0], [90027.5, 6000.0], [90030.0, 2190.0], [90042.5, 1700.0], [90045.0, 5680.0], [90050.0, 8340.0], [90052.5, 25160.0], [90055.0, 2000.0], [90057.5, 600.0], [90060.0, 2000.0], [90070.0, 5100.0], [90072.5, 16490.0]]}}}
{"jsonrpc": "2.0", "method": "subscription", "params": {"channel": "book.BTC-19DEC25.none.20.100ms", "data": {"timestamp": 1765794807269, "change_id": 131884037612, "instrument_name": "BTC-19DEC25", "bids": [[89975.0, 5680.0], [89970.0, 180.0], [89965.0, 1510.0], [89962.5, 5000.0], [89950.0, 180.0], [89940.0, 10.0], [89930.0, 5860.0], [89915.0, 1420.0], [89910.0, 8450.0], [89907.5, 12410.0], [89897.5, 4730.0], [89895.0, 65840.0], [89890.0, 190.0], [89887.5, 10.0], [89877.5, 10.0], [89870.0, 180.0], [89850.0, 180.0], [89842.5, 7580.0], [89840.0, 33040.0], [89837.5, 25620.0]], "asks": [[89977.5, 5680.0], [89985.0, 2010.0], [89987.5, 2000.0], [89990.0, 5720.0], [89997.5, 600.0], [90000.0, 2000.0], [90005.0, 950.0], [90007.5, 3000.0], [90010.0, 190.0], [90025.0, 4440.0], [90027.5, 6000.0], [90030.0, 2190.0], [90042.5, 1700.0], [90045.0, 5680.0], [90050.0, 8340.0], [90052.5, 25160.0], [90055.0, 2000.0], [90057.5, 600.0], [90060.0, 2000.0], [90070.0, 5100.0]]}}}
{"jsonrpc": "2.0", "method": "subscription", "params": {"channel": "book.BTC-19DEC25.none.20.100ms", "data": {"timestamp": 1765794809574, "change_id": 131884040166, "instrument_name": "BTC-19DEC25", "bids": [[89975.0, 5680.0], [89970.0, 180.0], [89965.0, 1510.0], [89962.5, 5000.0], [89950.0, 180.0], [89940.0, 10.0], [89932.5, 1750.0], [89930.0, 5860.0], [89915.0, 1420.0], [89910.0, 8450.0], [89907.5, 12410.0], [89897.5, 19050.0], [89895.0, 65840.0], [89890.0, 190.0], [89887.5, 10.0], [89877.5, 10.0], [89870.0, 180.0], [89850.0, 180.0], [89842.5, 7580.0], [89840.0, 33040.0]], "asks": [[89977.5, 5680.0], [89985.0, 2010.0], [89987.5, 2000.0], [89990.0, 5720.0], [89997.5, 600.0], [90000.0, 2000.0], [90005.0, 950.0], [90007.5, 3000.0], [90010.0, 190.0], [90022.5, 600.0], [90025.0, 4440.0], [90027.5, 6000.0], [90030.0, 2190.0], [90042.5, 1700.0], [90045.0, 5680.0], [90050.0, 8340.0], [90052.5, 25160.0], [90055.0, 2000.0], [90057.5, 600.0], [90060.0, 2000.0]]}}}
{"jsonrpc": "2.0", "method": "subscription", "params": {"channel": "book.BTC-19DEC25.none.20.100ms", "data": {"timestamp": 1765794809803, "change_id": 131884040775, "instrument_name": "BTC-19DEC25", "bids": [[89970.0, 5860.0], [89962.5, 10.0], [89960.0, 690.0], [89957.5, 2300.0], [89955.0, 1550.0], [89952.5, 5000.0], [89950.0, 180.0], [89940.0, 10.0], [89932.5, 1750.0], [89930.0, 5860.0], [89915.0, 1420.0], [89910.0, 4750.0], [89900.0, 12410.0], [89897.5, 19050.0], [89895.0, 65840.0], [89890.0, 190.0], [89887.5, 10.0], [89877.5, 10.0], [89870.0, 180.0], [89850.0, 180.0]], "asks": [[89972.5, 5680.0], [89980.0, 600.0], [89982.5, 2000.0], [89985.0, 1420.0], [89990.0, 5720.0], [89997.5, 600.0], [90000.0, 2000.0], [90005.0, 950.0], [90007.5, 3000.0], [90010.0, 190.0], [90022.5, 600.0], [90025.0, 4440.0], [90027.5, 6000.0], [90030.0, 2190.0], [90042.5, 1700.0], [90045.0, 5680.0], [90050.0, 8340.0], [90052.5, 25160.0], [90055.0, 2000.0], [90057.5, 600.0]]}}}
{"jsonrpc": "2.0", "method": "subscription", "params": {"channel": "book.BTC-19DEC25.none.20.100ms", "data": {"timestamp": 1765794810057, "change_id": 131884041111, "instrument_name": "BTC-19DEC25", "bids": [[89970.0, 5860.0], [89962.5, 1500.0], [89960.0, 5690.0], [89957.5, 2300.0], [89950.0, 180.0], [89940.0, 10.0], [89932.5, 1750.0], [89930.0, 5860.0], [89915.0, 1420.0], [89910.0, 4750.0], [89900.0, 12410.0], [89897.5, 19050.0], [89895.0, 65840.0], [89890.0, 190.0], [89887.5, 10.0], [89877.5, 10.0], [89870.0, 180.0], [89850.0, 180.0], [89842.5, 7580.0], [89840.0, 33040.0]], "asks": [[89972.5, 5680.0], [89980.0, 600.0], [89982.5, 2000.0], [89985.0, 1420.0], [89990.0, 5720.0], [89997.5, 600.0], [90000.0, 2000.0], [90002.5, 330.0], [90005.0, 950.0], [90007.5, 3000.0], [90010.0, 190.0], [90022.5, 600.0], [90025.0, 4440.0], [90027.5, 6000.0], [90030.0, 2190.0], [90042.5, 1700.0], [90045.0, 5680.0], [90050.0, 8340.0], [90052.5, 25160.0], [90055.0, 2000.0]]}}}
{"jsonrpc": "2.0", "method": "subscription", "params": {"channel": "book.BTC-19DEC25.none.20.100ms", "data": {"timestamp": 1765794810792, "change_id": 131884042095, "instrument_name": "BTC-19DEC25", "bids": [[89970.0, 5860.0], [89962.5, 1500.0], [89960.0, 5690.0], [89950.0, 180.0], [89940.0, 10.0], [89932.5, 1750.0], [89930.0, 5860.0], [89915.0, 1420.0], [89910.0, 4750.0], [89902.5, 3700.0], [89900.0, 12410.0], [89897.5, 19050.0], [89895.0, 65840.0], [89890.0, 190.0], [89887.5, 10.0], [89877.5, 10.0], [89870.0, 180.0], [89850.0, 180.0], [89842.5, 7580.0], [89840.0, 33040.0]], "asks": [[89972.5, 5680.0], [89980.0, 600.0], [89982.5, 2000.0], [89985.0, 1420.0], [89990.0, 5720.0], [89997.5, 600.0], [90000.0, 2000.0], [90002.5, 330.0], [90005.0, 950.0], [90007.5, 3000.0], [90010.0, 190.0], [90022.5, 600.0], [90025.0, 4440.0], [90027.5, 6000.0], [90030.0, 2190.0], [90042.5, 1700.0], [90045.0, 5680.0], [90050.0, 8340.0], [90052.5, 25160.0], [90055.0, 2000.0]]}}}
{"jsonrpc": "2.0", "method": "subscription", "params": {"channel": "book.BTC-19DEC25.none.20.100ms", "data": {"timestamp": 1765794811141, "change_id": 131884042519, "instrument_name": "BTC-19DEC25", "bids": [[89970.0, 5860.0], [89962.5, 1500.0], [89960.0, 5690.0], [89950.0, 180.0], [89947.5, 6440.0], [89945.0, 21580.0], [89940.0, 10.0], [89932.5, 1750.0], [89930.0, 5860.0], [89917.5, 50000.0], [89915.0, 1420.0], [89910.0, 4750.0], [89902.5, 3700.0], [89900.0, 12410.0], [89897.5, 4730.0], [89895.0, 15840.0], [89890.0, 190.0], [89887.5, 10.0], [89877.5, 10.0], [89870.0, 180.0]], "asks": [[89972.5, 5680.0], [89980.0, 600.0], [89982.5, 2000.0], [89985.0, 1420.0], [89990.0, 5720.0], [89997.5, 600.0], [90000.0, 2000.0], [90002.5, 330.0], [90005.0, 950.0], [90007.5, 3000.0], [90010.0, 190.0], [90022.5, 600.0], [90025.0, 4440.0], [90027.5, 6000.0], [90030.0, 2190.0], [90042.5, 1700.0], [90045.0, 5680.0], [90050.0, 8340.0], [90052.5, 25160.0], [90055.0, 2000.0]]}}}
{"jsonrpc": "2.0", "method": "subscription", "params": {"channel": "book.BTC-19DEC25.none.20.100ms", "data": {"timestamp": 1765794811494, "change_id": 131884042971, "instrument_name": "BTC-19DEC25", "bids": [[89970.0, 180.0], [89962.5, 1500.0], [89960.0, 5690.0], [89950.0, 180.0], [89947.5, 6440.0], [89945.0, 21580.0], [89940.0, 10.0], [89932.5, 1750.0], [89930.0, 5860.0], [89917.5, 50000.0], [89915.0, 1420.0], [89910.0, 4750.0], [89902.5, 3700.0], [89900.0, 12410.0], [89897.5, 4730.0], [89895.0, 15840.0], [89890.0, 190.0], [89887.5, 10.0], [89877.5, 10.0], [89870.0, 180.0]], "asks": [[89972.5, 5680.0], [89980.0, 600.0], [89982.5, 2000.0], [89985.0, 1420.0], [89990.0, 5720.0], [89997.5, 600.0], [90000.0, 2000.0], [90002.5, 330.0], [90005.0, 950.0], [90007.5, 3000.0], [90010.0, 190.0], [90022.5, 600.0], [90025.0, 4440.0], [90027.5, 6000.0], [90030.0, 2190.0], [90042.5, 1700.0], [90045.0, 5680.0], [90050.0, 8340.0], [90052.5, 25160.0], [90055.0, 2000.0]]}}}
{"jsonrpc": "2.0", "method": "subscription", "params": {"channel": "book.BTC-19DEC25.none.20.100ms", "data": {"timestamp": 1765794811702, "change_id": 131884043147, "instrument_name": "BTC-19DEC25", "bids": [[89970.0, 5860.0], [89962.5, 1500.0], [89960.0, 5690.0], [89950.0, 180.0], [89940.0, 10.0], [89932.5, 1750.0], [89930.0, 5860.0], [89915.0, 1420.0], [89910.0, 4750.0], [89907.5, 50000.0], [89902.5, 3700.0], [89900.0, 12410.0], [89897.5, 4730.0], [89895.0, 15840.0], [89890.0, 190.0], [89887.5, 10.0], [89877.5, 10.0], [89870.0, 180.0], [89850.0, 180.0], [89842.5, 7580.0]], "asks": [[89972.5, 5680.0], [89980.0, 600.0], [89982.5, 2000.0], [89985.0, 1420.0], [89990.0, 5720.0], [89997.5, 600.0], [90000.0, 2000.0], [90002.5, 330.0], [90005.0, 950.0], [90007.5, 3000.0], [90010.0, 190.0], [90022.5, 600.0], [90025.0, 4440.0], [90027.5, 6000.0], [90030.0, 2190.0], [90042.5, 1700.0], [90045.0, 5680.0], [90050.0, 8340.0], [90052.5, 25160.0], [90055.0, 2000.0]]}}}
{"jsonrpc": "2.0", "method": "subscription", "params": {"channel": "book.BTC-19DEC25.none.20.100ms", "data": {"timestamp": 1765794812195, "change_id": 131884043838, "instrument_name": "BTC-19DEC25", "bids": [[89970.0, 5860.0], [89962.5, 1500.0], [89960.0, 5690.0], [89950.0, 180.0], [89947.5, 6440.0], [89945.0, 21580.0], [89940.0, 10.0], [89932.5, 1750.0], [89930.0, 5860.0], [89917.5, 50000.0], [89915.0, 1420.0], [89910.0, 4750.0], [89902.5, 3700.0], [89900.0, 12410.0], [89897.5, 4730.0], [89895.0, 15840.0], [89890.0, 190.0], [89887.5, 10.0], [89877.5, 10.0], [89870.0, 180.0]], "asks": [[89972.5, 5680.0], [89980.0, 600.0], [89982.5, 2000.0], [89985.0, 1420.0], [89990.0, 5720.0], [89997.5, 600.0], [90000.0, 2000.0], [90002.5, 330.0], [90005.0, 950.0], [90007.5, 3000.0], [90010.0, 190.0], [90022.5, 600.0], [90025.0, 4440.0], [90027.5, 6000.0], [90030.0, 2190.0], [90042.5, 1700.0], [90045.0, 5680.0], [90050.0, 8340.0], [90052.5, 25160.0], [90055.0, 2000.0]]}}}
{"jsonrpc": "2.0", "method": "subscription", "params": {"channel": "book.BTC-19DEC25.none.20.100ms", "data": {"timestamp": 1765794812504, "change_id": 131884044308, "instrument_name": "BTC-19DEC25", "bids": [[89970.0, 5860.0], [89962.5, 1500.0], [89960.0, 5690.0], [89950.0, 180.0], [89947.5, 6440.0], [89945.0, 21580.0], [89940.0, 10.0], [89932.5, 1750.0], [89930.0, 5860.0], [89917.5, 50000.0], [89915.0, 1420.0], [89910.0, 4750.0], [89902.5, 3700.0], [89900.0, 12410.0], [89897.5, 4730.0], [89895.0, 15840.0], [89890.0, 190.0], [89887.5, 10.0], [89877.5, 10.0], [89870.0, 180.0]], "asks": [[89972.5, 5680.0], [89980.0, 600.0], [89982.5, 2000.0], [89985.0, 1420.0], [89990.0, 5720.0], [89997.5, 600.0], [90000.0, 2000.0], [90005.0, 950.0], [90007.5, 3000.0], [90010.0, 190.0], [90022.5, 600.0], [90025.0, 4440.0], [90027.5, 6000.0], [90030.0, 2190.0], [90042.5, 1700.0], [90045.0, 5680.0], [90050.0, 8340.0], [90052.5, 25160.0], [90055.0, 2000.0], [90057.5, 600.0]]}}}
{"jsonrpc": "2.0", "method": "subscription", "params": {"channel": "book.BTC-19DEC25.none.20.100ms", "data": {"timestamp": 1765794812913, "change_id": 131884044714, "instrument_name": "BTC-19DEC25", "bids": [[89970.0, 5860.0], [89965.0, 10.0], [89962.5, 1490.0], [89960.0, 5690.0], [89950.0, 180.0], [89947.5, 6440.0], [89945.0, 21580.0], [89940.0, 10.0], [89932.5, 1750.0], [89930.0, 5860.0], [89917.5, 50000.0], [89915.0, 1420.0], [89910.0, 4750.0], [89902.5, 3700.0], [89900.0, 12410.0], [89897.5, 4730.0], [89895.0, 15840.0], [89890.0, 190.0], [89887.5, 10.0], [89877.5, 10.0]], "asks": [[89972.5, 5680.0], [89980.0, 600.0], [89982.5, 2000.0], [89985.0, 1420.0], [89990.0, 5720.0], [89997.5, 600.0], [90000.0, 2000.0], [90005.0, 950.0], [90007.5, 3000.0], [90010.0, 190.0], [90022.5, 600.0], [90025.0, 4440.0], [90027.5, 6000.0], [90030.0, 2190.0], [90042.5, 1700.0], [90045.0, 5680.0], [90050.0, 8340.0], [90052.5, 25160.0], [90055.0, 2000.0], [90057.5, 600.0]]}}}
{"jsonrpc": "2.0", "method": "subscription", "params": {"channel": "book.BTC-19DEC25.none.20.100ms", "data": {"timestamp": 1765794813506, "change_id": 131884045390, "instrument_name": "BTC-19DEC25", "bids": [[89970.0, 5860.0], [89962.5, 1500.0], [89960.0, 5690.0], [89950.0, 180.0], [89947.5, 6440.0], [89945.0, 21580.0], [89940.0, 10.0], [89932.5, 1750.0], [89930.0, 5860.0], [89922.5, 50000.0], [89915.0, 1420.0], [89910.0, 4750.0], [89902.5, 3700.0], [89900.0, 12410.0], [89897.5, 4730.0], [89895.0, 15840.0], [89890.0, 190.0], [89887.5, 10.0], [89877.5, 10.0], [89870.0, 180.0]], "asks": [[89972.5, 5680.0], [89980.0, 600.0], [89982.5, 2000.0], [89985.0, 1420.0], [89990.0, 5720.0], [89997.5, 600.0], [90000.0, 2000.0], [90005.0, 950.0], [90007.5, 3000.0], [90010.0, 190.0], [90022.5, 600.0], [90025.0, 4440.0], [90027.5, 6000.0], [90030.0, 2190.0], [90042.5, 1700.0], [90045.0, 5680.0], [90050.0, 8340.0], [90052.5, 25160.0], [90055.0, 2000.0], [90057.5, 600.0]]}}}
{"jsonrpc": "2.0", "method": "subscription", "params": {"channel": "book.BTC-19DEC25.none.20.100ms", "data": {"timestamp": 1765794813740, "change_id": 131884045500, "instrument_name": "BTC-19DEC25", "bids": [[89970.0, 5860.0], [89962.5, 1500.0], [89960.0, 5690.0], [89950.0, 180.0], [89947.5, 6440.0], [89945.0, 21580.0], [89940.0, 10.0], [89932.5, 1750.0], [89930.0, 5860.0], [89922.5, 50000.0], [89915.0, 1420.0], [89910.0, 4750.0], [89902.5, 3700.0], [89900.0, 12410.0], [89897.5, 4730.0], [89895.0, 15840.0], [89890.0, 190.0], [89887.5, 10.0], [89877.5, 10.0], [89870.0, 180.0]], "asks": [[89972.5, 5680.0], [89980.0, 600.0], [89982.5, 2000.0], [89985.0, 1420.0], [89990.0, 5720.0], [89997.5, 600.0], [90000.0, 2000.0], [90005.0, 950.0], [90007.5, 3000.0], [90010.0, 190.0], [90022.5, 600.0], [90025.0, 4440.0], [90027.5, 6000.0], [90030.0, 2190.0], [90042.5, 1700.0], [90045.0, 5680.0], [90050.0, 8340.0], [90052.5, 25160.0], [90055.0, 2000.0], [90057.5, 600.0]]}}}
{"jsonrpc": "2.0", "method": "subscription", "params": {"channel": "book.BTC-19DEC25.none.20.100ms", "data": {"timestamp": 1765794813936, "change_id": 131884045809, "instrument_name": "BTC-19DEC25", "bids": [[89970.0, 5860.0], [89962.5, 1500.0], [89960.0, 5690.0], [89950.0, 180.0], [89947.5, 6440.0], [89945.0, 21580.0], [89940.0, 10.0], [89932.5, 1750.0], [89930.0, 5860.0], [89922.5, 50000.0], [89915.0, 1420.0], [89910.0, 4750.0], [89897.5, 4730.0], [89895.0, 15840.0], [89892.5, 12410.0], [89890.0, 190.0], [89887.5, 10.0], [89877.5, 10.0], [89870.0, 180.0], [89850.0, 180.0]], "asks": [[89972.5, 5680.0], [89980.0, 600.0], [89982.5, 2000.0], [89985.0, 1420.0], [89990.0, 5720.0], [89997.5, 600.0], [90000.0, 2000.0], [90005.0, 950.0], [90007.5, 3000.0], [90010.0, 190.0], [90022.5, 600.0], [90025.0, 4440.0], [90027.5, 6000.0], [90030.0, 2190.0], [90042.5, 1700.0], [90045.0, 5680.0], [90050.0, 8340.0], [90052.5, 25160.0], [90055.0, 2000.0], [90057.5, 600.0]]}}}
{"jsonrpc": "2.0", "method": "subscription", "params": {"channel": "book.BTC-19DEC25.none.20.100ms", "data": {"timestamp": 1765794814495, "change_id": 131884046718, "instrument_name": "BTC-19DEC25", "bids": [[89975.0, 5680.0], [89970.0, 180.0], [89965.0, 10.0], [89962.5, 1490.0], [89960.0, 5690.0], [89950.0, 180.0], [89947.5, 6440.0], [89945.0, 21580.0], [89940.0, 10.0], [89932.5, 1750.0], [89930.0, 5860.0], [89925.0, 14930.0], [89922.5, 50000.0], [89915.0, 1420.0], [89910.0, 4750.0], [89897.5, 4730.0], [89895.0, 19600.0], [89892.5, 12410.0], [89890.0, 190.0], [89887.5, 10.0]], "asks": [[89977.5, 5680.0], [89980.0, 600.0], [89982.5, 2000.0], [89985.0, 1420.0], [89990.0, 5720.0], [89997.5, 600.0], [90000.0, 2000.0], [90005.0, 950.0], [90007.5, 3000.0], [90010.0, 190.0], [90022.5, 600.0], [90025.0, 4440.0], [90027.5, 6000.0], [90030.0, 2190.0], [90042.5, 1700.0], [90045.0, 5680.0], [90050.0, 8340.0], [90052.5, 25160.0], [90055.0, 2000.0], [90057.5, 600.0]]}}}
{"jsonrpc": "2.0", "method": "subscription", "params": {"channel": "book.BTC-19DEC25.none.20.100ms", "data": {"timestamp": 1765794814746, "change_id": 131884046860, "instrument_name": "BTC-19DEC25", "bids": [[89972.5, 5680.0], [89970.0, 180.0], [89965.0, 10.0], [89962.5, 1490.0], [89960.0, 5690.0], [89950.0, 180.0], [89947.5, 6440.0], [89945.0, 21580.0], [89940.0, 10.0], [89932.5, 1750.0], [89930.0, 5860.0], [89927.5, 50000.0], [89915.0, 1420.0], [89910.0, 4750.0], [89897.5, 4730.0], [89895.0, 19600.0], [89892.5, 12410.0], [89890.0, 190.0], [89887.5, 10.0], [89877.5, 10.0]], "asks": [[89975.0, 2300.0], [89977.5, 5680.0], [89980.0, 600.0], [89982.5, 2000.0], [89985.0, 1420.0], [89990.0, 5720.0], [89997.5, 600.0], [90000.0, 2000.0], [90005.0, 950.0], [90007.5, 3000.0], [90010.0, 190.0], [90022.5, 600.0], [90025.0, 4440.0], [90027.5, 6000.0], [90030.0, 2190.0], [90042.5, 1700.0], [90045.0, 5680.0], [90050.0, 8340.0], [90052.5, 25160.0], [90055.0, 2000.0]]}}}
{"jsonrpc": "2.0", "method": "subscription", "params": {"channel": "book.BTC-19DEC25.none.20.100ms", "data": {"timestamp": 1765794816191, "change_id": 131884048426, "instrument_name": "BTC-19DEC25", "bids": [[89970.0, 5860.0], [89962.5, 1500.0], [89960.0, 5690.0], [89950.0, 180.0], [89947.5, 6440.0], [89945.0, 21580.0], [89940.0, 10.0], [89932.5, 1750.0], [89930.0, 5860.0], [89917.5, 50000.0], [89915.0, 1420.0], [89910.0, 4750.0], [89897.5, 4730.0], [89895.0, 19600.0], [89892.5, 12410.0], [89890.0, 190.0], [89887.5, 10.0], [89877.5, 10.0], [89870.0, 180.0], [89850.0, 180.0]], "asks": [[89975.0, 2300.0], [89977.5, 5680.0], [89980.0, 600.0], [89982.5, 2000.0], [89985.0, 1420.0], [89990.0, 5720.0], [89997.5, 600.0], [90000.0, 2000.0], [90005.0, 950.0], [90007.5, 3000.0], [90010.0, 190.0], [90022.5, 600.0], [90025.0, 4440.0], [90027.5, 6000.0], [90030.0, 2190.0], [90042.5, 1700.0], [90045.0, 5680.0], [90050.0, 8340.0], [90052.5, 25160.0], [90055.0, 2000.0]]}}}
{"jsonrpc": "2.0", "method": "subscription", "params": {"channel": "book.BTC-19DEC25.none.20.100ms", "data": {"timestamp": 1765794816318, "change_id": 131884048601, "instrument_name": "BTC-19DEC25", "bids": [[89970.0, 5860.0], [89962.5, 1500.0], [89960.0, 5690.0], [89950.0, 180.0], [89947.5, 6440.0], [89945.0, 21580.0], [89940.0, 10.0], [89932.5, 1750.0], [89930.0, 5860.0], [89917.5, 50000.0], [89915.0, 1420.0], [89910.0, 4750.0], [89897.5, 4730.0], [89895.0, 19600.0], [89892.5, 12410.0], [89890.0, 190.0], [89887.5, 10.0], [89877.5, 10.0], [89870.0, 180.0], [89850.0, 180.0]], "asks": [[89975.0, 7980.0], [89980.0, 600.0], [89982.5, 2000.0], [89985.0, 1420.0], [89990.0, 5720.0], [89997.5, 600.0], [90000.0, 2000.0], [90005.0, 950.0], [90007.5, 3000.0], [90010.0, 190.0], [90022.5, 600.0], [90025.0, 4440.0], [90027.5, 6000.0], [90030.0, 2190.0], [90042.5, 1700.0], [90045.0, 5680.0], [90050.0, 8340.0], [90052.5, 25160.0], [90055.0, 2000.0], [90057.5, 600.0]]}}}
{"jsonrpc": "2.0", "method": "subscription", "params": {"channel": "book.BTC-19DEC25.none.20.100ms", "data": {"timestamp": 1765794816724, "change_id": 131884049014, "instrument_name": "BTC-19DEC25", "bids": [[89972.5, 2500.0], [89970.0, 5860.0], [89962.5, 1500.0], [89960.0, 5690.0], [89950.0, 180.0], [89947.5, 6440.0], [89945.0, 21580.0], [89940.0, 10.0], [89932.5, 51750.0], [89930.0, 5860.0], [89915.0, 1420.0], [89910.0, 4750.0], [89897.5, 4730.0], [89895.0, 19600.0], [89892.5, 12410.0], [89890.0, 190.0], [89887.5, 10.0], [89877.5, 10.0], [89870.0, 180.0], [89850.0, 180.0]], "asks": [[89975.0, 5680.0], [89980.0, 600.0], [89982.5, 2000.0], [89985.0, 1420.0], [89990.0, 5720.0], [89997.5, 600.0], [90000.0, 2000.0], [90005.0, 950.0], [90007.5, 3000.0], [90010.0, 190.0], [90022.5, 600.0], [90025.0, 4440.0], [90027.5, 6000.0], [90030.0, 2190.0], [90042.5, 1700.0], [90045.0, 5680.0], [90050.0, 8340.0], [90052.5, 25160.0], [90055.0, 2000.0], [90057.5, 600.0]]}}}
{"jsonrpc": "2.0", "method": "subscription", "params": {"channel": "book.BTC-19DEC25.none.20.100ms", "data": {"timestamp": 1765794816866, "change_id": 131884049166, "instrument_name": "BTC-19DEC25", "bids": [[89972.5, 2500.0], [89970.0, 5860.0], [89965.0, 10.0], [89962.5, 1490.0], [89960.0, 5690.0], [89950.0, 180.0], [89947.5, 6440.0], [89945.0, 21580.0], [89940.0, 10.0], [89932.5, 51750.0], [89930.0, 5860.0], [89915.0, 1420.0], [89910.0, 4750.0], [89897.5, 4730.0], [89895.0, 19600.0], [89892.5, 12410.0], [89890.0, 190.0], [89887.5, 10.0], [89877.5, 10.0], [89870.0, 180.0]], "asks": [[89975.0, 5680.0], [89980.0, 600.0], [89982.5, 2000.0], [89985.0, 1420.0], [89990.0, 5720.0], [89997.5, 600.0], [90000.0, 2000.0], [90005.0, 950.0], [90007.5, 3000.0], [90010.0, 190.0], [90022.5, 600.0], [90025.0, 4440.0], [90027.5, 6000.0], [90030.0, 2190.0], [90042.5, 1700.0], [90045.0, 5680.0], [90050.0, 8340.0], [90052.5, 25160.0], [90055.0, 2000.0], [90057.5, 600.0]]}}}
{"jsonrpc": "2.0", "method": "subscription", "params": {"channel": "book.BTC-19DEC25.none.20.100ms", "data": {"timestamp": 1765794817383, "change_id": 131884049882, "instrument_name": "BTC-19DEC25", "bids": [[89972.5, 4250.0], [89970.0, 7360.0], [89967.5, 5000.0], [89965.0, 10.0], [89950.0, 180.0], [89947.5, 6440.0], [89945.0, 21580.0], [89940.0, 10.0], [89932.5, 50000.0], [89930.0, 5860.0], [89915.0, 1420.0], [89910.0, 4750.0], [89897.5, 4730.0], [89895.0, 19600.0], [89892.5, 12410.0], [89890.0, 190.0], [89887.5, 10.0], [89877.5, 10.0], [89870.0, 180.0], [89850.0, 180.0]], "asks": [[89977.5, 5680.0], [89980.0, 600.0], [89982.5, 2000.0], [89985.0, 1420.0], [89990.0, 5720.0], [89997.5, 600.0], [90000.0, 2000.0], [90005.0, 950.0], [90007.5, 3000.0], [90010.0, 190.0], [90022.5, 600.0], [90025.0, 4440.0], [90027.5, 6000.0], [90030.0, 2190.0], [90042.5, 1700.0], [90045.0, 5680.0], [90050.0, 8340.0], [90052.5, 25160.0], [90055.0, 2000.0], [90057.5, 600.0]]}}}
{"jsonrpc": "2.0", "method": "subscription", "params": {"channel": "book.BTC-19DEC25.none.20.100ms", "data": {"timestamp": 1765794817780, "change_id": 131884050433, "instrument_name": "BTC-19DEC25", "bids": [[89972.5, 8180.0], [89970.0, 1680.0], [89967.5, 5000.0], [89965.0, 10.0], [89950.0, 180.0], [89947.5, 6440.0], [89945.0, 21580.0], [89940.0, 10.0], [89930.0, 5860.0], [89927.5, 50000.0], [89915.0, 1420.0], [89910.0, 4750.0], [89897.5, 4730.0], [89895.0, 19600.0], [89892.5, 12410.0], [89890.0, 190.0], [89887.5, 10.0], [89877.5, 10.0], [89870.0, 180.0], [89850.0, 180.0]], "asks": [[89975.0, 1600.0], [89980.0, 600.0], [89982.5, 2000.0], [89985.0, 1420.0], [89990.0, 5720.0], [89997.5, 600.0], [90000.0, 2000.0], [90005.0, 950.0], [90007.5, 3000.0], [90010.0, 190.0], [90022.5, 600.0], [90025.0, 4440.0], [90027.5, 6000.0], [90030.0, 2190.0], [90042.5, 1700.0], [90045.0, 5680.0], [90050.0, 8340.0], [90052.5, 25160.0], [90055.0, 2000.0], [90057.5, 600.0]]}}}
{"jsonrpc": "2.0", "method": "subscription", "params": {"channel": "book.BTC-19DEC25.none.20.100ms", "data": {"timestamp": 1765794817899, "change_id": 131884050497, "instrument_name": "BTC-19DEC25", "bids": [[89972.5, 8180.0], [89970.0, 1680.0], [89967.5, 5000.0], [89965.0, 10.0], [89950.0, 180.0], [89947.5, 6440.0], [89945.0, 21580.0], [89940.0, 10.0], [89930.0, 5860.0], [89927.5, 50000.0], [89915.0, 1420.0], [89910.0, 4750.0], [89897.5, 4730.0], [89895.0, 19600.0], [89892.5, 12410.0], [89890.0, 190.0], [89887.5, 10.0], [89877.5, 10.0], [89870.0, 180.0], [89850.0, 180.0]], "asks": [[89975.0, 1600.0], [89977.5, 5680.0], [89980.0, 600.0], [89982.5, 2000.0], [89985.0, 1420.0], [89990.0, 5720.0], [89997.5, 600.0], [90000.0, 2000.0], [90005.0, 950.0], [90007.5, 3000.0], [90010.0, 190.0], [90022.5, 600.0], [90025.0, 4440.0], [90027.5, 6000.0], [90030.0, 2190.0], [90042.5, 1700.0], [90045.0, 5680.0], [90050.0, 8340.0], [90052.5, 25160.0], [90055.0, 2000.0]]}}}
{"jsonrpc": "2.0", "method": "subscription", "params": {"channel": "book.BTC-19DEC25.none.20.100ms", "data": {"timestamp": 1765794818491, "change_id": 131884051328, "instrument_name": "BTC-19DEC25", "bids": [[89972.5, 8180.0], [89970.0, 1680.0], [89967.5, 5000.0], [89965.0, 10.0], [89950.0, 180.0], [89947.5, 6440.0], [89945.0, 21580.0], [89940.0, 10.0], [89930.0, 5860.0], [89927.5, 50000.0], [89915.0, 1420.0], [89910.0, 4750.0], [89897.5, 4730.0], [89895.0, 19600.0], [89892.5, 12410.0], [89890.0, 190.0], [89887.5, 10.0], [89877.5, 10.0], [89870.0, 180.0], [89850.0, 180.0]], "asks": [[89975.0, 1600.0], [89977.5, 5680.0], [89980.0, 600.0], [89982.5, 2000.0], [89985.0, 1420.0], [89990.0, 5720.0], [89997.5, 600.0], [90000.0, 2000.0], [90005.0, 950.0], [90007.5, 3000.0], [90010.0, 190.0], [90022.5, 600.0], [90025.0, 4440.0], [90027.5, 6000.0], [90030.0, 2190.0], [90042.5, 1700.0], [90045.0, 5680.0], [90050.0, 8340.0], [90052.5, 25160.0], [90055.0, 2000.0]]}}}
{"jsonrpc": "2.0", "method": "subscription", "params": {"channel": "book.BTC-19DEC25.none.20.100ms", "data": {"timestamp": 1765794818585, "change_id": 131884051345, "instrument_name": "BTC-19DEC25", "bids": [[89972.5, 8180.0], [89970.0, 1680.0], [89967.5, 5000.0], [89965.0, 10.0], [89950.0, 180.0], [89947.5, 6440.0], [89945.0, 21580.0], [89940.0, 10.0], [89930.0, 5860.0], [89927.5, 50000.0], [89915.0, 1420.0], [89910.0, 4750.0], [89897.5, 4730.0], [89895.0, 19600.0], [89892.5, 12410.0], [89890.0, 190.0], [89887.5, 10.0], [89877.5, 10.0], [89870.0, 180.0], [89850.0, 180.0]], "asks": [[89977.5, 5680.0], [89980.0, 600.0], [89982.5, 2000.0], [89985.0, 1420.0], [89990.0, 5720.0], [89997.5, 600.0], [90000.0, 2000.0], [90005.0, 950.0], [90007.5, 3000.0], [90010.0, 190.0], [90022.5, 600.0], [90025.0, 4440.0], [90027.5, 6000.0], [90030.0, 2190.0], [90042.5, 1700.0], [90045.0, 5680.0], [90050.0, 8340.0], [90052.5, 25160.0], [90055.0, 2000.0], [90057.5, 600.0]]}}}
{"jsonrpc": "2.0", "method": "subscription", "params": {"channel": "book.BTC-19DEC25.none.20.100ms", "data": {"timestamp": 1765794819578, "change_id": 131884052502, "instrument_name": "BTC-19DEC25", "bids": [[89972.5, 8180.0], [89970.0, 1680.0], [89967.5, 5010.0], [89950.0, 180.0], [89947.5, 6440.0], [89945.0, 21580.0], [89940.0, 10.0], [89930.0, 5860.0], [89917.5, 50000.0], [89915.0, 1420.0], [89910.0, 4750.0], [89897.5, 4730.0], [89895.0, 19600.0], [89892.5, 12410.0], [89890.0, 190.0], [89887.5, 10.0], [89877.5, 10.0], [89870.0, 180.0], [89850.0, 180.0], [89840.0, 7650.0]], "asks": [[89977.5, 5680.0], [89982.5, 2000.0], [89997.5, 2010.0], [90000.0, 7000.0], [90005.0, 950.0], [90007.5, 3000.0], [90010.0, 190.0], [90022.5, 600.0], [90025.0, 4440.0], [90027.5, 6000.0], [90030.0, 2190.0], [90042.5, 1700.0], [90045.0, 5680.0], [90050.0, 8340.0], [90052.5, 25160.0], [90055.0, 2000.0], [90057.5, 600.0], [90060.0, 2000.0], [90070.0, 5100.0], [90072.5, 16490.0]]}}}
{"jsonrpc": "2.0", "method": "subscription", "params": {"channel": "book.BTC-19DEC25.none.20.100ms", "data": {"timestamp": 1765794819971, "change_id": 131884052915, "instrument_name": "BTC-19DEC25", "bids": [[89972.5, 8180.0], [89970.0, 1680.0], [89967.5, 5010.0], [89950.0, 180.0], [89947.5, 6440.0], [89945.0, 21580.0], [89940.0, 10.0], [89935.0, 50000.0], [89932.5, 12410.0], [89930.0, 5860.0], [89915.0, 1420.0], [89910.0, 4750.0], [89897.5, 4730.0], [89895.0, 15840.0], [89890.0, 190.0], [89887.5, 10.0], [89877.5, 10.0], [89870.0, 180.0], [89857.5, 7580.0], [89855.0, 25390.0]], "asks": [[89977.5, 5680.0], [89982.5, 2000.0], [89997.5, 2010.0], [90000.0, 7000.0], [90005.0, 950.0], [90007.5, 3000.0], [90010.0, 190.0], [90022.5, 600.0], [90025.0, 4440.0], [90027.5, 6000.0], [90030.0, 2190.0], [90042.5, 1700.0], [90045.0, 5680.0], [90050.0, 8340.0], [90052.5, 25160.0], [90055.0, 2000.0], [90057.5, 600.0], [90060.0, 2000.0], [90070.0, 5100.0], [90072.5, 16490.0]]}}}
{"jsonrpc": "2.0", "method": "subscription", "params": {"channel": "book.BTC-19DEC25.none.20.100ms", "data": {"timestamp": 1765794820824, "change_id": 131884053782, "instrument_name": "BTC-19DEC25", "bids": [[89972.5, 8180.0], [89970.0, 1680.0], [89967.5, 5010.0], [89952.5, 6500.0], [89950.0, 21760.0], [89947.5, 6440.0], [89945.0, 21580.0], [89940.0, 10.0], [89937.5, 14930.0], [89935.0, 50000.0], [89932.5, 12410.0], [89930.0, 5860.0], [89915.0, 1420.0], [89910.0, 4750.0], [89897.5, 4730.0], [89895.0, 15840.0], [89890.0, 190.0], [89887.5, 10.0], [89877.5, 10.0], [89870.0, 180.0]], "asks": [[89977.5, 5680.0], [89982.5, 2000.0], [89997.5, 2010.0], [90000.0, 7000.0], [90005.0, 950.0], [90007.5, 3000.0], [90010.0, 190.0], [90022.5, 600.0], [90025.0, 4440.0], [90027.5, 6000.0], [90030.0, 2190.0], [90042.5, 1700.0], [90045.0, 5680.0], [90050.0, 8340.0], [90052.5, 25160.0], [90055.0, 2000.0], [90057.5, 600.0], [90060.0, 2000.0], [90070.0, 5100.0], [90072.5, 16490.0]]}}}
{"jsonrpc": "2.0", "method": "subscription", "params": {"channel": "book.BTC-19DEC25.none.20.100ms", "data": {"timestamp": 1765794821006, "change_id": 131884053965, "instrument_name": "BTC-19DEC25", "bids": [[89972.5, 8180.0], [89970.0, 1680.0], [89967.5, 5010.0], [89952.5, 6500.0], [89950.0, 21760.0], [89947.5, 56440.0], [89945.0, 21580.0], [89940.0, 10.0], [89932.5, 12410.0], [89930.0, 5860.0], [89915.0, 1420.0], [89910.0, 4750.0], [89897.5, 4730.0], [89895.0, 15840.0], [89890.0, 190.0], [89887.5, 10.0], [89877.5, 10.0], [89870.0, 180.0], [89857.5, 7580.0], [89855.0, 25390.0]], "asks": [[89977.5, 5680.0], [89982.5, 2000.0], [89997.5, 2010.0], [90000.0, 7000.0], [90005.0, 950.0], [90007.5, 3000.0], [90010.0, 190.0], [90022.5, 600.0], [90025.0, 4440.0], [90027.5, 6000.0], [90030.0, 2190.0], [90042.5, 1700.0], [90045.0, 5680.0], [90050.0, 8340.0], [90052.5, 25160.0], [90055.0, 2000.0], [90057.5, 600.0], [90060.0, 2000.0], [90070.0, 5100.0], [90072.5, 16490.0]]}}}
{"jsonrpc": "2.0", "method": "subscription", "params": {"channel": "book.BTC-19DEC25.none.20.100ms", "data": {"timestamp": 1765794822147, "change_id": 131884056002, "instrument_name": "BTC-19DEC25", "bids": [[89992.5, 5680.0], [89975.0, 5000.0], [89972.5, 10.0], [89970.0, 180.0], [89950.0, 21760.0], [89947.5, 50000.0], [89945.0, 21580.0], [89932.5, 12410.0], [89930.0, 5860.0], [89910.0, 4750.0], [89895.0, 15840.0], [89890.0, 190.0], [89887.5, 10.0], [89877.5, 10.0], [89870.0, 180.0], [89855.0, 25390.0], [89850.0, 180.0], [89837.5, 25620.0], [89830.0, 180.0], [89822.5, 9040.0]], "asks": [[89997.5, 5680.0], [90000.0, 2000.0], [90005.0, 2000.0], [90007.5, 3000.0], [90010.0, 190.0], [90012.5, 5000.0], [90025.0, 2000.0], [90027.5, 6000.0], [90030.0, 2190.0], [90045.0, 5680.0], [90050.0, 230.0], [90052.5, 25160.0], [90055.0, 2000.0], [90060.0, 2000.0], [90070.0, 180.0], [90085.0, 2000.0], [90090.0, 190.0], [90095.0, 16210.0], [90100.0, 80.0], [90110.0, 180.0]]}}}
{"jsonrpc": "2.0", "method": "subscription", "params": {"channel": "book.BTC-19DEC25.none.20.100ms", "data": {"timestamp": 1765794822478, "change_id": 131884056563, "instrument_name": "BTC-19DEC25", "bids": [[89975.0, 5000.0], [89970.0, 190.0], [89950.0, 180.0], [89935.0, 12410.0], [89930.0, 5860.0], [89910.0, 4750.0], [89895.0, 15840.0], [89890.0, 190.0], [89887.5, 10.0], [89885.0, 50000.0], [89877.5, 10.0], [89870.0, 25570.0], [89850.0, 180.0], [89837.5, 25620.0], [89830.0, 180.0], [89822.5, 9040.0], [89820.0, 2260.0], [89817.5, 41290.0], [89810.0, 180.0], [89792.5, 51240.0]], "asks": [[89992.5, 5680.0], [90000.0, 2000.0], [90005.0, 2000.0], [90007.5, 3000.0], [90010.0, 190.0], [90012.5, 5000.0], [90025.0, 2000.0], [90027.5, 6000.0], [90030.0, 2190.0], [90045.0, 5680.0], [90050.0, 230.0], [90052.5, 25160.0], [90055.0, 2000.0], [90060.0, 2000.0], [90070.0, 180.0], [90085.0, 2000.0], [90090.0, 190.0], [90095.0, 15830.0], [90100.0, 80.0], [90110.0, 180.0]]}}}
{"jsonrpc": "2.0", "method": "subscription", "params": {"channel": "book.BTC-19DEC25.none.20.100ms", "data": {"timestamp": 1765794822804, "change_id": 131884057241, "instrument_name": "BTC-19DEC25", "bids": [[89990.0, 5680.0], [89985.0, 1490.0], [89982.5, 5000.0], [89970.0, 190.0], [89950.0, 180.0], [89937.5, 3700.0], [89935.0, 12410.0], [89932.5, 1750.0], [89930.0, 5860.0], [89912.5, 1420.0], [89910.0, 4750.0], [89897.5, 4730.0], [89895.0, 30820.0], [89892.5, 50000.0], [89890.0, 190.0], [89887.5, 10.0], [89877.5, 10.0], [89872.5, 7630.0], [89870.0, 25570.0], [89850.0, 180.0]], "asks": [[90000.0, 2000.0], [90002.5, 600.0], [90005.0, 2950.0], [90007.5, 3000.0], [90010.0, 1680.0], [90012.5, 5000.0], [90022.5, 600.0], [90025.0, 4440.0], [90027.5, 6000.0], [90030.0, 2190.0], [90042.5, 1700.0], [90045.0, 5680.0], [90050.0, 8340.0], [90052.5, 25160.0], [90055.0, 2000.0], [90057.5, 600.0], [90060.0, 2000.0], [90070.0, 180.0], [90082.5, 600.0], [90085.0, 2000.0]]}}}
{"jsonrpc": "2.0", "method": "subscription", "params": {"channel": "book.BTC-19DEC25.none.20.100ms", "data": {"timestamp": 1765794823085, "change_id": 131884057911, "instrument_name": "BTC-19DEC25", "bids": [[89980.0, 8280.0], [89977.5, 2600.0], [89972.5, 5000.0], [89970.0, 180.0], [89967.5, 10.0], [89950.0, 180.0], [89935.0, 12410.0], [89930.0, 5860.0], [89910.0, 4750.0], [89897.5, 50000.0], [89895.0, 15840.0], [89890.0, 190.0], [89887.5, 10.0], [89877.5, 10.0], [89870.0, 25570.0], [89850.0, 180.0], [89837.5, 25620.0], [89830.0, 180.0], [89822.5, 9040.0], [89820.0, 2260.0]], "asks": [[89985.0, 5680.0], [90000.0, 2000.0], [90005.0, 7000.0], [90007.5, 3000.0], [90010.0, 190.0], [90025.0, 2000.0], [90027.5, 6000.0], [90030.0, 2190.0], [90045.0, 5680.0], [90050.0, 230.0], [90052.5, 25160.0], [90055.0, 2000.0], [90060.0, 2000.0], [90070.0, 180.0], [90085.0, 2000.0], [90090.0, 190.0], [90095.0, 15830.0], [90100.0, 80.0], [90110.0, 180.0], [90115.0, 10.0]]}}}
{"jsonrpc": "2.0", "method": "subscription", "params": {"channel": "book.BTC-19DEC25.none.20.100ms", "data": {"timestamp": 1765794823452, "change_id": 131884058488, "instrument_name": "BTC-19DEC25", "bids": [[89982.5, 2600.0], [89977.5, 1700.0], [89975.0, 7240.0], [89972.5, 5000.0], [89970.0, 180.0], [89967.5, 10.0], [89957.5, 71220.0], [89955.0, 21580.0], [89950.0, 180.0], [89947.5, 10.0], [89935.0, 12410.0], [89930.0, 5870.0], [89910.0, 4750.0], [89895.0, 15840.0], [89890.0, 190.0], [89887.5, 10.0], [89877.5, 10.0], [89870.0, 25570.0], [89850.0, 180.0], [89837.5, 25620.0]], "asks": [[89992.5, 5690.0], [89997.5, 600.0], [90000.0, 2000.0], [90002.5, 2090.0], [90005.0, 7000.0], [90007.5, 3000.0], [90010.0, 190.0], [90025.0, 2000.0], [90027.5, 6000.0], [90030.0, 2190.0], [90045.0, 5690.0], [90050.0, 230.0], [90052.5, 25160.0], [90055.0, 2000.0], [90060.0, 2000.0], [90070.0, 180.0], [90085.0, 2000.0], [90090.0, 190.0], [90095.0, 15830.0], [90100.0, 80.0]]}}}
{"jsonrpc": "2.0", "method": "subscription", "params": {"channel": "book.BTC-19DEC25.none.20.100ms", "data": {"timestamp": 1765794823653, "change_id": 131884058709, "instrument_name": "BTC-19DEC25", "bids": [[89982.5, 2600.0], [89977.5, 1700.0], [89975.0, 7240.0], [89972.5, 5000.0], [89970.0, 180.0], [89967.5, 10.0], [89960.0, 27700.0], [89957.5, 71220.0], [89955.0, 21580.0], [89950.0, 180.0], [89947.5, 10.0], [89937.5, 3700.0], [89935.0, 12410.0], [89932.5, 1750.0], [89930.0, 5870.0], [89912.5, 1420.0], [89910.0, 4750.0], [89897.5, 4730.0], [89895.0, 15840.0], [89890.0, 190.0]], "asks": [[89990.0, 2600.0], [89992.5, 5690.0], [89997.5, 600.0], [90000.0, 2000.0], [90002.5, 2090.0], [90005.0, 7950.0], [90007.5, 3000.0], [90010.0, 190.0], [90022.5, 600.0], [90025.0, 4440.0], [90027.5, 6000.0], [90030.0, 2190.0], [90042.5, 1700.0], [90045.0, 5690.0], [90050.0, 8340.0], [90052.5, 25160.0], [90055.0, 2000.0], [90057.5, 600.0], [90060.0, 2000.0], [90070.0, 180.0]]}}}
{"jsonrpc": "2.0", "method": "subscription", "params": {"channel": "book.BTC-19DEC25.none.20.100ms", "data": {"timestamp": 1765794824621, "change_id": 131884059826, "instrument_name": "BTC-19DEC25", "bids": [[89985.0, 2500.0], [89977.5, 1700.0], [89975.0, 7240.0], [89972.5, 5000.0], [89970.0, 190.0], [89960.0, 27700.0], [89957.5, 71220.0], [89955.0, 21580.0], [89950.0, 180.0], [89947.5, 10.0], [89937.5, 3700.0], [89935.0, 12410.0], [89932.5, 1750.0], [89930.0, 5870.0], [89912.5, 1420.0], [89910.0, 4750.0], [89897.5, 4730.0], [89895.0, 15840.0], [89890.0, 190.0], [89887.5, 10.0]], "asks": [[89990.0, 2600.0], [89995.0, 5690.0], [89997.5, 600.0], [90000.0, 2000.0], [90002.5, 2090.0], [90005.0, 7950.0], [90007.5, 3000.0], [90010.0, 190.0], [90022.5, 600.0], [90025.0, 4440.0], [90027.5, 6000.0], [90030.0, 2190.0], [90042.5, 1700.0], [90045.0, 5690.0], [90050.0, 8340.0], [90052.5, 25160.0], [90055.0, 2000.0], [90057.5, 600.0], [90060.0, 2000.0], [90070.0, 180.0]]}}}
{"jsonrpc": "2.0", "method": "subscription", "params": {"channel": "book.BTC-19DEC25.none.20.100ms", "data": {"timestamp": 1765794825107, "change_id": 131884060275, "instrument_name": "BTC-19DEC25", "bids": [[89985.0, 2500.0], [89977.5, 1700.0], [89975.0, 7240.0], [89972.5, 5000.0], [89970.0, 180.0], [89967.5, 10.0], [89960.0, 27700.0], [89957.5, 71220.0], [89955.0, 21580.0], [89950.0, 180.0], [89947.5, 10.0], [89937.5, 3700.0], [89935.0, 12410.0], [89932.5, 1750.0], [89930.0, 5870.0], [89912.5, 1420.0], [89910.0, 4750.0], [89897.5, 4730.0], [89895.0, 15840.0], [89890.0, 190.0]], "asks": [[89990.0, 2600.0], [89992.5, 1700.0], [89995.0, 5690.0], [89997.5, 600.0], [90000.0, 2000.0], [90002.5, 2090.0], [90005.0, 7950.0], [90007.5, 3000.0], [90010.0, 190.0], [90022.5, 600.0], [90025.0, 4440.0], [90027.5, 6000.0], [90030.0, 2190.0], [90042.5, 1700.0], [90045.0, 5690.0], [90050.0, 8340.0], [90052.5, 25160.0], [90055.0, 2000.0], [90057.5, 600.0], [90060.0, 2000.0]]}}}
{"jsonrpc": "2.0", "method": "subscription", "params": {"channel": "book.BTC-19DEC25.none.20.100ms", "data": {"timestamp": 1765794825623, "change_id": 131884060817, "instrument_name": "BTC-19DEC25", "bids": [[89977.5, 1700.0], [89975.0, 7240.0], [89972.5, 5000.0], [89970.0, 180.0], [89967.5, 10.0], [89960.0, 27700.0], [89957.5, 71220.0], [89955.0, 21580.0], [89950.0, 180.0], [89947.5, 10.0], [89937.5, 3700.0], [89935.0, 12410.0], [89932.5, 1750.0], [89930.0, 5870.0], [89912.5, 1420.0], [89910.0, 4750.0], [89897.5, 4730.0], [89895.0, 15840.0], [89890.0, 190.0], [89887.5, 10.0]], "asks": [[89990.0, 2600.0], [89992.5, 1700.0], [89995.0, 5690.0], [89997.5, 600.0], [90000.0, 2000.0], [90002.5, 2090.0], [90005.0, 7950.0], [90007.5, 3000.0], [90010.0, 190.0], [90022.5, 600.0], [90025.0, 4440.0], [90027.5, 6000.0], [90030.0, 2190.0], [90042.5, 1700.0], [90045.0, 5690.0], [90050.0, 8340.0], [90052.5, 25160.0], [90055.0, 2000.0], [90057.5, 600.0], [90060.0, 2000.0]]}}}
{"jsonrpc": "2.0", "method": "subscription", "params": {"channel": "book.BTC-19DEC25.none.20.100ms", "data": {"timestamp": 1765794826009, "change_id": 131884061261, "instrument_name": "BTC-19DEC25", "bids": [[89977.5, 4300.0], [89975.0, 7240.0], [89972.5, 5000.0], [89970.0, 180.0], [89967.5, 10.0], [89960.0, 27700.0], [89957.5, 71220.0], [89955.0, 21580.0], [89950.0, 180.0], [89947.5, 10.0], [89942.5, 3700.0], [89940.0, 12410.0], [89932.5, 1750.0], [89930.0, 5870.0], [89912.5, 1420.0], [89910.0, 4750.0], [89897.5, 4730.0], [89895.0, 15840.0], [89890.0, 190.0], [89887.5, 10.0]], "asks": [[89990.0, 2600.0], [89995.0, 5690.0], [89997.5, 600.0], [90000.0, 2000.0], [90002.5, 2090.0], [90005.0, 7950.0], [90007.5, 3000.0], [90010.0, 190.0], [90022.5, 600.0], [90025.0, 4440.0], [90027.5, 6000.0], [90030.0, 2190.0], [90042.5, 1700.0], [90045.0, 5690.0], [90050.0, 8340.0], [90052.5, 25160.0], [90055.0, 2000.0], [90057.5, 600.0], [90060.0, 2000.0], [90070.0, 180.0]]}}}
{"jsonrpc": "2.0", "method": "subscription", "params": {"channel": "book.BTC-19DEC25.none.20.100ms", "data": {"timestamp": 1765794826402, "change_id": 131884061904, "instrument_name": "BTC-19DEC25", "bids": [[89980.0, 2600.0], [89975.0, 3050.0], [89972.5, 5000.0], [89970.0, 5870.0], [89967.5, 10.0], [89950.0, 180.0], [89947.5, 10.0], [89942.5, 3700.0], [89940.0, 12410.0], [89932.5, 1750.0], [89930.0, 55870.0], [89912.5, 1420.0], [89910.0, 4750.0], [89897.5, 4730.0], [89895.0, 15840.0], [89890.0, 190.0], [89887.5, 10.0], [89877.5, 10.0], [89875.0, 7630.0], [89872.5, 25390.0]], "asks": [[89987.5, 3380.0], [89990.0, 2600.0], [89992.5, 1700.0], [89995.0, 5690.0], [89997.5, 600.0], [90000.0, 2000.0], [90002.5, 2090.0], [90005.0, 7950.0], [90007.5, 3000.0], [90010.0, 190.0], [90022.5, 600.0], [90025.0, 4440.0], [90027.5, 6000.0], [90030.0, 2190.0], [90042.5, 1700.0], [90045.0, 5690.0], [90050.0, 8340.0], [90052.5, 25160.0], [90055.0, 2000.0], [90057.5, 600.0]]}}}
{"jsonrpc": "2.0", "method": "subscription", "params": {"channel": "book.BTC-19DEC25.none.20.100ms", "data": {"timestamp": 1765794826784, "change_id": 131884062622, "instrument_name": "BTC-19DEC25", "bids": [[89977.5, 3380.0], [89975.0, 1550.0], [89972.5, 5000.0], [89970.0, 180.0], [89967.5, 10.0], [89950.0, 180.0], [89942.5, 3700.0], [89940.0, 12410.0], [89937.5, 10.0], [89932.5, 1750.0], [89930.0, 5870.0], [89915.0, 50000.0], [89912.5, 1420.0], [89910.0, 4750.0], [89897.5, 4730.0], [89895.0, 15840.0], [89890.0, 190.0], [89887.5, 10.0], [89877.5, 10.0], [89875.0, 7630.0]], "asks": [[89985.0, 2600.0], [89997.5, 600.0], [90000.0, 2000.0], [90002.5, 2090.0], [90005.0, 7950.0], [90007.5, 3000.0], [90010.0, 190.0], [90022.5, 600.0], [90025.0, 4440.0], [90027.5, 6000.0], [90030.0, 2190.0], [90042.5, 1700.0], [90045.0, 5690.0], [90050.0, 8340.0], [90052.5, 25160.0], [90055.0, 2000.0], [90057.5, 600.0], [90060.0, 2000.0], [90070.0, 180.0], [90082.5, 600.0]]}}}
{"jsonrpc": "2.0", "method": "subscription", "params": {"channel": "book.BTC-19DEC25.none.20.100ms", "data": {"timestamp": 1765794826923, "change_id": 131884062962, "instrument_name": "BTC-19DEC25", "bids": [[89980.0, 2600.0], [89975.0, 1550.0], [89972.5, 5000.0], [89970.0, 1880.0], [89967.5, 5700.0], [89950.0, 180.0], [89942.5, 3700.0], [89940.0, 12410.0], [89932.5, 1750.0], [89930.0, 5870.0], [89915.0, 50000.0], [89912.5, 1420.0], [89910.0, 4750.0], [89897.5, 4730.0], [89895.0, 15840.0], [89890.0, 190.0], [89887.5, 10.0], [89877.5, 10.0], [89875.0, 7630.0], [89872.5, 25390.0]], "asks": [[89985.0, 8290.0], [89997.5, 600.0], [90000.0, 2000.0], [90002.5, 2090.0], [90005.0, 7950.0], [90007.5, 3000.0], [90010.0, 190.0], [90022.5, 600.0], [90025.0, 4440.0], [90027.5, 6000.0], [90030.0, 2190.0], [90042.5, 1700.0], [90045.0, 5690.0], [90047.5, 4730.0], [90050.0, 23940.0], [90052.5, 25160.0], [90055.0, 2000.0], [90057.5, 600.0], [90060.0, 2000.0], [90070.0, 180.0]]}}}
{"jsonrpc": "2.0", "method": "subscription", "params": {"channel": "book.BTC-19DEC25.none.20.100ms", "data": {"timestamp": 1765794827687, "change_id": 131884063739, "instrument_name": "BTC-19DEC25", "bids": [[89980.0, 2600.0], [89975.0, 1550.0], [89972.5, 5000.0], [89970.0, 1880.0], [89967.5, 5700.0], [89950.0, 180.0], [89942.5, 3700.0], [89940.0, 12410.0], [89932.5, 1750.0], [89930.0, 5870.0], [89917.5, 14930.0], [89915.0, 50000.0], [89912.5, 1420.0], [89910.0, 4750.0], [89897.5, 4730.0], [89895.0, 15840.0], [89890.0, 190.0], [89887.5, 10.0], [89877.5, 10.0], [89875.0, 7630.0]], "asks": [[89985.0, 2600.0], [89990.0, 1700.0], [89992.5, 5690.0], [89997.5, 600.0], [90000.0, 2000.0], [90002.5, 2090.0], [90005.0, 7950.0], [90007.5, 3000.0], [90010.0, 190.0], [90022.5, 600.0], [90025.0, 4440.0], [90027.5, 6000.0], [90030.0, 2190.0], [90042.5, 1700.0], [90045.0, 5690.0], [90047.5, 4730.0], [90050.0, 23940.0], [90052.5, 25160.0], [90055.0, 2000.0], [90057.5, 600.0]]}}}
{"jsonrpc": "2.0", "method": "subscription", "params": {"channel": "book.BTC-19DEC25.none.20.100ms", "data": {"timestamp": 1765794828106, "change_id": 131884064232, "instrument_name": "BTC-19DEC25", "bids": [[89985.0, 780.0], [89982.5, 2600.0], [89975.0, 1550.0], [89972.5, 5000.0], [89970.0, 1880.0], [89967.5, 5700.0], [89950.0, 180.0], [89942.5, 3700.0], [89940.0, 12410.0], [89932.5, 1750.0], [89930.0, 5870.0], [89917.5, 14930.0], [89915.0, 50000.0], [89912.5, 1420.0], [89910.0, 4750.0], [89897.5, 4730.0], [89895.0, 15840.0], [89890.0, 190.0], [89887.5, 10.0], [89877.5, 10.0]], "asks": [[89997.5, 600.0], [90000.0, 2000.0], [90002.5, 2090.0], [90005.0, 7950.0], [90007.5, 3000.0], [90010.0, 190.0], [90022.5, 600.0], [90025.0, 4440.0], [90027.5, 6000.0], [90030.0, 2190.0], [90042.5, 1700.0], [90045.0, 5690.0], [90047.5, 4730.0], [90050.0, 23940.0], [90052.5, 25160.0], [90055.0, 2000.0], [90057.5, 600.0], [90060.0, 2000.0], [90070.0, 180.0], [90082.5, 600.0]]}}}
{"jsonrpc": "2.0", "method": "subscription", "params": {"channel": "book.BTC-19DEC25.none.20.100ms", "data": {"timestamp": 1765794828325, "change_id": 131884064503, "instrument_name": "BTC-19DEC25", "bids": [[89985.0, 1500.0], [89977.5, 1700.0], [89975.0, 7240.0], [89972.5, 5000.0], [89970.0, 180.0], [89967.5, 10.0], [89950.0, 180.0], [89942.5, 3700.0], [89940.0, 12410.0], [89932.5, 1750.0], [89930.0, 5870.0], [89917.5, 14930.0], [89915.0, 50000.0], [89912.5, 1420.0], [89910.0, 4750.0], [89897.5, 4730.0], [89895.0, 15840.0], [89890.0, 190.0], [89887.5, 10.0], [89877.5, 10.0]], "asks": [[89992.5, 5690.0], [89997.5, 600.0], [90000.0, 2000.0], [90002.5, 2090.0], [90005.0, 7950.0], [90007.5, 3000.0], [90010.0, 190.0], [90015.0, 6450.0], [90017.5, 21600.0], [90022.5, 22200.0], [90025.0, 4440.0], [90027.5, 6000.0], [90030.0, 2190.0], [90042.5, 1700.0], [90045.0, 5690.0], [90047.5, 4730.0], [90050.0, 23940.0], [90052.5, 25160.0], [90055.0, 2000.0], [90057.5, 600.0]]}}}
{"jsonrpc": "2.0", "method": "subscription", "params": {"channel": "book.BTC-19DEC25.none.20.100ms", "data": {"timestamp": 1765794828590, "change_id": 131884064868, "instrument_name": "BTC-19DEC25", "bids": [[89985.0, 1500.0], [89977.5, 1700.0], [89975.0, 7240.0], [89972.5, 5000.0], [89970.0, 180.0], [89967.5, 10.0], [89950.0, 180.0], [89942.5, 3700.0], [89940.0, 12410.0], [89932.5, 1750.0], [89930.0, 5870.0], [89917.5, 14930.0], [89915.0, 50000.0], [89912.5, 1420.0], [89910.0, 4750.0], [89897.5, 4730.0], [89895.0, 15840.0], [89890.0, 190.0], [89887.5, 10.0], [89877.5, 10.0]], "asks": [[89990.0, 2600.0], [89992.5, 5690.0], [89997.5, 600.0], [90000.0, 2000.0], [90002.5, 2090.0], [90005.0, 7950.0], [90007.5, 3000.0], [90010.0, 190.0], [90015.0, 6450.0], [90017.5, 21600.0], [90022.5, 22200.0], [90025.0, 4440.0], [90027.5, 6000.0], [90030.0, 2190.0], [90042.5, 1700.0], [90045.0, 5690.0], [90047.5, 4730.0], [90050.0, 23940.0], [90052.5, 25160.0], [90055.0, 2000.0]]}}}
{"jsonrpc": "2.0", "method": "subscription", "params": {"channel": "book.BTC-19DEC25.none.20.100ms", "data": {"timestamp": 1765794829058, "change_id": 131884065297, "instrument_name": "BTC-19DEC25", "bids": [[89985.0, 1500.0], [89977.5, 1700.0], [89975.0, 7240.0], [89972.5, 5000.0], [89970.0, 180.0], [89967.5, 10.0], [89950.0, 180.0], [89947.5, 10.0], [89945.0, 3700.0], [89942.5, 12410.0], [89932.5, 1750.0], [89930.0, 5870.0], [89917.5, 14930.0], [89915.0, 50000.0], [89912.5, 1420.0], [89910.0, 4750.0], [89897.5, 4730.0], [89895.0, 15840.0], [89890.0, 190.0], [89887.5, 10.0]], "asks": [[89990.0, 2600.0], [89992.5, 1700.0], [89995.0, 5690.0], [89997.5, 600.0], [90000.0, 2000.0], [90002.5, 2090.0], [90005.0, 7950.0], [90007.5, 3000.0], [90010.0, 190.0], [90015.0, 6450.0], [90017.5, 21600.0], [90020.0, 7040.0], [90022.5, 21600.0], [90025.0, 4440.0], [90027.5, 6000.0], [90030.0, 2190.0], [90042.5, 1700.0], [90045.0, 5690.0], [90047.5, 4730.0], [90050.0, 23940.0]]}}}
{"jsonrpc": "2.0", "method": "subscription", "params": {"channel": "book.BTC-19DEC25.none.20.100ms", "data": {"timestamp": 1765794829581, "change_id": 131884065859, "instrument_name": "BTC-19DEC25", "bids": [[89985.0, 2600.0], [89977.5, 1700.0], [89975.0, 7240.0], [89972.5, 5000.0], [89970.0, 180.0], [89967.5, 10.0], [89950.0, 180.0], [89947.5, 10.0], [89945.0, 3700.0], [89942.5, 12410.0], [89932.5, 1750.0], [89930.0, 5870.0], [89917.5, 14930.0], [89915.0, 50000.0], [89912.5, 1420.0], [89910.0, 4750.0], [89897.5, 4730.0], [89895.0, 15840.0], [89890.0, 190.0], [89887.5, 10.0]], "asks": [[89990.0, 2600.0], [89992.5, 1700.0], [89995.0, 5690.0], [89997.5, 600.0], [90000.0, 2000.0], [90002.5, 2090.0], [90005.0, 7950.0], [90007.5, 3000.0], [90010.0, 190.0], [90015.0, 6450.0], [90017.5, 21600.0], [90020.0, 7040.0], [90022.5, 21600.0], [90025.0, 4440.0], [90027.5, 6000.0], [90030.0, 2190.0], [90042.5, 1700.0], [90045.0, 5690.0], [90047.5, 4730.0], [90050.0, 23940.0]]}}}
{"jsonrpc": "2.0", "method": "subscription", "params": {"channel": "book.BTC-19DEC25.none.20.100ms", "data": {"timestamp": 1765794829911, "change_id": 131884066075, "instrument_name": "BTC-19DEC25", "bids": [[89985.0, 1500.0], [89977.5, 1700.0], [89975.0, 7240.0], [89972.5, 5000.0], [89970.0, 180.0], [89967.5, 10.0], [89950.0, 180.0], [89947.5, 10.0], [89945.0, 3700.0], [89942.5, 12410.0], [89932.5, 1750.0], [89930.0, 5870.0], [89917.5, 14930.0], [89915.0, 50000.0], [89912.5, 1420.0], [89910.0, 4750.0], [89897.5, 4730.0], [89895.0, 15840.0], [89890.0, 190.0], [89887.5, 10.0]], "asks": [[89990.0, 2600.0], [89992.5, 1700.0], [89995.0, 5690.0], [89997.5, 600.0], [90000.0, 2000.0], [90002.5, 2090.0], [90005.0, 7950.0], [90007.5, 3000.0], [90010.0, 190.0], [90015.0, 6450.0], [90017.5, 21600.0], [90020.0, 7040.0], [90022.5, 21600.0], [90025.0, 4440.0], [90027.5, 6000.0], [90030.0, 2190.0], [90042.5, 1700.0], [90045.0, 5690.0], [90047.5, 4730.0], [90050.0, 23940.0]]}}}
{"jsonrpc": "2.0", "method": "subscription", "params": {"channel": "book.BTC-19DEC25.none.20.100ms", "data": {"timestamp": 1765794831966, "change_id": 131884068018, "instrument_name": "BTC-19DEC25", "bids": [[89985.0, 1500.0], [89977.5, 1700.0], [89975.0, 7240.0], [89972.5, 5000.0], [89970.0, 180.0], [89967.5, 10.0], [89950.0, 180.0], [89947.5, 10.0], [89937.5, 3700.0], [89935.0, 12410.0], [89932.5, 1750.0], [89930.0, 5870.0], [89917.5, 14930.0], [89915.0, 50000.0], [89912.5, 1420.0], [89910.0, 4750.0], [89897.5, 4730.0], [89895.0, 15840.0], [89890.0, 190.0], [89887.5, 10.0]], "asks": [[89990.0, 2600.0], [89992.5, 1700.0], [89995.0, 5690.0], [89997.5, 600.0], [90000.0, 2000.0], [90002.5, 2090.0], [90005.0, 7950.0], [90007.5, 3000.0], [90010.0, 190.0], [90015.0, 6450.0], [90017.5, 21600.0], [90020.0, 7040.0], [90022.5, 21600.0], [90025.0, 4440.0], [90027.5, 6000.0], [90030.0, 2190.0], [90042.5, 1700.0], [90045.0, 5690.0], [90047.5, 4730.0], [90050.0, 23940.0]]}}}
{"jsonrpc": "2.0", "method": "subscription", "params": {"channel": "book.BTC-19DEC25.none.20.100ms", "data": {"timestamp": 1765794833708, "change_id": 131884069679, "instrument_name": "BTC-19DEC25", "bids": [[89985.0, 2600.0], [89977.5, 1700.0], [89975.0, 7240.0], [89972.5, 5000.0], [89970.0, 190.0], [89950.0, 180.0], [89947.5, 10.0], [89937.5, 3700.0], [89935.0, 12410.0], [89932.5, 1750.0], [89930.0, 5870.0], [89917.5, 14930.0], [89915.0, 50000.0], [89912.5, 1420.0], [89910.0, 4750.0], [89897.5, 4730.0], [89895.0, 15840.0], [89890.0, 190.0], [89887.5, 10.0], [89877.5, 10.0]], "asks": [[89990.0, 2600.0], [89992.5, 1700.0], [89995.0, 5690.0], [89997.5, 600.0], [90000.0, 2000.0], [90002.5, 2090.0], [90005.0, 7950.0], [90007.5, 3000.0], [90010.0, 190.0], [90015.0, 6450.0], [90017.5, 21600.0], [90020.0, 7040.0], [90022.5, 21600.0], [90025.0, 4440.0], [90027.5, 6000.0], [90030.0, 2190.0], [90042.5, 1700.0], [90045.0, 5690.0], [90047.5, 4730.0], [90050.0, 23940.0]]}}}
{"jsonrpc": "2.0", "method": "subscription", "params": {"channel": "book.BTC-19DEC25.none.20.100ms", "data": {"timestamp": 1765794833806, "change_id": 131884069849, "instrument_name": "BTC-19DEC25", "bids": [[89985.0, 2600.0], [89977.5, 1700.0], [89975.0, 7240.0], [89972.5, 5000.0], [89970.0, 180.0], [89967.5, 10.0], [89950.0, 180.0], [89947.5, 10.0], [89937.5, 3700.0], [89935.0, 12410.0], [89932.5, 1750.0], [89930.0, 5870.0], [89917.5, 14930.0], [89915.0, 50000.0], [89912.5, 1420.0], [89910.0, 4750.0], [89897.5, 4730.0], [89895.0, 15840.0], [89890.0, 190.0], [89887.5, 10.0]], "asks": [[89990.0, 2600.0], [89992.5, 1700.0], [89995.0, 5690.0], [89997.5, 600.0], [90000.0, 2000.0], [90002.5, 2090.0], [90005.0, 7950.0], [90007.5, 3000.0], [90010.0, 190.0], [90015.0, 6450.0], [90017.5, 21600.0], [90020.0, 7040.0], [90022.5, 21600.0], [90025.0, 4440.0], [90027.5, 6000.0], [90030.0, 2190.0], [90042.5, 1700.0], [90045.0, 5690.0], [90047.5, 4730.0], [90050.0, 23940.0]]}}}
{"jsonrpc": "2.0", "method": "subscription", "params": {"channel": "book.BTC-19DEC25.none.20.100ms", "data": {"timestamp": 1765794834613, "change_id": 131884070704, "instrument_name": "BTC-19DEC25", "bids": [[89985.0, 1500.0], [89977.5, 1700.0], [89975.0, 7240.0], [89972.5, 5000.0], [89970.0, 180.0], [89967.5, 10.0], [89950.0, 180.0], [89947.5, 10.0], [89937.5, 3700.0], [89935.0, 12410.0], [89932.5, 1750.0], [89930.0, 5870.0], [89917.5, 14930.0], [89915.0, 50000.0], [89912.5, 1420.0], [89910.0, 4750.0], [89897.5, 4730.0], [89895.0, 15840.0], [89890.0, 190.0], [89887.5, 10.0]], "asks": [[89990.0, 2600.0], [89992.5, 1700.0], [89995.0, 5690.0], [89997.5, 600.0], [90000.0, 2000.0], [90002.5, 2090.0], [90005.0, 7950.0], [90007.5, 3000.0], [90010.0, 190.0], [90015.0, 6450.0], [90017.5, 21600.0], [90020.0, 7040.0], [90022.5, 21600.0], [90025.0, 4440.0], [90027.5, 6000.0], [90030.0, 2190.0], [90042.5, 1700.0], [90045.0, 5690.0], [90047.5, 4730.0], [90050.0, 23940.0]]}}}
{"jsonrpc": "2.0", "method": "subscription", "params": {"channel": "book.BTC-19DEC25.none.20.100ms", "data": {"timestamp": 1765794834967, "change_id": 131884071024, "instrument_name": "BTC-19DEC25", "bids": [[89985.0, 1500.0], [89977.5, 1700.0], [89975.0, 7240.0], [89972.5, 5000.0], [89970.0, 180.0], [89967.5, 10.0], [89950.0, 180.0], [89947.5, 10.0], [89942.5, 3700.0], [89940.0, 12410.0], [89932.5, 1750.0], [89930.0, 5870.0], [89917.5, 14930.0], [89915.0, 50000.0], [89912.5, 1420.0], [89910.0, 4750.0], [89897.5, 4730.0], [89895.0, 15840.0], [89890.0, 190.0], [89887.5, 10.0]], "asks": [[89990.0, 2600.0], [89992.5, 1700.0], [89995.0, 5690.0], [89997.5, 600.0], [90000.0, 2000.0], [90002.5, 2090.0], [90005.0, 7950.0], [90007.5, 3000.0], [90010.0, 190.0], [90015.0, 6450.0], [90017.5, 21600.0], [90020.0, 7040.0], [90022.5, 21600.0], [90025.0, 4440.0], [90027.5, 6000.0], [90030.0, 2190.0], [90042.5, 1700.0], [90045.0, 5690.0], [90047.5, 4730.0], [90050.0, 23940.0]]}}}
{"jsonrpc": "2.0", "method": "subscription", "params": {"channel": "book.BTC-19DEC25.none.20.100ms", "data": {"timestamp": 1765794835380, "change_id": 131884071424, "instrument_name": "BTC-19DEC25", "bids": [[89985.0, 1500.0], [89975.0, 1550.0], [89972.5, 5000.0], [89970.0, 180.0], [89967.5, 10.0], [89950.0, 180.0], [89947.5, 10.0], [89942.5, 3700.0], [89940.0, 12410.0], [89932.5, 1750.0], [89930.0, 5870.0], [89917.5, 14930.0], [89915.0, 50000.0], [89912.5, 1420.0], [89910.0, 4750.0], [89897.5, 4730.0], [89895.0, 15840.0], [89890.0, 190.0], [89887.5, 10.0], [89877.5, 10.0]], "asks": [[89990.0, 2600.0], [89992.5, 5690.0], [89997.5, 600.0], [90000.0, 2000.0], [90002.5, 2090.0], [90005.0, 7950.0], [90007.5, 3000.0], [90010.0, 190.0], [90015.0, 6450.0], [90017.5, 21600.0], [90020.0, 7040.0], [90022.5, 21600.0], [90025.0, 4440.0], [90027.5, 6000.0], [90030.0, 2190.0], [90042.5, 1700.0], [90045.0, 5690.0], [90047.5, 4730.0], [90050.0, 23940.0], [90052.5, 25160.0]]}}}
{"jsonrpc": "2.0", "method": "subscription", "params": {"channel": "book.BTC-19DEC25.none.20.100ms", "data": {"timestamp": 1765794835491, "change_id": 131884071584, "instrument_name": "BTC-19DEC25", "bids": [[89985.0, 1500.0], [89977.5, 1700.0], [89975.0, 7240.0], [89972.5, 5000.0], [89970.0, 180.0], [89967.5, 10.0], [89950.0, 180.0], [89947.5, 10.0], [89942.5, 3700.0], [89940.0, 12410.0], [89932.5, 1750.0], [89930.0, 5870.0], [89917.5, 14930.0], [89915.0, 50000.0], [89912.5, 1420.0], [89910.0, 4750.0], [89897.5, 4730.0], [89895.0, 15840.0], [89890.0, 190.0], [89887.5, 10.0]], "asks": [[89990.0, 2600.0], [89992.5, 5690.0], [89997.5, 600.0], [90000.0, 2000.0], [90002.5, 2090.0], [90005.0, 7950.0], [90007.5, 3000.0], [90010.0, 190.0], [90015.0, 6450.0], [90017.5, 21600.0], [90020.0, 7040.0], [90022.5, 21600.0], [90025.0, 4440.0], [90027.5, 6000.0], [90030.0, 2190.0], [90042.5, 1700.0], [90045.0, 5690.0], [90047.5, 4730.0], [90050.0, 23940.0], [90052.5, 25160.0]]}}}
{"jsonrpc": "2.0", "method": "subscription", "params": {"channel": "book.BTC-19DEC25.none.20.100ms", "data": {"timestamp": 1765794836029, "change_id": 131884072086, "instrument_name": "BTC-19DEC25", "bids": [[89977.5, 3500.0], [89975.0, 7240.0], [89972.5, 5000.0], [89970.0, 180.0], [89967.5, 10.0], [89950.0, 180.0], [89947.5, 10.0], [89942.5, 3700.0], [89940.0, 12410.0], [89932.5, 1750.0], [89930.0, 5870.0], [89917.5, 14930.0], [89915.0, 50000.0], [89912.5, 1420.0], [89910.0, 4750.0], [89897.5, 4730.0], [89895.0, 15840.0], [89890.0, 190.0], [89887.5, 10.0], [89877.5, 10.0]], "asks": [[89990.0, 4300.0], [89992.5, 5690.0], [89997.5, 600.0], [90000.0, 2000.0], [90002.5, 2090.0], [90005.0, 7950.0], [90007.5, 3000.0], [90010.0, 190.0], [90015.0, 6450.0], [90017.5, 21600.0], [90020.0, 7040.0], [90022.5, 21600.0], [90025.0, 4440.0], [90027.5, 6000.0], [90030.0, 2190.0], [90042.5, 1700.0], [90045.0, 5690.0], [90047.5, 4730.0], [90050.0, 23940.0], [90052.5, 25160.0]]}}}
{"jsonrpc": "2.0", "method": "subscription", "params": {"channel": "book.BTC-19DEC25.none.20.100ms", "data": {"timestamp": 1765794836351, "change_id": 131884072621, "instrument_name": "BTC-19DEC25", "bids": [[89977.5, 1800.0], [89975.0, 5690.0], [89972.5, 5000.0], [89970.0, 180.0], [89967.5, 10.0], [89950.0, 180.0], [89947.5, 10.0], [89942.5, 3700.0], [89940.0, 12410.0], [89932.5, 1750.0], [89930.0, 5870.0], [89917.5, 14930.0], [89915.0, 50000.0], [89912.5, 1420.0], [89910.0, 4750.0], [89897.5, 4730.0], [89895.0, 15840.0], [89890.0, 190.0], [89887.5, 10.0], [89877.5, 10.0]], "asks": [[89982.5, 2300.0], [89990.0, 1700.0], [89992.5, 5690.0], [89997.5, 600.0], [90000.0, 2000.0], [90002.5, 2090.0], [90005.0, 7950.0], [90007.5, 3000.0], [90010.0, 190.0], [90015.0, 6450.0], [90017.5, 21600.0], [90020.0, 7040.0], [90022.5, 21600.0], [90025.0, 4440.0], [90027.5, 6000.0], [90030.0, 2190.0], [90042.5, 1700.0], [90045.0, 5690.0], [90047.5, 4730.0], [90050.0, 23940.0]]}}}
{"jsonrpc": "2.0", "method": "subscription", "params": {"channel": "book.BTC-19DEC25.none.20.100ms", "data": {"timestamp": 1765794836523, "change_id": 131884072964, "instrument_name": "BTC-19DEC25", "bids": [[89977.5, 1800.0], [89972.5, 5000.0], [89970.0, 5870.0], [89965.0, 10.0], [89950.0, 180.0], [89947.5, 10.0], [89942.5, 3700.0], [89940.0, 12410.0], [89932.5, 1750.0], [89930.0, 5870.0], [89917.5, 14930.0], [89915.0, 50000.0], [89912.5, 1420.0], [89910.0, 4750.0], [89897.5, 4730.0], [89895.0, 15840.0], [89890.0, 190.0], [89887.5, 10.0], [89877.5, 10.0], [89870.0, 180.0]], "asks": [[89982.5, 2300.0], [89985.0, 1700.0], [89987.5, 5690.0], [89995.0, 2090.0], [89997.5, 5000.0], [90000.0, 2000.0], [90002.5, 600.0], [90005.0, 2950.0], [90007.5, 3000.0], [90010.0, 190.0], [90015.0, 6450.0], [90017.5, 21600.0], [90020.0, 7040.0], [90022.5, 21600.0], [90025.0, 4440.0], [90027.5, 6000.0], [90030.0, 2190.0], [90042.5, 1700.0], [90045.0, 5690.0], [90047.5, 4730.0]]}}}
{"jsonrpc": "2.0", "method": "subscription", "params": {"channel": "book.BTC-19DEC25.none.20.100ms", "data": {"timestamp": 1765794837013, "change_id": 131884073452, "instrument_name": "BTC-19DEC25", "bids": [[89977.5, 1800.0], [89972.5, 5000.0], [89970.0, 5870.0], [89965.0, 10.0], [89950.0, 180.0], [89947.5, 10.0], [89942.5, 3700.0], [89940.0, 12410.0], [89932.5, 1750.0], [89930.0, 5870.0], [89917.5, 14930.0], [89915.0, 50000.0], [89912.5, 1420.0], [89910.0, 4750.0], [89897.5, 4730.0], [89895.0, 15840.0], [89890.0, 190.0], [89887.5, 10.0], [89877.5, 10.0], [89870.0, 180.0]], "asks": [[89982.5, 2300.0], [89985.0, 1700.0], [89987.5, 5690.0], [89995.0, 2090.0], [89997.5, 5000.0], [90000.0, 2000.0], [90002.5, 600.0], [90005.0, 2950.0], [90007.5, 3000.0], [90010.0, 190.0], [90015.0, 6450.0], [90017.5, 21600.0], [90020.0, 600.0], [90025.0, 4440.0], [90027.5, 6000.0], [90030.0, 2190.0], [90042.5, 1700.0], [90045.0, 5690.0], [90047.5, 4730.0], [90050.0, 23940.0]]}}}
{"jsonrpc": "2.0", "method": "subscription", "params": {"channel": "book.BTC-19DEC25.none.20.100ms", "data": {"timestamp": 1765794837696, "change_id": 131884074157, "instrument_name": "BTC-19DEC25", "bids": [[89975.0, 1550.0], [89972.5, 5000.0], [89970.0, 180.0], [89965.0, 10.0], [89950.0, 180.0], [89947.5, 10.0], [89942.5, 3700.0], [89940.0, 12410.0], [89932.5, 1750.0], [89930.0, 5870.0], [89917.5, 14930.0], [89915.0, 50000.0], [89912.5, 1420.0], [89910.0, 4750.0], [89897.5, 4730.0], [89895.0, 15840.0], [89890.0, 190.0], [89887.5, 10.0], [89877.5, 10.0], [89870.0, 180.0]], "asks": [[89982.5, 2300.0], [89987.5, 2000.0], [89995.0, 2090.0], [89997.5, 5000.0], [90000.0, 2000.0], [90005.0, 950.0], [90007.5, 3000.0], [90010.0, 190.0], [90015.0, 6450.0], [90017.5, 21600.0], [90020.0, 600.0], [90025.0, 4440.0], [90027.5, 6000.0], [90030.0, 2190.0], [90042.5, 1700.0], [90045.0, 5690.0], [90047.5, 4730.0], [90050.0, 23940.0], [90052.5, 25160.0], [90055.0, 2000.0]]}}}
{"jsonrpc": "2.0", "method": "subscription", "params": {"channel": "book.BTC-19DEC25.none.20.100ms", "data": {"timestamp": 1765794837969, "change_id": 131884074774, "instrument_name": "BTC-19DEC25", "bids": [[89977.5, 2100.0], [89972.5, 1750.0], [89970.0, 5870.0], [89965.0, 1500.0], [89962.5, 5000.0], [89950.0, 180.0], [89942.5, 10.0], [89937.5, 3700.0], [89935.0, 12410.0], [89932.5, 1750.0], [89930.0, 5870.0], [89917.5, 14930.0], [89915.0, 50000.0], [89912.5, 1420.0], [89910.0, 4750.0], [89897.5, 4730.0], [89895.0, 15840.0], [89890.0, 190.0], [89887.5, 10.0], [89877.5, 10.0]], "asks": [[89982.5, 2300.0], [89985.0, 2220.0], [89987.5, 7690.0], [89995.0, 2090.0], [89997.5, 5000.0], [90000.0, 2000.0], [90005.0, 950.0], [90007.5, 3000.0], [90010.0, 190.0], [90015.0, 6450.0], [90017.5, 21600.0], [90020.0, 600.0], [90025.0, 4440.0], [90027.5, 6000.0], [90030.0, 2190.0], [90042.5, 1700.0], [90045.0, 5690.0], [90047.5, 4730.0], [90050.0, 23940.0], [90052.5, 25160.0]]}}}
{"jsonrpc": "2.0", "method": "subscription", "params": {"channel": "book.BTC-19DEC25.none.20.100ms", "data": {"timestamp": 1765794838295, "change_id": 131884075024, "instrument_name": "BTC-19DEC25", "bids": [[89977.5, 2100.0], [89972.5, 1750.0], [89970.0, 5870.0], [89965.0, 1500.0], [89962.5, 5000.0], [89950.0, 180.0], [89942.5, 10.0], [89937.5, 3700.0], [89935.0, 12410.0], [89932.5, 1750.0], [89930.0, 5870.0], [89917.5, 14930.0], [89915.0, 50000.0], [89912.5, 1420.0], [89910.0, 4750.0], [89897.5, 4730.0], [89895.0, 15840.0], [89890.0, 190.0], [89887.5, 10.0], [89877.5, 10.0]], "asks": [[89982.5, 2300.0], [89987.5, 2000.0], [89995.0, 2090.0], [89997.5, 5000.0], [90000.0, 2000.0], [90005.0, 950.0], [90007.5, 3000.0], [90010.0, 190.0], [90015.0, 6450.0], [90017.5, 21600.0], [90020.0, 600.0], [90025.0, 4440.0], [90027.5, 6000.0], [90030.0, 2190.0], [90042.5, 1700.0], [90045.0, 5690.0], [90047.5, 4730.0], [90050.0, 23940.0], [90052.5, 25160.0], [90055.0, 2000.0]]}}}
{"jsonrpc": "2.0", "method": "subscription", "params": {"channel": "book.BTC-19DEC25.none.20.100ms", "data": {"timestamp": 1765794838626, "change_id": 131884075534, "instrument_name": "BTC-19DEC25", "bids": [[89977.5, 2100.0], [89970.0, 180.0], [89965.0, 1500.0], [89962.5, 5000.0], [89950.0, 180.0], [89942.5, 10.0], [89937.5, 3700.0], [89935.0, 12410.0], [89932.5, 1750.0], [89930.0, 5870.0], [89917.5, 14930.0], [89915.0, 50000.0], [89912.5, 1420.0], [89910.0, 4750.0], [89897.5, 4730.0], [89895.0, 15840.0], [89890.0, 190.0], [89887.5, 10.0], [89877.5, 10.0], [89870.0, 180.0]], "asks": [[89982.5, 2300.0], [89985.0, 2300.0], [89987.5, 2000.0], [89990.0, 5690.0], [89995.0, 2090.0], [89997.5, 5000.0], [90000.0, 2000.0], [90005.0, 950.0], [90007.5, 3000.0], [90010.0, 190.0], [90015.0, 6450.0], [90017.5, 21600.0], [90020.0, 600.0], [90025.0, 4440.0], [90027.5, 6000.0], [90030.0, 2190.0], [90042.5, 1700.0], [90045.0, 5690.0], [90047.5, 4730.0], [90050.0, 23940.0]]}}}
{"jsonrpc": "2.0", "method": "subscription", "params": {"channel": "book.BTC-19DEC25.none.20.100ms", "data": {"timestamp": 1765794838951, "change_id": 131884075955, "instrument_name": "BTC-19DEC25", "bids": [[89972.5, 1750.0], [89970.0, 5870.0], [89965.0, 1500.0], [89962.5, 5000.0], [89950.0, 180.0], [89942.5, 10.0], [89937.5, 3700.0], [89935.0, 12410.0], [89932.5, 1750.0], [89930.0, 5870.0], [89917.5, 14930.0], [89915.0, 50000.0], [89912.5, 1420.0], [89910.0, 4750.0], [89897.5, 4730.0], [89895.0, 15840.0], [89890.0, 190.0], [89887.5, 10.0], [89877.5, 10.0], [89870.0, 180.0]], "asks": [[89982.5, 2300.0], [89985.0, 600.0], [89987.5, 2000.0], [89995.0, 2090.0], [89997.5, 5000.0], [90000.0, 2000.0], [90005.0, 950.0], [90007.5, 3000.0], [90010.0, 190.0], [90015.0, 6450.0], [90017.5, 21600.0], [90020.0, 600.0], [90025.0, 4440.0], [90027.5, 6000.0], [90030.0, 2190.0], [90042.5, 1700.0], [90045.0, 5690.0], [90047.5, 4730.0], [90050.0, 23940.0], [90052.5, 25160.0]]}}}
{"jsonrpc": "2.0", "method": "subscription", "params": {"channel": "book.BTC-19DEC25.none.20.100ms", "data": {"timestamp": 1765794839222, "change_id": 131884076225, "instrument_name": "BTC-19DEC25", "bids": [[89972.5, 1750.0], [89970.0, 5180.0], [89962.5, 10.0], [89950.0, 180.0], [89942.5, 10.0], [89937.5, 3700.0], [89935.0, 12410.0], [89932.5, 1750.0], [89930.0, 5870.0], [89922.5, 14930.0], [89920.0, 50000.0], [89912.5, 1420.0], [89910.0, 4750.0], [89897.5, 4730.0], [89895.0, 15840.0], [89890.0, 190.0], [89887.5, 10.0], [89877.5, 10.0], [89870.0, 180.0], [89867.5, 7580.0]], "asks": [[89982.5, 2300.0], [89985.0, 600.0], [89987.5, 2000.0], [89990.0, 5690.0], [89995.0, 2090.0], [89997.5, 5000.0], [90000.0, 2000.0], [90005.0, 950.0], [90007.5, 3000.0], [90010.0, 190.0], [90015.0, 6450.0], [90017.5, 21600.0], [90020.0, 600.0], [90025.0, 4440.0], [90027.5, 6000.0], [90030.0, 2190.0], [90042.5, 1700.0], [90045.0, 5690.0], [90047.5, 4730.0], [90050.0, 23940.0]]}}}
{"jsonrpc": "2.0", "method": "subscription", "params": {"channel": "book.BTC-19DEC25.none.20.100ms", "data": {"timestamp": 1765794839665, "change_id": 131884076792, "instrument_name": "BTC-19DEC25", "bids": [[89975.0, 2600.0], [89972.5, 3020.0], [89970.0, 10870.0], [89965.0, 10.0], [89950.0, 180.0], [89947.5, 21580.0], [89942.5, 10.0], [89937.5, 53700.0], [89935.0, 12410.0], [89932.5, 1750.0], [89930.0, 5870.0], [89912.5, 1420.0], [89910.0, 4750.0], [89897.5, 4730.0], [89895.0, 15840.0], [89890.0, 190.0], [89887.5, 10.0], [89877.5, 10.0], [89870.0, 180.0], [89867.5, 7580.0]], "asks": [[89982.5, 2300.0], [89985.0, 2220.0], [89987.5, 2000.0], [89990.0, 5690.0], [89995.0, 2090.0], [89997.5, 5000.0], [90000.0, 2000.0], [90005.0, 950.0], [90007.5, 3000.0], [90010.0, 190.0], [90015.0, 6450.0], [90017.5, 21600.0], [90020.0, 600.0], [90025.0, 4440.0], [90027.5, 6000.0], [90030.0, 2190.0], [90042.5, 1700.0], [90045.0, 5690.0], [90047.5, 4730.0], [90050.0, 23940.0]]}}}
{"jsonrpc": "2.0", "method": "subscription", "params": {"channel": "book.BTC-19DEC25.none.20.100ms", "data": {"timestamp": 1765794840328, "change_id": 131884077519, "instrument_name": "BTC-19DEC25", "bids": [[89975.0, 2600.0], [89972.5, 1750.0], [89970.0, 5180.0], [89965.0, 10.0], [89950.0, 180.0], [89947.5, 21580.0], [89942.5, 10.0], [89940.0, 18630.0], [89935.0, 62410.0], [89932.5, 1750.0], [89930.0, 5870.0], [89912.5, 1420.0], [89910.0, 4750.0], [89897.5, 4730.0], [89895.0, 15840.0], [89890.0, 190.0], [89887.5, 10.0], [89877.5, 10.0], [89870.0, 180.0], [89867.5, 7580.0]], "asks": [[89982.5, 2300.0], [89985.0, 2220.0], [89987.5, 2000.0], [89990.0, 5690.0], [89995.0, 2090.0], [89997.5, 5000.0], [90000.0, 2000.0], [90005.0, 950.0], [90007.5, 3000.0], [90010.0, 190.0], [90015.0, 6450.0], [90017.5, 21600.0], [90020.0, 600.0], [90025.0, 4440.0], [90027.5, 6000.0], [90030.0, 2190.0], [90042.5, 1700.0], [90045.0, 5690.0], [90047.5, 4730.0], [90050.0, 23940.0]]}}}
{"jsonrpc": "2.0", "method": "subscription", "params": {"channel": "book.BTC-19DEC25.none.20.100ms", "data": {"timestamp": 1765794840580, "change_id": 131884078006, "instrument_name": "BTC-19DEC25", "bids": [[89975.0, 2600.0], [89972.5, 3240.0], [89970.0, 10870.0], [89965.0, 10.0], [89955.0, 830.0], [89952.5, 2600.0], [89950.0, 180.0], [89947.5, 21580.0], [89942.5, 10.0], [89937.5, 50000.0], [89935.0, 12410.0], [89932.5, 1750.0], [89930.0, 5870.0], [89912.5, 1420.0], [89910.0, 4750.0], [89897.5, 4730.0], [89895.0, 15840.0], [89890.0, 190.0], [89887.5, 10.0], [89877.5, 10.0]], "asks": [[89982.5, 2300.0], [89985.0, 2220.0], [89987.5, 2000.0], [89990.0, 5690.0], [89995.0, 2090.0], [89997.5, 5000.0], [90000.0, 2000.0], [90005.0, 950.0], [90007.5, 3000.0], [90010.0, 190.0], [90015.0, 6450.0], [90017.5, 21600.0], [90020.0, 600.0], [90025.0, 4440.0], [90027.5, 6000.0], [90030.0, 2190.0], [90042.5, 1700.0], [90045.0, 5690.0], [90047.5, 4730.0], [90050.0, 23940.0]]}}}
{"jsonrpc": "2.0", "method": "subscription", "params": {"channel": "book.BTC-19DEC25.none.20.100ms", "data": {"timestamp": 1765794840972, "change_id": 131884078435, "instrument_name": "BTC-19DEC25", "bids": [[89975.0, 2600.0], [89972.5, 3240.0], [89970.0, 10870.0], [89965.0, 10.0], [89955.0, 830.0], [89952.5, 2600.0], [89950.0, 180.0], [89947.5, 21580.0], [89942.5, 10.0], [89937.5, 62410.0], [89932.5, 1750.0], [89930.0, 5870.0], [89912.5, 1420.0], [89910.0, 4750.0], [89897.5, 4730.0], [89895.0, 15840.0], [89890.0, 190.0], [89887.5, 10.0], [89877.5, 10.0], [89870.0, 180.0]], "asks": [[89982.5, 2300.0], [89985.0, 2220.0], [89987.5, 2000.0], [89990.0, 5690.0], [89995.0, 2090.0], [89997.5, 5000.0], [90000.0, 2000.0], [90005.0, 950.0], [90007.5, 3000.0], [90010.0, 190.0], [90015.0, 6450.0], [90017.5, 21600.0], [90020.0, 600.0], [90025.0, 4440.0], [90027.5, 6000.0], [90030.0, 2190.0], [90042.5, 1700.0], [90045.0, 5690.0], [90047.5, 4730.0], [90050.0, 23940.0]]}}}
{"jsonrpc": "2.0", "method": "subscription", "params": {"channel": "book.BTC-19DEC25.none.20.100ms", "data": {"timestamp": 1765794841599, "change_id": 131884079136, "instrument_name": "BTC-19DEC25", "bids": [[89975.0, 2600.0], [89970.0, 10870.0], [89965.0, 10.0], [89955.0, 830.0], [89952.5, 2600.0], [89950.0, 180.0], [89947.5, 21580.0], [89942.5, 10.0], [89940.0, 50000.0], [89937.5, 12410.0], [89932.5, 1750.0], [89930.0, 5870.0], [89912.5, 1420.0], [89910.0, 4750.0], [89897.5, 4730.0], [89895.0, 15840.0], [89890.0, 190.0], [89887.5, 10.0], [89877.5, 10.0], [89870.0, 180.0]], "asks": [[89982.5, 2300.0], [89985.0, 2220.0], [89987.5, 2000.0], [89990.0, 5690.0], [89995.0, 2090.0], [89997.5, 5000.0], [90000.0, 2000.0], [90005.0, 950.0], [90007.5, 3000.0], [90010.0, 190.0], [90015.0, 6450.0], [90017.5, 21600.0], [90020.0, 600.0], [90025.0, 4440.0], [90027.5, 6000.0], [90030.0, 2190.0], [90042.5, 1700.0], [90045.0, 5690.0], [90047.5, 4730.0], [90050.0, 23940.0]]}}}
{"jsonrpc": "2.0", "method": "subscription", "params": {"channel": "book.BTC-19DEC25.none.20.100ms", "data": {"timestamp": 1765794842310, "change_id": 131884079916, "instrument_name": "BTC-19DEC25", "bids": [[89975.0, 2600.0], [89970.0, 10870.0], [89965.0, 10.0], [89955.0, 830.0], [89952.5, 2600.0], [89950.0, 180.0], [89942.5, 10.0], [89940.0, 50000.0], [89937.5, 12410.0], [89932.5, 1750.0], [89930.0, 5870.0], [89912.5, 1420.0], [89910.0, 4750.0], [89897.5, 4730.0], [89895.0, 15840.0], [89890.0, 190.0], [89887.5, 10.0], [89877.5, 10.0], [89870.0, 180.0], [89865.0, 7580.0]], "asks": [[89982.5, 2300.0], [89985.0, 2220.0], [89987.5, 2000.0], [89990.0, 5690.0], [89995.0, 2090.0], [89997.5, 5000.0], [90000.0, 2000.0], [90005.0, 950.0], [90007.5, 3000.0], [90010.0, 190.0], [90015.0, 6450.0], [90017.5, 21600.0], [90020.0, 600.0], [90025.0, 4440.0], [90027.5, 6000.0], [90030.0, 2190.0], [90042.5, 1700.0], [90045.0, 5690.0], [90047.5, 4730.0], [90050.0, 23940.0]]}}}
{"jsonrpc": "2.0", "method": "subscription", "params": {"channel": "book.BTC-19DEC25.none.20.100ms", "data": {"timestamp": 1765794842615, "change_id": 131884080309, "instrument_name": "BTC-19DEC25", "bids": [[89975.0, 2600.0], [89970.0, 6880.0], [89967.5, 5690.0], [89965.0, 10.0], [89950.0, 180.0], [89942.5, 10.0], [89937.5, 12410.0], [89932.5, 16450.0], [89930.0, 55870.0], [89912.5, 1420.0], [89910.0, 4750.0], [89897.5, 4730.0], [89895.0, 15840.0], [89890.0, 190.0], [89887.5, 10.0], [89877.5, 10.0], [89870.0, 180.0], [89865.0, 7580.0], [89862.5, 25390.0], [89850.0, 180.0]], "asks": [[89982.5, 2300.0], [89985.0, 2220.0], [89987.5, 2000.0], [89990.0, 5690.0], [89995.0, 2090.0], [89997.5, 5000.0], [90000.0, 2000.0], [90005.0, 950.0], [90007.5, 3000.0], [90010.0, 190.0], [90015.0, 6450.0], [90017.5, 21600.0], [90020.0, 600.0], [90025.0, 4440.0], [90027.5, 6000.0], [90030.0, 2190.0], [90042.5, 1700.0], [90045.0, 5690.0], [90047.5, 4730.0], [90050.0, 23940.0]]}}}
{"jsonrpc": "2.0", "method": "subscription", "params": {"channel": "book.BTC-19DEC25.none.20.100ms", "data": {"timestamp": 1765794843546, "change_id": 131884081510, "instrument_name": "BTC-19DEC25", "bids": [[89970.0, 1880.0], [89967.5, 5690.0], [89965.0, 10.0], [89962.5, 1490.0], [89960.0, 5000.0], [89950.0, 180.0], [89940.0, 3700.0], [89937.5, 12420.0], [89932.5, 16450.0], [89930.0, 55870.0], [89912.5, 1420.0], [89910.0, 4750.0], [89897.5, 4730.0], [89895.0, 15840.0], [89890.0, 190.0], [89887.5, 10.0], [89877.5, 10.0], [89870.0, 180.0], [89865.0, 7580.0], [89862.5, 25390.0]], "asks": [[89980.0, 4210.0], [89982.5, 5690.0], [89985.0, 2010.0], [89987.5, 2000.0], [89990.0, 5000.0], [89997.5, 600.0], [90000.0, 2000.0], [90005.0, 950.0], [90007.5, 3000.0], [90010.0, 190.0], [90015.0, 6450.0], [90017.5, 21600.0], [90020.0, 600.0], [90025.0, 4440.0], [90027.5, 6000.0], [90030.0, 2190.0], [90042.5, 1700.0], [90045.0, 5690.0], [90047.5, 4730.0], [90050.0, 23940.0]]}}}
{"jsonrpc": "2.0", "method": "subscription", "params": {"channel": "book.BTC-19DEC25.none.20.100ms", "data": {"timestamp": 1765794843973, "change_id": 131884081952, "instrument_name": "BTC-19DEC25", "bids": [[89970.0, 1880.0], [89967.5, 5690.0], [89965.0, 10.0], [89962.5, 1490.0], [89960.0, 5000.0], [89950.0, 180.0], [89945.0, 21580.0], [89937.5, 10.0], [89935.0, 12410.0], [89932.5, 16450.0], [89930.0, 55870.0], [89912.5, 1420.0], [89910.0, 4750.0], [89897.5, 4730.0], [89895.0, 15840.0], [89890.0, 190.0], [89887.5, 10.0], [89877.5, 10.0], [89870.0, 180.0], [89865.0, 7580.0]], "asks": [[89980.0, 4210.0], [89982.5, 5690.0], [89985.0, 2010.0], [89987.5, 2000.0], [89990.0, 5000.0], [89997.5, 600.0], [90000.0, 2000.0], [90005.0, 950.0], [90007.5, 3000.0], [90010.0, 190.0], [90015.0, 6450.0], [90017.5, 21600.0], [90020.0, 600.0], [90025.0, 4440.0], [90027.5, 6000.0], [90030.0, 2190.0], [90042.5, 1700.0], [90045.0, 5690.0], [90047.5, 4730.0], [90050.0, 23940.0]]}}}
{"jsonrpc": "2.0", "method": "subscription", "params": {"channel": "book.BTC-19DEC25.none.20.100ms", "data": {"timestamp": 1765794843989, "change_id": 131884081956, "instrument_name": "BTC-19DEC25", "bids": [[89970.0, 1880.0], [89967.5, 5690.0], [89965.0, 10.0], [89962.5, 1490.0], [89960.0, 5000.0], [89950.0, 180.0], [89945.0, 21580.0], [89937.5, 10.0], [89935.0, 62410.0], [89932.5, 1750.0], [89930.0, 5870.0], [89912.5, 1420.0], [89910.0, 4750.0], [89897.5, 4730.0], [89895.0, 15840.0], [89890.0, 190.0], [89887.5, 10.0], [89877.5, 10.0], [89870.0, 180.0], [89865.0, 7580.0]], "asks": [[89980.0, 4210.0], [89982.5, 5690.0], [89985.0, 2010.0], [89987.5, 2000.0], [89990.0, 5000.0], [89997.5, 600.0], [90000.0, 2000.0], [90005.0, 950.0], [90007.5, 3000.0], [90010.0, 190.0], [90015.0, 6450.0], [90017.5, 21600.0], [90020.0, 600.0], [90025.0, 4440.0], [90027.5, 6000.0], [90030.0, 2190.0], [90042.5, 1700.0], [90045.0, 5690.0], [90047.5, 4730.0], [90050.0, 23940.0]]}}}
{"jsonrpc": "2.0", "method": "subscription", "params": {"channel": "book.BTC-19DEC25.none.20.100ms", "data": {"timestamp": 1765794844562, "change_id": 131884082734, "instrument_name": "BTC-19DEC25", "bids": [[89970.0, 180.0], [89967.5, 5690.0], [89962.5, 1500.0], [89960.0, 5000.0], [89950.0, 180.0], [89947.5, 6440.0], [89945.0, 21580.0], [89937.5, 53710.0], [89935.0, 12410.0], [89932.5, 1750.0], [89930.0, 5870.0], [89912.5, 1420.0], [89910.0, 4750.0], [89897.5, 4730.0], [89895.0, 15840.0], [89890.0, 190.0], [89887.5, 10.0], [89877.5, 10.0], [89870.0, 180.0], [89865.0, 7580.0]], "asks": [[89980.0, 4210.0], [89982.5, 5690.0], [89985.0, 2010.0], [89987.5, 2000.0], [89990.0, 5000.0], [89997.5, 600.0], [90000.0, 2000.0], [90005.0, 950.0], [90007.5, 3000.0], [90010.0, 190.0], [90015.0, 6450.0], [90017.5, 21600.0], [90020.0, 600.0], [90025.0, 4440.0], [90027.5, 6000.0], [90030.0, 2190.0], [90042.5, 1700.0], [90045.0, 5690.0], [90047.5, 4730.0], [90050.0, 23940.0]]}}}
{"jsonrpc": "2.0", "method": "subscription", "params": {"channel": "book.BTC-19DEC25.none.20.100ms", "data": {"timestamp": 1765794844720, "change_id": 131884082987, "instrument_name": "BTC-19DEC25", "bids": [[89970.0, 180.0], [89967.5, 5690.0], [89962.5, 1500.0], [89960.0, 5000.0], [89950.0, 180.0], [89937.5, 10.0], [89932.5, 14160.0], [89930.0, 5870.0], [89912.5, 1420.0], [89910.0, 54750.0], [89895.0, 4890.0], [89892.5, 16180.0], [89890.0, 190.0], [89887.5, 10.0], [89877.5, 10.0], [89870.0, 180.0], [89857.5, 7580.0], [89855.0, 25390.0], [89850.0, 180.0], [89840.0, 7650.0]], "asks": [[89980.0, 4210.0], [89982.5, 5690.0], [89985.0, 2010.0], [89987.5, 2000.0], [89990.0, 5000.0], [89997.5, 600.0], [90000.0, 2000.0], [90005.0, 950.0], [90007.5, 3000.0], [90010.0, 190.0], [90015.0, 6450.0], [90017.5, 21600.0], [90020.0, 600.0], [90025.0, 4440.0], [90027.5, 6000.0], [90030.0, 2190.0], [90042.5, 1700.0], [90045.0, 5690.0], [90047.5, 4730.0], [90050.0, 23940.0]]}}}
{"jsonrpc": "2.0", "method": "subscription", "params": {"channel": "book.BTC-19DEC25.none.20.100ms", "data": {"timestamp": 1765794845214, "change_id": 131884083651, "instrument_name": "BTC-19DEC25", "bids": [[89970.0, 180.0], [89965.0, 3190.0], [89962.5, 5700.0], [89960.0, 5000.0], [89950.0, 180.0], [89937.5, 10.0], [89932.5, 14160.0], [89930.0, 5870.0], [89912.5, 1420.0], [89910.0, 4750.0], [89895.0, 4890.0], [89892.5, 66180.0], [89890.0, 190.0], [89887.5, 10.0], [89877.5, 10.0], [89870.0, 180.0], [89857.5, 7580.0], [89855.0, 25390.0], [89850.0, 180.0], [89840.0, 7650.0]], "asks": [[89977.5, 2600.0], [89980.0, 1610.0], [89982.5, 5690.0], [89985.0, 2010.0], [89987.5, 2000.0], [89990.0, 5000.0], [89997.5, 600.0], [90000.0, 2000.0], [90005.0, 950.0], [90007.5, 3000.0], [90010.0, 190.0], [90015.0, 6450.0], [90017.5, 21600.0], [90020.0, 600.0], [90025.0, 4440.0], [90027.5, 6000.0], [90030.0, 2190.0], [90042.5, 1700.0], [90045.0, 5690.0], [90047.5, 4730.0]]}}}
{"jsonrpc": "2.0", "method": "subscription", "params": {"channel": "book.BTC-19DEC25.none.20.100ms", "data": {"timestamp": 1765794845949, "change_id": 131884084528, "instrument_name": "BTC-19DEC25", "bids": [[89970.0, 180.0], [89965.0, 1500.0], [89962.5, 10.0], [89960.0, 5000.0], [89950.0, 180.0], [89937.5, 10.0], [89935.0, 5460.0], [89932.5, 12410.0], [89930.0, 5870.0], [89912.5, 1420.0], [89910.0, 4750.0], [89895.0, 19190.0], [89892.5, 66180.0], [89890.0, 190.0], [89887.5, 10.0], [89877.5, 10.0], [89870.0, 180.0], [89857.5, 7580.0], [89855.0, 25390.0], [89850.0, 180.0]], "asks": [[89977.5, 2600.0], [89980.0, 1610.0], [89982.5, 5690.0], [89985.0, 2010.0], [89987.5, 2000.0], [89990.0, 5000.0], [89997.5, 600.0], [90000.0, 2000.0], [90005.0, 950.0], [90007.5, 3000.0], [90010.0, 190.0], [90020.0, 600.0], [90025.0, 4440.0], [90027.5, 6000.0], [90030.0, 2190.0], [90042.5, 1700.0], [90045.0, 5690.0], [90047.5, 4730.0], [90050.0, 23940.0], [90052.5, 25160.0]]}}}
