{"jsonrpc": "2.0", "method": "subscription", "params": {"channel": "book.BTC-17OCT25.none.20.100ms", "data": {"timestamp": 1759764952168, "change_id": 120241973220, "instrument_name": "BTC-17OCT25", "bids": [[125720.0, 11910.0], [125715.0, 44000.0], [125710.0, 34360.0], [125707.5, 11310.0], [125705.0, 20060.0], [125702.5, 13720.0], [125700.0, 11310.0], [125697.5, 50670.0], [125687.5, 160.0], [125685.0, 12650.0], [125682.5, 34360.0], [125655.0, 710.0], [125650.0, 2390.0], [125642.5, 9700.0], [125640.0, 32500.0], [125637.5, 690.0], [125632.5, 2310.0], [125620.0, 700.0], [125617.5, 2340.0], [125602.5, 730.0]], "asks": [[125722.5, 5300.0], [125727.5, 5300.0], [125730.0, 160.0], [125732.5, 5000.0], [125735.0, 39660.0], [125737.5, 17210.0], [125740.0, 12270.0], [125742.5, 50000.0], [125745.0, 34360.0], [125750.0, 3240.0], [125752.5, 21120.0], [125755.0, 34360.0], [125765.0, 710.0], [125767.5, 7210.0], [125770.0, 16160.0], [125780.0, 600.0], [125782.5, 2000.0], [125787.5, 700.0], [125790.0, 2350.0], [125800.0, 20.0]]}}}
{"jsonrpc": "2.0", "method": "subscription", "params": {"channel": "book.BTC-10OCT25.none.20.100ms", "data": {"timestamp": 1759764952496, "change_id": 120241973879, "instrument_name": "BTC-10OCT25", "bids": [[125442.5, 11290.0], [125440.0, 32850.0], [125437.5, 20850.0], [125435.0, 11290.0], [125432.5, 45630.0], [125430.0, 2300.0], [125427.5, 7930.0], [125425.0, 160.0], [125422.5, 26670.0], [125420.0, 34340.0], [125417.5, 50000.0], [125410.0, 14610.0], [125407.5, 34340.0], [125405.0, 44000.0], [125400.0, 8770.0], [125362.5, 860.0], [125360.0, 2870.0], [125350.0, 100.0], [125345.0, 32500.0], [125332.5, 2800.0]], "asks": [[125445.0, 19110.0], [125447.5, 93590.0], [125450.0, 44000.0], [125455.0, 11130.0], [125457.5, 34340.0], [125460.0, 2930.0], [125462.5, 10250.0], [125465.0, 39340.0], [125467.5, 1230.0], [125470.0, 1250.0], [125475.0, 2870.0], [125477.5, 3000.0], [125482.5, 34340.0], [125490.0, 2850.0], [125497.5, 20.0], [125502.5, 15860.0], [125505.0, 2870.0], [125507.5, 3000.0], [125532.5, 860.0], [125535.0, 2870.0]]}}}
{"jsonrpc": "2.0", "method": "subscription", "params": {"channel": "book.BTC-17OCT25.none.20.100ms", "data": {"timestamp": 1759764952496, "change_id": 120241973877, "instrument_name": "BTC-17OCT25", "bids": [[125720.0, 17210.0], [125715.0, 44000.0], [125710.0, 34360.0], [125707.5, 11310.0], [125705.0, 20060.0], [125702.5, 13720.0], [125700.0, 11310.0], [125697.5, 50670.0], [125687.5, 870.0], [125685.0, 12650.0], [125682.5, 34360.0], [125655.0, 710.0], [125650.0, 2390.0], [125642.5, 9700.0], [125640.0, 32500.0], [125637.5, 690.0], [125632.5, 2310.0], [125620.0, 700.0], [125617.5, 2340.0], [125602.5, 730.0]], "asks": [[125727.5, 5300.0], [125730.0, 5460.0], [125732.5, 5000.0], [125735.0, 5300.0], [125737.5, 17210.0], [125740.0, 46630.0], [125742.5, 50000.0], [125750.0, 3240.0], [125752.5, 21120.0], [125755.0, 34360.0], [125765.0, 35070.0], [125767.5, 7210.0], [125770.0, 16160.0], [125780.0, 600.0], [125782.5, 2000.0], [125787.5, 700.0], [125790.0, 2350.0], [125800.0, 20.0], [125817.5, 720.0], [125820.0, 2410.0]]}}}
{"jsonrpc": "2.0", "method": "subscription", "params": {"channel": "book.BTC-10OCT25.none.20.100ms", "data": {"timestamp": 1759764952845, "change_id": 120241974274, "instrument_name": "BTC-10OCT25", "bids": [[125442.5, 11290.0], [125440.0, 24250.0], [125437.5, 20850.0], [125435.0, 11290.0], [125432.5, 11290.0], [125430.0, 2300.0], [125427.5, 7930.0], [125425.0, 160.0], [125422.5, 26670.0], [125420.0, 34340.0], [125417.5, 50000.0], [125410.0, 14610.0], [125407.5, 34340.0], [125405.0, 44000.0], [125400.0, 8770.0], [125362.5, 860.0], [125360.0, 2870.0], [125350.0, 100.0], [125345.0, 32500.0], [125332.5, 2800.0]], "asks": [[125445.0, 19110.0], [125447.5, 93590.0], [125450.0, 44000.0], [125455.0, 11130.0], [125457.5, 34340.0], [125460.0, 2930.0], [125462.5, 10250.0], [125465.0, 39340.0], [125467.5, 21760.0], [125470.0, 40680.0], [125475.0, 103240.0], [125477.5, 3000.0], [125482.5, 34340.0], [125490.0, 2850.0], [125497.5, 20.0], [125502.5, 15860.0], [125505.0, 2870.0], [125507.5, 3000.0], [125532.5, 860.0], [125535.0, 2870.0]]}}}
{"jsonrpc": "2.0", "method": "subscription", "params": {"channel": "book.BTC-17OCT25.none.20.100ms", "data": {"timestamp": 1759764952797, "change_id": 120241974231, "instrument_name": "BTC-17OCT25", "bids": [[125720.0, 11910.0], [125715.0, 44000.0], [125710.0, 34360.0], [125707.5, 11310.0], [125705.0, 20060.0], [125702.5, 13720.0], [125700.0, 11310.0], [125697.5, 50670.0], [125687.5, 870.0], [125685.0, 12650.0], [125682.5, 34360.0], [125655.0, 710.0], [125650.0, 2390.0], [125642.5, 9700.0], [125640.0, 32500.0], [125637.5, 690.0], [125632.5, 2310.0], [125620.0, 700.0], [125617.5, 2340.0], [125602.5, 730.0]], "asks": [[125727.5, 5300.0], [125730.0, 5460.0], [125732.5, 5000.0], [125735.0, 5300.0], [125737.5, 17210.0], [125740.0, 46630.0], [125742.5, 50000.0], [125750.0, 3240.0], [125752.5, 21120.0], [125755.0, 34360.0], [125765.0, 35070.0], [125767.5, 7210.0], [125770.0, 16160.0], [125780.0, 600.0], [125782.5, 2000.0], [125787.5, 700.0], [125790.0, 2350.0], [125800.0, 20.0], [125817.5, 720.0], [125820.0, 2410.0]]}}}
{"jsonrpc": "2.0", "method": "subscription", "params": {"channel": "book.BTC-10OCT25.none.20.100ms", "data": {"timestamp": 1759764953229, "change_id": 120241975076, "instrument_name": "BTC-10OCT25", "bids": [[125442.5, 11290.0], [125440.0, 24250.0], [125437.5, 20850.0], [125435.0, 11290.0], [125432.5, 11290.0], [125430.0, 2300.0], [125427.5, 7930.0], [125425.0, 160.0], [125422.5, 26670.0], [125420.0, 34340.0], [125417.5, 50000.0], [125410.0, 14610.0], [125407.5, 50090.0], [125405.0, 44000.0], [125400.0, 8770.0], [125362.5, 860.0], [125360.0, 2870.0], [125350.0, 100.0], [125347.5, 9700.0], [125345.0, 32500.0]], "asks": [[125445.0, 19110.0], [125447.5, 96090.0], [125450.0, 44000.0], [125455.0, 11130.0], [125457.5, 34340.0], [125460.0, 2930.0], [125462.5, 10250.0], [125465.0, 39340.0], [125467.5, 21760.0], [125470.0, 40680.0], [125475.0, 103240.0], [125477.5, 3000.0], [125482.5, 34340.0], [125490.0, 2850.0], [125497.5, 20.0], [125500.0, 5590.0], [125502.5, 15860.0], [125505.0, 2870.0], [125507.5, 3000.0], [125532.5, 860.0]]}}}
{"jsonrpc": "2.0", "method": "subscription", "params": {"channel": "book.BTC-10OCT25.none.20.100ms", "data": {"timestamp": 1759764953451, "change_id": 120241975709, "instrument_name": "BTC-10OCT25", "bids": [[125442.5, 11290.0], [125440.0, 11290.0], [125437.5, 20850.0], [125435.0, 11290.0], [125432.5, 11290.0], [125430.0, 2300.0], [125427.5, 7930.0], [125425.0, 160.0], [125422.5, 26670.0], [125420.0, 34340.0], [125417.5, 50000.0], [125410.0, 14610.0], [125407.5, 50090.0], [125405.0, 44000.0], [125400.0, 8770.0], [125362.5, 860.0], [125360.0, 2870.0], [125350.0, 100.0], [125347.5, 9700.0], [125345.0, 32500.0]], "asks": [[125445.0, 19110.0], [125447.5, 96090.0], [125450.0, 44000.0], [125455.0, 16130.0], [125457.5, 34340.0], [125460.0, 2930.0], [125462.5, 10250.0], [125465.0, 34340.0], [125467.5, 21760.0], [125470.0, 40680.0], [125475.0, 103240.0], [125477.5, 3000.0], [125482.5, 34340.0], [125490.0, 2850.0], [125497.5, 20.0], [125500.0, 5590.0], [125502.5, 15860.0], [125505.0, 2870.0], [125507.5, 3000.0], [125532.5, 860.0]]}}}
{"jsonrpc": "2.0", "method": "subscription", "params": {"channel": "book.BTC-17OCT25.none.20.100ms", "data": {"timestamp": 1759764953550, "change_id": 120241975703, "instrument_name": "BTC-17OCT25", "bids": [[125720.0, 11910.0], [125715.0, 44000.0], [125710.0, 34360.0], [125707.5, 11310.0], [125705.0, 20060.0], [125702.5, 13720.0], [125700.0, 11310.0], [125697.5, 50670.0], [125687.5, 870.0], [125685.0, 12650.0], [125682.5, 34360.0], [125655.0, 710.0], [125650.0, 2390.0], [125642.5, 9700.0], [125640.0, 32500.0], [125637.5, 690.0], [125632.5, 2310.0], [125620.0, 700.0], [125617.5, 2340.0], [125602.5, 730.0]], "asks": [[125722.5, 10300.0], [125727.5, 5300.0], [125730.0, 160.0], [125735.0, 5300.0], [125737.5, 17210.0], [125740.0, 46630.0], [125742.5, 50000.0], [125747.5, 34360.0], [125750.0, 3240.0], [125752.5, 21120.0], [125755.0, 34360.0], [125767.5, 7210.0], [125770.0, 16160.0], [125780.0, 600.0], [125782.5, 2000.0], [125787.5, 700.0], [125790.0, 2350.0], [125800.0, 20.0], [125817.5, 720.0], [125820.0, 2410.0]]}}}
{"jsonrpc": "2.0", "method": "subscription", "params": {"channel": "book.BTC-10OCT25.none.20.100ms", "data": {"timestamp": 1759764953909, "change_id": 120241976470, "instrument_name": "BTC-10OCT25", "bids": [[125442.5, 11290.0], [125440.0, 11290.0], [125437.5, 11290.0], [125435.0, 11290.0], [125432.5, 11290.0], [125425.0, 160.0], [125422.5, 26670.0], [125420.0, 34340.0], [125417.5, 50000.0], [125410.0, 14610.0], [125407.5, 36960.0], [125400.0, 8770.0], [125397.5, 44000.0], [125362.5, 860.0], [125360.0, 2870.0], [125350.0, 100.0], [125332.5, 2800.0], [125327.5, 10.0], [125320.0, 100.0], [125312.5, 2840.0]], "asks": [[125445.0, 20010.0], [125447.5, 96090.0], [125450.0, 44000.0], [125455.0, 16130.0], [125457.5, 34340.0], [125460.0, 2930.0], [125462.5, 10250.0], [125465.0, 34340.0], [125467.5, 21760.0], [125470.0, 40680.0], [125475.0, 103240.0], [125477.5, 3000.0], [125482.5, 34340.0], [125490.0, 2850.0], [125497.5, 20.0], [125500.0, 5590.0], [125502.5, 15860.0], [125505.0, 2870.0], [125507.5, 3000.0], [125532.5, 860.0]]}}}
{"jsonrpc": "2.0", "method": "subscription", "params": {"channel": "book.BTC-17OCT25.none.20.100ms", "data": {"timestamp": 1759764953911, "change_id": 120241976478, "instrument_name": "BTC-17OCT25", "bids": [[125707.5, 13660.0], [125705.0, 64060.0], [125702.5, 11310.0], [125700.0, 11310.0], [125697.5, 45670.0], [125687.5, 160.0], [125685.0, 2390.0], [125682.5, 34360.0], [125675.0, 10260.0], [125672.5, 34360.0], [125655.0, 710.0], [125650.0, 2390.0], [125637.5, 690.0], [125632.5, 2310.0], [125620.0, 700.0], [125617.5, 2340.0], [125602.5, 730.0], [125600.0, 2410.0], [125597.5, 20.0], [125562.5, 450.0]], "asks": [[125722.5, 10300.0], [125727.5, 5300.0], [125730.0, 160.0], [125732.5, 6720.0], [125735.0, 5300.0], [125737.5, 17210.0], [125740.0, 46630.0], [125742.5, 50000.0], [125747.5, 34360.0], [125750.0, 3240.0], [125752.5, 21120.0], [125755.0, 34360.0], [125767.5, 7210.0], [125770.0, 16160.0], [125780.0, 600.0], [125782.5, 2000.0], [125787.5, 700.0], [125790.0, 2350.0], [125800.0, 20.0], [125817.5, 720.0]]}}}
{"jsonrpc": "2.0", "method": "subscription", "params": {"channel": "book.BTC-10OCT25.none.20.100ms", "data": {"timestamp": 1759764954186, "change_id": 120241977054, "instrument_name": "BTC-10OCT25", "bids": [[125442.5, 11290.0], [125440.0, 20850.0], [125437.5, 11290.0], [125435.0, 11290.0], [125432.5, 11290.0], [125430.0, 900.0], [125427.5, 2840.0], [125425.0, 160.0], [125422.5, 26670.0], [125420.0, 34340.0], [125417.5, 50000.0], [125415.0, 5000.0], [125410.0, 14610.0], [125407.5, 36960.0], [125400.0, 21900.0], [125397.5, 44000.0], [125362.5, 860.0], [125360.0, 2870.0], [125350.0, 100.0], [125345.0, 32500.0]], "asks": [[125445.0, 20010.0], [125447.5, 100990.0], [125450.0, 44000.0], [125455.0, 16130.0], [125457.5, 34340.0], [125460.0, 2930.0], [125462.5, 10250.0], [125465.0, 34340.0], [125467.5, 21760.0], [125470.0, 40680.0], [125475.0, 103240.0], [125477.5, 3000.0], [125480.0, 10250.0], [125482.5, 34340.0], [125490.0, 2850.0], [125497.5, 20.0], [125500.0, 5590.0], [125502.5, 15860.0], [125505.0, 2870.0], [125507.5, 3000.0]]}}}
{"jsonrpc": "2.0", "method": "subscription", "params": {"channel": "book.BTC-17OCT25.none.20.100ms", "data": {"timestamp": 1759764954194, "change_id": 120241977113, "instrument_name": "BTC-17OCT25", "bids": [[125720.0, 9560.0], [125712.5, 3400.0], [125710.0, 36710.0], [125707.5, 11310.0], [125705.0, 64060.0], [125702.5, 11310.0], [125700.0, 11310.0], [125697.5, 45670.0], [125687.5, 160.0], [125685.0, 7390.0], [125682.5, 34360.0], [125655.0, 710.0], [125650.0, 2390.0], [125642.5, 32500.0], [125637.5, 690.0], [125632.5, 2310.0], [125620.0, 700.0], [125617.5, 2340.0], [125602.5, 730.0], [125600.0, 2410.0]], "asks": [[125722.5, 10300.0], [125727.5, 5300.0], [125730.0, 5460.0], [125732.5, 6720.0], [125735.0, 5300.0], [125737.5, 17210.0], [125740.0, 46630.0], [125742.5, 50000.0], [125747.5, 34360.0], [125750.0, 3240.0], [125752.5, 21120.0], [125755.0, 34360.0], [125767.5, 7210.0], [125770.0, 16160.0], [125780.0, 600.0], [125782.5, 2000.0], [125787.5, 700.0], [125790.0, 2350.0], [125800.0, 20.0], [125817.5, 720.0]]}}}
{"jsonrpc": "2.0", "method": "subscription", "params": {"channel": "book.BTC-10OCT25.none.20.100ms", "data": {"timestamp": 1759764954539, "change_id": 120241977748, "instrument_name": "BTC-10OCT25", "bids": [[125442.5, 11290.0], [125440.0, 20850.0], [125437.5, 11290.0], [125435.0, 11290.0], [125432.5, 11290.0], [125430.0, 2270.0], [125427.5, 2840.0], [125425.0, 5160.0], [125422.5, 26670.0], [125420.0, 34340.0], [125417.5, 50000.0], [125410.0, 14610.0], [125407.5, 36960.0], [125400.0, 21900.0], [125397.5, 44000.0], [125362.5, 860.0], [125360.0, 2870.0], [125350.0, 100.0], [125345.0, 32500.0], [125332.5, 2800.0]], "asks": [[125445.0, 19680.0], [125447.5, 100990.0], [125450.0, 44000.0], [125455.0, 16130.0], [125457.5, 34340.0], [125460.0, 2930.0], [125462.5, 10250.0], [125465.0, 34340.0], [125467.5, 21760.0], [125470.0, 40680.0], [125475.0, 103240.0], [125477.5, 3000.0], [125480.0, 10250.0], [125482.5, 34340.0], [125490.0, 2850.0], [125497.5, 20.0], [125500.0, 5590.0], [125502.5, 15860.0], [125505.0, 2870.0], [125507.5, 3000.0]]}}}
{"jsonrpc": "2.0", "method": "subscription", "params": {"channel": "book.BTC-17OCT25.none.20.100ms", "data": {"timestamp": 1759764954510, "change_id": 120241977765, "instrument_name": "BTC-17OCT25", "bids": [[125720.0, 11910.0], [125712.5, 3400.0], [125710.0, 34360.0], [125707.5, 11310.0], [125705.0, 66410.0], [125702.5, 11310.0], [125700.0, 11310.0], [125697.5, 45670.0], [125695.0, 5000.0], [125687.5, 160.0], [125685.0, 2390.0], [125682.5, 34360.0], [125655.0, 710.0], [125650.0, 2390.0], [125642.5, 32500.0], [125637.5, 690.0], [125632.5, 2310.0], [125620.0, 700.0], [125617.5, 2340.0], [125607.5, 16460.0]], "asks": [[125722.5, 10300.0], [125727.5, 5300.0], [125730.0, 5460.0], [125732.5, 6720.0], [125735.0, 5300.0], [125737.5, 17210.0], [125740.0, 46630.0], [125742.5, 50000.0], [125747.5, 34360.0], [125750.0, 3240.0], [125752.5, 21120.0], [125755.0, 34360.0], [125765.0, 710.0], [125767.5, 7210.0], [125770.0, 16160.0], [125780.0, 600.0], [125782.5, 2000.0], [125787.5, 700.0], [125790.0, 2350.0], [125800.0, 20.0]]}}}
{"jsonrpc": "2.0", "method": "subscription", "params": {"channel": "book.BTC-10OCT25.none.20.100ms", "data": {"timestamp": 1759764954755, "change_id": 120241978041, "instrument_name": "BTC-10OCT25", "bids": [[125442.5, 11290.0], [125440.0, 20850.0], [125437.5, 11290.0], [125435.0, 11290.0], [125432.5, 11290.0], [125430.0, 2270.0], [125427.5, 2840.0], [125425.0, 5160.0], [125422.5, 26670.0], [125420.0, 34340.0], [125417.5, 50000.0], [125410.0, 14610.0], [125407.5, 36960.0], [125400.0, 21900.0], [125397.5, 44000.0], [125362.5, 860.0], [125360.0, 2870.0], [125350.0, 100.0], [125345.0, 32500.0], [125332.5, 2800.0]], "asks": [[125445.0, 19680.0], [125447.5, 96090.0], [125450.0, 44000.0], [125455.0, 16130.0], [125457.5, 34340.0], [125460.0, 2930.0], [125462.5, 10250.0], [125465.0, 34340.0], [125467.5, 21760.0], [125470.0, 40680.0], [125475.0, 103240.0], [125477.5, 3000.0], [125480.0, 10250.0], [125482.5, 34340.0], [125490.0, 2850.0], [125497.5, 20.0], [125500.0, 5590.0], [125502.5, 15860.0], [125505.0, 2870.0], [125507.5, 3000.0]]}}}
{"jsonrpc": "2.0", "method": "subscription", "params": {"channel": "book.BTC-10OCT25.none.20.100ms", "data": {"timestamp": 1759764955222, "change_id": 120241978643, "instrument_name": "BTC-10OCT25", "bids": [[125442.5, 11290.0], [125440.0, 20850.0], [125437.5, 11290.0], [125435.0, 11290.0], [125432.5, 11290.0], [125430.0, 2270.0], [125427.5, 2840.0], [125425.0, 5160.0], [125422.5, 26670.0], [125420.0, 34340.0], [125417.5, 50000.0], [125410.0, 14610.0], [125407.5, 36960.0], [125400.0, 21900.0], [125397.5, 44000.0], [125362.5, 860.0], [125360.0, 2870.0], [125350.0, 100.0], [125347.5, 9700.0], [125345.0, 32500.0]], "asks": [[125445.0, 19110.0], [125447.5, 98590.0], [125450.0, 44000.0], [125455.0, 16130.0], [125457.5, 34340.0], [125460.0, 2930.0], [125462.5, 10250.0], [125465.0, 34340.0], [125467.5, 21760.0], [125470.0, 40680.0], [125475.0, 103240.0], [125477.5, 3000.0], [125480.0, 10250.0], [125482.5, 34340.0], [125490.0, 2850.0], [125497.5, 20.0], [125500.0, 5590.0], [125502.5, 15860.0], [125505.0, 3770.0], [125507.5, 3000.0]]}}}
{"jsonrpc": "2.0", "method": "subscription", "params": {"channel": "book.BTC-17OCT25.none.20.100ms", "data": {"timestamp": 1759764955240, "change_id": 120241978648, "instrument_name": "BTC-17OCT25", "bids": [[125720.0, 11910.0], [125712.5, 5300.0], [125710.0, 34360.0], [125707.5, 11310.0], [125705.0, 66410.0], [125702.5, 11310.0], [125700.0, 11310.0], [125697.5, 45670.0], [125695.0, 5000.0], [125687.5, 160.0], [125685.0, 12650.0], [125682.5, 34360.0], [125655.0, 710.0], [125650.0, 2390.0], [125642.5, 32500.0], [125637.5, 690.0], [125632.5, 2310.0], [125620.0, 700.0], [125617.5, 2340.0], [125607.5, 16460.0]], "asks": [[125722.5, 5000.0], [125727.5, 5300.0], [125730.0, 5460.0], [125732.5, 6720.0], [125735.0, 5300.0], [125737.5, 17210.0], [125740.0, 46630.0], [125742.5, 50000.0], [125747.5, 34360.0], [125750.0, 3240.0], [125752.5, 21120.0], [125755.0, 34360.0], [125765.0, 710.0], [125767.5, 7210.0], [125770.0, 16160.0], [125780.0, 600.0], [125782.5, 2000.0], [125787.5, 700.0], [125790.0, 2350.0], [125800.0, 20.0]]}}}
{"jsonrpc": "2.0", "method": "subscription", "params": {"channel": "book.BTC-10OCT25.none.20.100ms", "data": {"timestamp": 1759764955358, "change_id": 120241979186, "instrument_name": "BTC-10OCT25", "bids": [[125442.5, 11290.0], [125440.0, 20850.0], [125437.5, 28280.0], [125435.0, 11290.0], [125432.5, 45630.0], [125430.0, 2270.0], [125427.5, 2840.0], [125425.0, 5160.0], [125422.5, 26670.0], [125420.0, 34340.0], [125417.5, 50000.0], [125410.0, 14610.0], [125407.5, 36960.0], [125400.0, 21900.0], [125397.5, 44000.0], [125362.5, 860.0], [125360.0, 2870.0], [125350.0, 100.0], [125347.5, 9700.0], [125345.0, 32500.0]], "asks": [[125445.0, 17010.0], [125447.5, 93590.0], [125450.0, 44000.0], [125455.0, 16130.0], [125457.5, 34340.0], [125460.0, 2930.0], [125462.5, 10250.0], [125465.0, 34340.0], [125467.5, 21760.0], [125470.0, 40680.0], [125475.0, 103240.0], [125477.5, 3000.0], [125480.0, 10250.0], [125482.5, 34340.0], [125490.0, 2850.0], [125497.5, 20.0], [125500.0, 5590.0], [125502.5, 15860.0], [125505.0, 3770.0], [125507.5, 3000.0]]}}}
{"jsonrpc": "2.0", "method": "subscription", "params": {"channel": "book.BTC-17OCT25.none.20.100ms", "data": {"timestamp": 1759764955523, "change_id": 120241979211, "instrument_name": "BTC-17OCT25", "bids": [[125720.0, 11910.0], [125717.5, 44000.0], [125712.5, 5300.0], [125710.0, 34360.0], [125707.5, 11310.0], [125705.0, 22410.0], [125702.5, 11310.0], [125700.0, 11310.0], [125697.5, 45670.0], [125695.0, 5000.0], [125687.5, 870.0], [125685.0, 12650.0], [125682.5, 34360.0], [125655.0, 710.0], [125650.0, 2390.0], [125645.0, 9700.0], [125642.5, 32500.0], [125637.5, 690.0], [125632.5, 2310.0], [125620.0, 700.0]], "asks": [[125722.5, 5000.0], [125727.5, 5300.0], [125730.0, 5460.0], [125732.5, 6720.0], [125735.0, 5300.0], [125737.5, 17210.0], [125740.0, 46630.0], [125742.5, 50000.0], [125747.5, 34360.0], [125750.0, 3240.0], [125752.5, 21120.0], [125755.0, 34360.0], [125765.0, 710.0], [125767.5, 7210.0], [125770.0, 16160.0], [125780.0, 600.0], [125782.5, 2000.0], [125787.5, 700.0], [125790.0, 2350.0], [125800.0, 20.0]]}}}
{"jsonrpc": "2.0", "method": "subscription", "params": {"channel": "book.BTC-10OCT25.none.20.100ms", "data": {"timestamp": 1759764955594, "change_id": 120241979378, "instrument_name": "BTC-10OCT25", "bids": [[125442.5, 11290.0], [125440.0, 20850.0], [125437.5, 28280.0], [125435.0, 11290.0], [125432.5, 45630.0], [125430.0, 2270.0], [125427.5, 2840.0], [125425.0, 5160.0], [125422.5, 26670.0], [125420.0, 34340.0], [125417.5, 50000.0], [125410.0, 14610.0], [125407.5, 36960.0], [125400.0, 21900.0], [125397.5, 44000.0], [125362.5, 860.0], [125360.0, 2870.0], [125350.0, 100.0], [125347.5, 9700.0], [125345.0, 32500.0]], "asks": [[125445.0, 19850.0], [125447.5, 93590.0], [125450.0, 44000.0], [125455.0, 16130.0], [125457.5, 34340.0], [125460.0, 2930.0], [125462.5, 10250.0], [125465.0, 34340.0], [125467.5, 21760.0], [125470.0, 40680.0], [125475.0, 103240.0], [125477.5, 3000.0], [125480.0, 10250.0], [125482.5, 34340.0], [125490.0, 2850.0], [125497.5, 20.0], [125500.0, 5590.0], [125502.5, 15860.0], [125505.0, 3770.0], [125507.5, 3000.0]]}}}
{"jsonrpc": "2.0", "method": "subscription", "params": {"channel": "book.BTC-17OCT25.none.20.100ms", "data": {"timestamp": 1759764955775, "change_id": 120241979429, "instrument_name": "BTC-17OCT25", "bids": [[125720.0, 11910.0], [125717.5, 44000.0], [125712.5, 5300.0], [125710.0, 34360.0], [125707.5, 11310.0], [125705.0, 22410.0], [125702.5, 11310.0], [125700.0, 11310.0], [125697.5, 45670.0], [125695.0, 5000.0], [125687.5, 160.0], [125685.0, 12650.0], [125682.5, 34360.0], [125655.0, 710.0], [125650.0, 2390.0], [125645.0, 9700.0], [125642.5, 32500.0], [125637.5, 690.0], [125632.5, 2310.0], [125620.0, 700.0]], "asks": [[125722.5, 5000.0], [125727.5, 5300.0], [125730.0, 5460.0], [125732.5, 6720.0], [125735.0, 5300.0], [125737.5, 17210.0], [125740.0, 46630.0], [125742.5, 50000.0], [125747.5, 34360.0], [125750.0, 3240.0], [125752.5, 21120.0], [125755.0, 34360.0], [125765.0, 710.0], [125767.5, 7210.0], [125770.0, 16160.0], [125780.0, 600.0], [125782.5, 2000.0], [125787.5, 700.0], [125790.0, 2350.0], [125800.0, 20.0]]}}}
{"jsonrpc": "2.0", "method": "subscription", "params": {"channel": "book.BTC-10OCT25.none.20.100ms", "data": {"timestamp": 1759764956194, "change_id": 120241980066, "instrument_name": "BTC-10OCT25", "bids": [[125442.5, 11290.0], [125440.0, 20850.0], [125437.5, 11290.0], [125435.0, 11290.0], [125432.5, 11290.0], [125430.0, 2270.0], [125427.5, 2840.0], [125425.0, 5160.0], [125422.5, 26670.0], [125420.0, 34340.0], [125417.5, 50000.0], [125410.0, 14610.0], [125407.5, 36960.0], [125400.0, 21900.0], [125397.5, 44000.0], [125362.5, 860.0], [125360.0, 2870.0], [125350.0, 100.0], [125347.5, 9700.0], [125345.0, 32500.0]], "asks": [[125445.0, 19850.0], [125447.5, 99090.0], [125450.0, 44000.0], [125455.0, 16130.0], [125457.5, 34340.0], [125460.0, 2930.0], [125462.5, 10250.0], [125465.0, 34340.0], [125467.5, 12840.0], [125470.0, 40680.0], [125475.0, 2870.0], [125477.5, 3000.0], [125480.0, 10250.0], [125482.5, 34340.0], [125490.0, 2850.0], [125497.5, 20.0], [125500.0, 5590.0], [125502.5, 15860.0], [125505.0, 3770.0], [125507.5, 3000.0]]}}}
{"jsonrpc": "2.0", "method": "subscription", "params": {"channel": "book.BTC-17OCT25.none.20.100ms", "data": {"timestamp": 1759764956227, "change_id": 120241980073, "instrument_name": "BTC-17OCT25", "bids": [[125720.0, 11910.0], [125717.5, 44000.0], [125710.0, 34360.0], [125707.5, 11310.0], [125705.0, 22410.0], [125702.5, 11310.0], [125700.0, 11310.0], [125697.5, 45670.0], [125695.0, 5000.0], [125687.5, 160.0], [125685.0, 12650.0], [125682.5, 34360.0], [125655.0, 710.0], [125650.0, 2390.0], [125645.0, 9700.0], [125642.5, 32500.0], [125637.5, 690.0], [125632.5, 2310.0], [125620.0, 700.0], [125617.5, 2340.0]], "asks": [[125722.5, 10300.0], [125727.5, 5300.0], [125730.0, 5460.0], [125732.5, 6720.0], [125735.0, 5300.0], [125737.5, 17210.0], [125740.0, 46630.0], [125742.5, 50000.0], [125747.5, 34360.0], [125750.0, 3240.0], [125752.5, 21120.0], [125755.0, 34360.0], [125765.0, 710.0], [125767.5, 7210.0], [125770.0, 16160.0], [125780.0, 600.0], [125782.5, 2000.0], [125787.5, 700.0], [125790.0, 2350.0], [125800.0, 20.0]]}}}
{"jsonrpc": "2.0", "method": "subscription", "params": {"channel": "book.BTC-10OCT25.none.20.100ms", "data": {"timestamp": 1759764956549, "change_id": 120241980670, "instrument_name": "BTC-10OCT25", "bids": [[125442.5, 11290.0], [125440.0, 20850.0], [125437.5, 18030.0], [125435.0, 11290.0], [125432.5, 11290.0], [125430.0, 2270.0], [125427.5, 2840.0], [125425.0, 5160.0], [125422.5, 26670.0], [125420.0, 34340.0], [125417.5, 50000.0], [125410.0, 14610.0], [125407.5, 36960.0], [125400.0, 21900.0], [125397.5, 44000.0], [125362.5, 860.0], [125360.0, 2870.0], [125350.0, 100.0], [125347.5, 9700.0], [125345.0, 32500.0]], "asks": [[125445.0, 19750.0], [125447.5, 93590.0], [125450.0, 44000.0], [125455.0, 16130.0], [125457.5, 34340.0], [125460.0, 2930.0], [125462.5, 10250.0], [125465.0, 34340.0], [125467.5, 1230.0], [125470.0, 1250.0], [125475.0, 2870.0], [125477.5, 3000.0], [125480.0, 10250.0], [125482.5, 34340.0], [125487.5, 850.0], [125490.0, 2850.0], [125497.5, 20.0], [125500.0, 5590.0], [125502.5, 15860.0], [125505.0, 3770.0]]}}}
{"jsonrpc": "2.0", "method": "subscription", "params": {"channel": "book.BTC-17OCT25.none.20.100ms", "data": {"timestamp": 1759764956265, "change_id": 120241980120, "instrument_name": "BTC-17OCT25", "bids": [[125720.0, 11910.0], [125717.5, 44000.0], [125710.0, 34360.0], [125707.5, 11310.0], [125705.0, 22410.0], [125702.5, 11310.0], [125700.0, 11310.0], [125697.5, 45670.0], [125695.0, 5000.0], [125687.5, 160.0], [125685.0, 12650.0], [125682.5, 34360.0], [125655.0, 710.0], [125650.0, 2390.0], [125645.0, 9700.0], [125642.5, 32500.0], [125637.5, 690.0], [125632.5, 2310.0], [125620.0, 700.0], [125617.5, 2340.0]], "asks": [[125722.5, 10300.0], [125727.5, 5300.0], [125730.0, 5460.0], [125732.5, 6720.0], [125735.0, 5300.0], [125737.5, 17210.0], [125740.0, 46630.0], [125742.5, 50000.0], [125747.5, 34360.0], [125750.0, 3240.0], [125752.5, 21120.0], [125755.0, 34360.0], [125765.0, 710.0], [125767.5, 7210.0], [125770.0, 16160.0], [125780.0, 600.0], [125782.5, 2000.0], [125787.5, 700.0], [125790.0, 2350.0], [125800.0, 20.0]]}}}
{"jsonrpc": "2.0", "method": "subscription", "params": {"channel": "book.BTC-10OCT25.none.20.100ms", "data": {"timestamp": 1759764956743, "change_id": 120241980863, "instrument_name": "BTC-10OCT25", "bids": [[125442.5, 11290.0], [125440.0, 20850.0], [125437.5, 18030.0], [125435.0, 11290.0], [125432.5, 11290.0], [125430.0, 2270.0], [125427.5, 2840.0], [125425.0, 5160.0], [125422.5, 26670.0], [125420.0, 34340.0], [125417.5, 50000.0], [125410.0, 14610.0], [125407.5, 36960.0], [125400.0, 21900.0], [125397.5, 44000.0], [125362.5, 860.0], [125360.0, 2870.0], [125350.0, 100.0], [125347.5, 9700.0], [125345.0, 32500.0]], "asks": [[125445.0, 19850.0], [125447.5, 93590.0], [125450.0, 44000.0], [125455.0, 16130.0], [125457.5, 34340.0], [125460.0, 2930.0], [125462.5, 10250.0], [125465.0, 34340.0], [125467.5, 1230.0], [125470.0, 1250.0], [125475.0, 2870.0], [125477.5, 3000.0], [125480.0, 10250.0], [125482.5, 34340.0], [125487.5, 850.0], [125490.0, 2850.0], [125497.5, 20.0], [125500.0, 5590.0], [125502.5, 15860.0], [125505.0, 3770.0]]}}}
{"jsonrpc": "2.0", "method": "subscription", "params": {"channel": "book.BTC-10OCT25.none.20.100ms", "data": {"timestamp": 1759764957183, "change_id": 120241981397, "instrument_name": "BTC-10OCT25", "bids": [[125442.5, 11290.0], [125440.0, 20850.0], [125437.5, 18030.0], [125435.0, 16290.0], [125432.5, 11290.0], [125430.0, 900.0], [125427.5, 2840.0], [125425.0, 160.0], [125422.5, 26670.0], [125420.0, 34340.0], [125417.5, 50000.0], [125410.0, 14610.0], [125407.5, 36960.0], [125400.0, 21900.0], [125397.5, 44000.0], [125362.5, 860.0], [125360.0, 2870.0], [125350.0, 100.0], [125347.5, 9700.0], [125345.0, 32500.0]], "asks": [[125445.0, 19850.0], [125447.5, 97390.0], [125450.0, 44000.0], [125455.0, 16130.0], [125457.5, 82440.0], [125460.0, 2930.0], [125462.5, 110610.0], [125465.0, 34340.0], [125467.5, 1230.0], [125470.0, 1250.0], [125475.0, 2870.0], [125477.5, 3000.0], [125480.0, 10250.0], [125482.5, 34340.0], [125487.5, 850.0], [125490.0, 2850.0], [125497.5, 20.0], [125500.0, 5590.0], [125502.5, 15860.0], [125505.0, 3770.0]]}}}
{"jsonrpc": "2.0", "method": "subscription", "params": {"channel": "book.BTC-10OCT25.none.20.100ms", "data": {"timestamp": 1759764957534, "change_id": 120241981925, "instrument_name": "BTC-10OCT25", "bids": [[125442.5, 11290.0], [125440.0, 20850.0], [125437.5, 18030.0], [125435.0, 16290.0], [125432.5, 11290.0], [125430.0, 900.0], [125427.5, 2840.0], [125425.0, 160.0], [125422.5, 26670.0], [125420.0, 34340.0], [125417.5, 50000.0], [125410.0, 14610.0], [125407.5, 36960.0], [125400.0, 21900.0], [125397.5, 44000.0], [125362.5, 860.0], [125360.0, 2870.0], [125350.0, 100.0], [125347.5, 9700.0], [125345.0, 32500.0]], "asks": [[125445.0, 19850.0], [125447.5, 97390.0], [125450.0, 44000.0], [125455.0, 16130.0], [125457.5, 82440.0], [125460.0, 2930.0], [125462.5, 110610.0], [125465.0, 34340.0], [125467.5, 1230.0], [125470.0, 1250.0], [125475.0, 2870.0], [125477.5, 3000.0], [125480.0, 10250.0], [125482.5, 34340.0], [125487.5, 850.0], [125490.0, 2850.0], [125497.5, 20.0], [125500.0, 5590.0], [125502.5, 15860.0], [125505.0, 3770.0]]}}}
{"jsonrpc": "2.0", "method": "subscription", "params": {"channel": "book.BTC-10OCT25.none.20.100ms", "data": {"timestamp": 1759764957834, "change_id": 120241982923, "instrument_name": "BTC-10OCT25", "bids": [[125442.5, 14130.0], [125440.0, 41580.0], [125437.5, 11290.0], [125435.0, 16290.0], [125432.5, 45630.0], [125430.0, 900.0], [125427.5, 2840.0], [125425.0, 160.0], [125422.5, 26670.0], [125420.0, 34340.0], [125417.5, 50000.0], [125410.0, 23380.0], [125407.5, 34340.0], [125362.5, 860.0], [125360.0, 2870.0], [125350.0, 100.0], [125347.5, 9700.0], [125345.0, 32500.0], [125332.5, 2800.0], [125327.5, 10.0]], "asks": [[125445.0, 100.0], [125447.5, 70000.0], [125450.0, 44000.0], [125455.0, 8770.0], [125457.5, 870.0], [125460.0, 2930.0], [125462.5, 10250.0], [125465.0, 34340.0], [125467.5, 1230.0], [125470.0, 1090.0], [125475.0, 2870.0], [125477.5, 3000.0], [125480.0, 10250.0], [125482.5, 34340.0], [125487.5, 1010.0], [125490.0, 2850.0], [125497.5, 20.0], [125500.0, 5590.0], [125502.5, 15860.0], [125505.0, 3770.0]]}}}
{"jsonrpc": "2.0", "method": "subscription", "params": {"channel": "book.BTC-17OCT25.none.20.100ms", "data": {"timestamp": 1759764957881, "change_id": 120241982916, "instrument_name": "BTC-17OCT25", "bids": [[125725.0, 16410.0], [125712.5, 3000.0], [125710.0, 34360.0], [125707.5, 11310.0], [125705.0, 13660.0], [125702.5, 11310.0], [125700.0, 26430.0], [125697.5, 45670.0], [125695.0, 5000.0], [125687.5, 870.0], [125685.0, 12650.0], [125682.5, 34360.0], [125652.5, 710.0], [125650.0, 2390.0], [125645.0, 9700.0], [125642.5, 32500.0], [125637.5, 690.0], [125632.5, 2310.0], [125617.5, 2340.0], [125610.0, 4910.0]], "asks": [[125727.5, 5300.0], [125735.0, 5300.0], [125737.5, 5300.0], [125747.5, 160.0], [125752.5, 2410.0], [125765.0, 49910.0], [125767.5, 57210.0], [125770.0, 16160.0], [125780.0, 600.0], [125782.5, 2000.0], [125787.5, 700.0], [125790.0, 2350.0], [125800.0, 20.0], [125812.5, 2590.0], [125815.0, 6250.0], [125820.0, 2410.0], [125847.5, 720.0], [125850.0, 2400.0], [125885.0, 1500.0], [125892.5, 11270.0]]}}}
{"jsonrpc": "2.0", "method": "subscription", "params": {"channel": "book.BTC-10OCT25.none.20.100ms", "data": {"timestamp": 1759764958173, "change_id": 120241983792, "instrument_name": "BTC-10OCT25", "bids": [[125442.5, 11290.0], [125440.0, 41740.0], [125437.5, 11290.0], [125435.0, 16290.0], [125432.5, 45630.0], [125430.0, 900.0], [125427.5, 2840.0], [125422.5, 26670.0], [125420.0, 43110.0], [125417.5, 50000.0], [125412.5, 44000.0], [125410.0, 14610.0], [125407.5, 34340.0], [125362.5, 860.0], [125360.0, 2870.0], [125350.0, 100.0], [125347.5, 9700.0], [125345.0, 32500.0], [125332.5, 2800.0], [125327.5, 10.0]], "asks": [[125445.0, 15950.0], [125447.5, 78480.0], [125450.0, 44000.0], [125452.5, 9560.0], [125455.0, 11680.0], [125457.5, 34340.0], [125460.0, 11700.0], [125462.5, 10250.0], [125465.0, 34340.0], [125467.5, 111630.0], [125470.0, 3440.0], [125472.5, 5000.0], [125475.0, 2870.0], [125477.5, 3000.0], [125482.5, 34340.0], [125487.5, 1010.0], [125490.0, 2850.0], [125497.5, 20.0], [125502.5, 15860.0], [125505.0, 2870.0]]}}}
{"jsonrpc": "2.0", "method": "subscription", "params": {"channel": "book.BTC-17OCT25.none.20.100ms", "data": {"timestamp": 1759764958204, "change_id": 120241983782, "instrument_name": "BTC-17OCT25", "bids": [[125725.0, 11910.0], [125722.5, 44000.0], [125720.0, 8750.0], [125712.5, 3000.0], [125710.0, 34360.0], [125707.5, 16310.0], [125705.0, 13660.0], [125702.5, 11310.0], [125700.0, 11310.0], [125697.5, 45670.0], [125687.5, 870.0], [125685.0, 12650.0], [125682.5, 34360.0], [125652.5, 710.0], [125650.0, 2390.0], [125642.5, 32500.0], [125637.5, 690.0], [125632.5, 2310.0], [125617.5, 2340.0], [125607.5, 16460.0]], "asks": [[125737.5, 5300.0], [125740.0, 5000.0], [125747.5, 5460.0], [125750.0, 59560.0], [125752.5, 46330.0], [125762.5, 13580.0], [125765.0, 43110.0], [125767.5, 7210.0], [125770.0, 16160.0], [125780.0, 600.0], [125782.5, 2000.0], [125790.0, 2350.0], [125800.0, 20.0], [125815.0, 6250.0], [125820.0, 2410.0], [125840.0, 9700.0], [125842.5, 32500.0], [125847.5, 720.0], [125850.0, 2400.0], [125885.0, 1500.0]]}}}
{"jsonrpc": "2.0", "method": "subscription", "params": {"channel": "book.BTC-10OCT25.none.20.100ms", "data": {"timestamp": 1759764958538, "change_id": 120241984131, "instrument_name": "BTC-10OCT25", "bids": [[125442.5, 11290.0], [125440.0, 41740.0], [125437.5, 11290.0], [125435.0, 16290.0], [125432.5, 45630.0], [125430.0, 900.0], [125427.5, 2840.0], [125422.5, 26670.0], [125420.0, 43110.0], [125417.5, 50000.0], [125412.5, 44000.0], [125410.0, 14610.0], [125407.5, 34340.0], [125362.5, 860.0], [125360.0, 2870.0], [125350.0, 100.0], [125347.5, 9700.0], [125345.0, 32500.0], [125332.5, 2800.0], [125327.5, 10.0]], "asks": [[125445.0, 15950.0], [125447.5, 78480.0], [125450.0, 44000.0], [125452.5, 9560.0], [125455.0, 11680.0], [125457.5, 34340.0], [125460.0, 11700.0], [125462.5, 10250.0], [125465.0, 34340.0], [125467.5, 111630.0], [125470.0, 3440.0], [125472.5, 5000.0], [125475.0, 2870.0], [125477.5, 3000.0], [125482.5, 34340.0], [125487.5, 1010.0], [125490.0, 2850.0], [125497.5, 20.0], [125502.5, 15860.0], [125505.0, 2870.0]]}}}
{"jsonrpc": "2.0", "method": "subscription", "params": {"channel": "book.BTC-17OCT25.none.20.100ms", "data": {"timestamp": 1759764958538, "change_id": 120241984205, "instrument_name": "BTC-17OCT25", "bids": [[125725.0, 11910.0], [125722.5, 44000.0], [125720.0, 8750.0], [125712.5, 3000.0], [125710.0, 34360.0], [125707.5, 16310.0], [125705.0, 13660.0], [125702.5, 11310.0], [125700.0, 11310.0], [125697.5, 45670.0], [125687.5, 870.0], [125685.0, 12650.0], [125682.5, 34360.0], [125652.5, 710.0], [125650.0, 2390.0], [125642.5, 32500.0], [125637.5, 690.0], [125632.5, 2310.0], [125617.5, 2340.0], [125607.5, 16460.0]], "asks": [[125737.5, 5300.0], [125740.0, 5000.0], [125747.5, 5460.0], [125750.0, 59560.0], [125752.5, 46330.0], [125762.5, 13580.0], [125765.0, 43110.0], [125767.5, 7210.0], [125770.0, 16160.0], [125775.0, 34360.0], [125780.0, 600.0], [125782.5, 2000.0], [125790.0, 2350.0], [125800.0, 20.0], [125815.0, 6250.0], [125820.0, 2410.0], [125840.0, 9700.0], [125842.5, 32500.0], [125847.5, 720.0], [125850.0, 2400.0]]}}}
{"jsonrpc": "2.0", "method": "subscription", "params": {"channel": "book.BTC-10OCT25.none.20.100ms", "data": {"timestamp": 1759764958785, "change_id": 120241984727, "instrument_name": "BTC-10OCT25", "bids": [[125442.5, 11290.0], [125440.0, 41740.0], [125437.5, 11290.0], [125435.0, 16290.0], [125432.5, 45630.0], [125430.0, 900.0], [125427.5, 2840.0], [125422.5, 26670.0], [125420.0, 43110.0], [125417.5, 50000.0], [125412.5, 44000.0], [125410.0, 14610.0], [125407.5, 34340.0], [125362.5, 860.0], [125360.0, 2870.0], [125350.0, 100.0], [125347.5, 9700.0], [125345.0, 32500.0], [125335.0, 840.0], [125332.5, 2800.0]], "asks": [[125445.0, 15950.0], [125447.5, 78480.0], [125450.0, 44000.0], [125452.5, 9560.0], [125455.0, 11680.0], [125457.5, 34340.0], [125460.0, 11700.0], [125462.5, 15250.0], [125465.0, 34340.0], [125467.5, 111630.0], [125470.0, 1090.0], [125475.0, 2870.0], [125477.5, 3000.0], [125482.5, 34340.0], [125487.5, 1010.0], [125490.0, 2850.0], [125497.5, 20.0], [125502.5, 15860.0], [125505.0, 2870.0], [125507.5, 3000.0]]}}}
{"jsonrpc": "2.0", "method": "subscription", "params": {"channel": "book.BTC-17OCT25.none.20.100ms", "data": {"timestamp": 1759764958837, "change_id": 120241984769, "instrument_name": "BTC-17OCT25", "bids": [[125727.5, 44000.0], [125725.0, 11910.0], [125720.0, 8750.0], [125712.5, 5300.0], [125710.0, 34360.0], [125707.5, 16310.0], [125705.0, 13660.0], [125702.5, 11310.0], [125700.0, 11310.0], [125697.5, 45670.0], [125692.5, 34360.0], [125687.5, 870.0], [125685.0, 12650.0], [125682.5, 34360.0], [125652.5, 710.0], [125650.0, 2390.0], [125645.0, 9700.0], [125642.5, 32500.0], [125637.5, 690.0], [125632.5, 2310.0]], "asks": [[125730.0, 10300.0], [125742.5, 34360.0], [125745.0, 5300.0], [125747.5, 5460.0], [125750.0, 59560.0], [125752.5, 46330.0], [125762.5, 13580.0], [125765.0, 43110.0], [125767.5, 7210.0], [125770.0, 16160.0], [125780.0, 600.0], [125782.5, 2000.0], [125790.0, 2350.0], [125800.0, 20.0], [125815.0, 6250.0], [125820.0, 2410.0], [125840.0, 9700.0], [125842.5, 32500.0], [125847.5, 720.0], [125850.0, 2400.0]]}}}
{"jsonrpc": "2.0", "method": "subscription", "params": {"channel": "book.BTC-10OCT25.none.20.100ms", "data": {"timestamp": 1759764959024, "change_id": 120241985345, "instrument_name": "BTC-10OCT25", "bids": [[125442.5, 11290.0], [125440.0, 41740.0], [125437.5, 11290.0], [125435.0, 16290.0], [125432.5, 45630.0], [125430.0, 2210.0], [125427.5, 2840.0], [125425.0, 4940.0], [125422.5, 26670.0], [125420.0, 34340.0], [125417.5, 50000.0], [125412.5, 44000.0], [125410.0, 14610.0], [125407.5, 34340.0], [125402.5, 1470.0], [125400.0, 4940.0], [125362.5, 860.0], [125360.0, 2870.0], [125350.0, 100.0], [125347.5, 9700.0]], "asks": [[125445.0, 20890.0], [125447.5, 78480.0], [125450.0, 44000.0], [125452.5, 9560.0], [125455.0, 11680.0], [125457.5, 34340.0], [125460.0, 2930.0], [125462.5, 15250.0], [125465.0, 34340.0], [125467.5, 111630.0], [125470.0, 1090.0], [125475.0, 2870.0], [125477.5, 3000.0], [125480.0, 4940.0], [125482.5, 34340.0], [125487.5, 1010.0], [125490.0, 2850.0], [125497.5, 20.0], [125502.5, 15860.0], [125505.0, 2870.0]]}}}
{"jsonrpc": "2.0", "method": "subscription", "params": {"channel": "book.BTC-17OCT25.none.20.100ms", "data": {"timestamp": 1759764958999, "change_id": 120241985436, "instrument_name": "BTC-17OCT25", "bids": [[125727.5, 48720.0], [125725.0, 11910.0], [125712.5, 5300.0], [125710.0, 34360.0], [125707.5, 16310.0], [125705.0, 13660.0], [125702.5, 11310.0], [125700.0, 11310.0], [125697.5, 45670.0], [125692.5, 34360.0], [125687.5, 870.0], [125685.0, 2390.0], [125682.5, 1410.0], [125680.0, 4720.0], [125652.5, 710.0], [125650.0, 2390.0], [125645.0, 9700.0], [125642.5, 32500.0], [125617.5, 2340.0], [125607.5, 16460.0]], "asks": [[125730.0, 10300.0], [125740.0, 5300.0], [125742.5, 34360.0], [125745.0, 5300.0], [125747.5, 10180.0], [125750.0, 59560.0], [125752.5, 46330.0], [125762.5, 13580.0], [125765.0, 34360.0], [125767.5, 7210.0], [125770.0, 116770.0], [125775.0, 100610.0], [125780.0, 600.0], [125782.5, 2000.0], [125790.0, 2350.0], [125800.0, 4740.0], [125805.0, 2350.0], [125815.0, 6250.0], [125820.0, 2410.0], [125840.0, 9700.0]]}}}
{"jsonrpc": "2.0", "method": "subscription", "params": {"channel": "book.BTC-10OCT25.none.20.100ms", "data": {"timestamp": 1759764959533, "change_id": 120241985970, "instrument_name": "BTC-10OCT25", "bids": [[125442.5, 11290.0], [125440.0, 41740.0], [125437.5, 11290.0], [125435.0, 16290.0], [125432.5, 45630.0], [125430.0, 2210.0], [125427.5, 2840.0], [125425.0, 4940.0], [125422.5, 26670.0], [125420.0, 34340.0], [125417.5, 50000.0], [125412.5, 44000.0], [125410.0, 14610.0], [125407.5, 34340.0], [125402.5, 1470.0], [125400.0, 4940.0], [125362.5, 860.0], [125360.0, 2870.0], [125350.0, 100.0], [125347.5, 9700.0]], "asks": [[125445.0, 20890.0], [125447.5, 78480.0], [125450.0, 44000.0], [125452.5, 9560.0], [125455.0, 11680.0], [125457.5, 34340.0], [125460.0, 2930.0], [125462.5, 15250.0], [125465.0, 34340.0], [125467.5, 35680.0], [125470.0, 1090.0], [125475.0, 2870.0], [125477.5, 3000.0], [125480.0, 4940.0], [125482.5, 34340.0], [125487.5, 1010.0], [125490.0, 2850.0], [125497.5, 20.0], [125502.5, 15860.0], [125505.0, 2870.0]]}}}
{"jsonrpc": "2.0", "method": "subscription", "params": {"channel": "book.BTC-17OCT25.none.20.100ms", "data": {"timestamp": 1759764959344, "change_id": 120241985576, "instrument_name": "BTC-17OCT25", "bids": [[125727.5, 48720.0], [125725.0, 11910.0], [125712.5, 3000.0], [125710.0, 34360.0], [125707.5, 16310.0], [125705.0, 13660.0], [125702.5, 11310.0], [125700.0, 11310.0], [125697.5, 45670.0], [125692.5, 34360.0], [125687.5, 870.0], [125685.0, 2390.0], [125682.5, 1410.0], [125680.0, 4720.0], [125652.5, 710.0], [125650.0, 2390.0], [125645.0, 9700.0], [125642.5, 32500.0], [125617.5, 2340.0], [125607.5, 16460.0]], "asks": [[125730.0, 10300.0], [125740.0, 5300.0], [125742.5, 34360.0], [125745.0, 5300.0], [125747.5, 10180.0], [125750.0, 59560.0], [125752.5, 46330.0], [125762.5, 13580.0], [125765.0, 34360.0], [125767.5, 7210.0], [125770.0, 116770.0], [125775.0, 100610.0], [125780.0, 600.0], [125782.5, 2000.0], [125790.0, 2350.0], [125800.0, 4740.0], [125805.0, 2350.0], [125815.0, 6250.0], [125820.0, 2410.0], [125840.0, 9700.0]]}}}
{"jsonrpc": "2.0", "method": "subscription", "params": {"channel": "book.BTC-17OCT25.none.20.100ms", "data": {"timestamp": 1759764959800, "change_id": 120241986324, "instrument_name": "BTC-17OCT25", "bids": [[125727.5, 48720.0], [125725.0, 11910.0], [125712.5, 3000.0], [125710.0, 34360.0], [125707.5, 16310.0], [125705.0, 13660.0], [125702.5, 11310.0], [125700.0, 11310.0], [125697.5, 45670.0], [125692.5, 34360.0], [125687.5, 870.0], [125685.0, 2390.0], [125682.5, 1410.0], [125680.0, 4720.0], [125652.5, 710.0], [125650.0, 2390.0], [125645.0, 9700.0], [125642.5, 32500.0], [125617.5, 2340.0], [125610.0, 4910.0]], "asks": [[125730.0, 10300.0], [125740.0, 5300.0], [125742.5, 34360.0], [125745.0, 5300.0], [125747.5, 10180.0], [125750.0, 59560.0], [125752.5, 46330.0], [125762.5, 13580.0], [125765.0, 34360.0], [125767.5, 22520.0], [125770.0, 116770.0], [125775.0, 100610.0], [125780.0, 600.0], [125782.5, 2000.0], [125790.0, 2350.0], [125800.0, 4740.0], [125805.0, 2350.0], [125812.5, 2590.0], [125815.0, 6250.0], [125820.0, 2410.0]]}}}
{"jsonrpc": "2.0", "method": "subscription", "params": {"channel": "book.BTC-10OCT25.none.20.100ms", "data": {"timestamp": 1759764960067, "change_id": 120241986722, "instrument_name": "BTC-10OCT25", "bids": [[125442.5, 11290.0], [125440.0, 41740.0], [125437.5, 11290.0], [125435.0, 16290.0], [125432.5, 45630.0], [125430.0, 2210.0], [125427.5, 2840.0], [125425.0, 4940.0], [125422.5, 26670.0], [125420.0, 34340.0], [125417.5, 50000.0], [125412.5, 44000.0], [125410.0, 14610.0], [125407.5, 34340.0], [125402.5, 1470.0], [125400.0, 4940.0], [125362.5, 860.0], [125360.0, 2870.0], [125350.0, 100.0], [125347.5, 9700.0]], "asks": [[125445.0, 15950.0], [125447.5, 78480.0], [125450.0, 44000.0], [125452.5, 9560.0], [125455.0, 11680.0], [125457.5, 34340.0], [125460.0, 80880.0], [125462.5, 15250.0], [125465.0, 34340.0], [125467.5, 35680.0], [125470.0, 1090.0], [125475.0, 2870.0], [125477.5, 3000.0], [125480.0, 15190.0], [125482.5, 34340.0], [125487.5, 1010.0], [125490.0, 2850.0], [125497.5, 20.0], [125502.5, 15860.0], [125505.0, 2870.0]]}}}
{"jsonrpc": "2.0", "method": "subscription", "params": {"channel": "book.BTC-17OCT25.none.20.100ms", "data": {"timestamp": 1759764960183, "change_id": 120241986914, "instrument_name": "BTC-17OCT25", "bids": [[125727.5, 48720.0], [125725.0, 11910.0], [125712.5, 5300.0], [125710.0, 34360.0], [125707.5, 16310.0], [125705.0, 13660.0], [125702.5, 11310.0], [125700.0, 11310.0], [125697.5, 45670.0], [125692.5, 34360.0], [125687.5, 870.0], [125685.0, 2390.0], [125682.5, 1410.0], [125680.0, 4720.0], [125652.5, 710.0], [125650.0, 2390.0], [125645.0, 9700.0], [125642.5, 32500.0], [125617.5, 2340.0], [125610.0, 4910.0]], "asks": [[125730.0, 5000.0], [125740.0, 5300.0], [125742.5, 34360.0], [125745.0, 5300.0], [125747.5, 5460.0], [125750.0, 59560.0], [125752.5, 46330.0], [125762.5, 13580.0], [125765.0, 34360.0], [125767.5, 22520.0], [125770.0, 116770.0], [125775.0, 100610.0], [125780.0, 600.0], [125782.5, 2000.0], [125790.0, 2350.0], [125800.0, 4740.0], [125805.0, 2350.0], [125820.0, 2410.0], [125840.0, 9700.0], [125842.5, 32500.0]]}}}
{"jsonrpc": "2.0", "method": "subscription", "params": {"channel": "book.BTC-10OCT25.none.20.100ms", "data": {"timestamp": 1759764960240, "change_id": 120241986944, "instrument_name": "BTC-10OCT25", "bids": [[125442.5, 11290.0], [125440.0, 41740.0], [125437.5, 11290.0], [125435.0, 16290.0], [125432.5, 45630.0], [125430.0, 2210.0], [125427.5, 2840.0], [125425.0, 4940.0], [125422.5, 26670.0], [125420.0, 34340.0], [125417.5, 50000.0], [125412.5, 44000.0], [125410.0, 14610.0], [125407.5, 34340.0], [125402.5, 1470.0], [125400.0, 4940.0], [125362.5, 860.0], [125360.0, 2870.0], [125350.0, 100.0], [125347.5, 9700.0]], "asks": [[125445.0, 20890.0], [125447.5, 78480.0], [125450.0, 44000.0], [125452.5, 9560.0], [125455.0, 11680.0], [125457.5, 34340.0], [125460.0, 80880.0], [125462.5, 15250.0], [125465.0, 34340.0], [125467.5, 35680.0], [125470.0, 1090.0], [125475.0, 2870.0], [125477.5, 3000.0], [125480.0, 15190.0], [125482.5, 34340.0], [125487.5, 1010.0], [125490.0, 2850.0], [125497.5, 20.0], [125502.5, 15860.0], [125505.0, 2870.0]]}}}
{"jsonrpc": "2.0", "method": "subscription", "params": {"channel": "book.BTC-17OCT25.none.20.100ms", "data": {"timestamp": 1759764960236, "change_id": 120241986942, "instrument_name": "BTC-17OCT25", "bids": [[125727.5, 48720.0], [125725.0, 11910.0], [125712.5, 5300.0], [125710.0, 34360.0], [125707.5, 16310.0], [125705.0, 13660.0], [125702.5, 11310.0], [125700.0, 11310.0], [125697.5, 45670.0], [125692.5, 34360.0], [125687.5, 870.0], [125685.0, 2390.0], [125682.5, 1410.0], [125680.0, 4720.0], [125652.5, 710.0], [125650.0, 2390.0], [125645.0, 9700.0], [125642.5, 32500.0], [125617.5, 2340.0], [125610.0, 4910.0]], "asks": [[125730.0, 5000.0], [125740.0, 5300.0], [125742.5, 34360.0], [125745.0, 10020.0], [125747.5, 5460.0], [125750.0, 59560.0], [125752.5, 46330.0], [125762.5, 13580.0], [125765.0, 34360.0], [125767.5, 22520.0], [125770.0, 116770.0], [125775.0, 100610.0], [125780.0, 600.0], [125782.5, 2000.0], [125790.0, 2350.0], [125800.0, 4740.0], [125805.0, 2350.0], [125820.0, 2410.0], [125840.0, 9700.0], [125842.5, 32500.0]]}}}
{"jsonrpc": "2.0", "method": "subscription", "params": {"channel": "book.BTC-10OCT25.none.20.100ms", "data": {"timestamp": 1759764960693, "change_id": 120241987647, "instrument_name": "BTC-10OCT25", "bids": [[125442.5, 14130.0], [125440.0, 41740.0], [125437.5, 11290.0], [125435.0, 16290.0], [125432.5, 45630.0], [125430.0, 2210.0], [125427.5, 2840.0], [125425.0, 4940.0], [125422.5, 26670.0], [125420.0, 34340.0], [125417.5, 50000.0], [125412.5, 44000.0], [125410.0, 14610.0], [125407.5, 34340.0], [125402.5, 1470.0], [125400.0, 4940.0], [125362.5, 860.0], [125360.0, 2870.0], [125350.0, 100.0], [125347.5, 9700.0]], "asks": [[125445.0, 13490.0], [125447.5, 78480.0], [125450.0, 44000.0], [125452.5, 9560.0], [125455.0, 11680.0], [125457.5, 34340.0], [125460.0, 80880.0], [125462.5, 15250.0], [125465.0, 34340.0], [125467.5, 35680.0], [125470.0, 1090.0], [125475.0, 2870.0], [125477.5, 3000.0], [125480.0, 15190.0], [125482.5, 34340.0], [125487.5, 1010.0], [125490.0, 2850.0], [125497.5, 20.0], [125502.5, 15860.0], [125505.0, 2870.0]]}}}
{"jsonrpc": "2.0", "method": "subscription", "params": {"channel": "book.BTC-10OCT25.none.20.100ms", "data": {"timestamp": 1759764961188, "change_id": 120241988357, "instrument_name": "BTC-10OCT25", "bids": [[125442.5, 11290.0], [125440.0, 32180.0], [125437.5, 11290.0], [125435.0, 16290.0], [125432.5, 45630.0], [125430.0, 2210.0], [125427.5, 2840.0], [125425.0, 4940.0], [125422.5, 26670.0], [125420.0, 34340.0], [125417.5, 50000.0], [125412.5, 44000.0], [125410.0, 14610.0], [125407.5, 34340.0], [125402.5, 1470.0], [125400.0, 4940.0], [125362.5, 860.0], [125360.0, 2870.0], [125350.0, 100.0], [125335.0, 840.0]], "asks": [[125445.0, 18790.0], [125447.5, 78480.0], [125450.0, 44000.0], [125452.5, 9560.0], [125455.0, 11680.0], [125457.5, 34340.0], [125460.0, 80880.0], [125462.5, 15250.0], [125465.0, 34340.0], [125467.5, 35680.0], [125470.0, 1090.0], [125475.0, 2870.0], [125477.5, 3000.0], [125480.0, 15190.0], [125482.5, 34340.0], [125487.5, 1010.0], [125490.0, 2850.0], [125497.5, 20.0], [125500.0, 5590.0], [125502.5, 15860.0]]}}}
{"jsonrpc": "2.0", "method": "subscription", "params": {"channel": "book.BTC-17OCT25.none.20.100ms", "data": {"timestamp": 1759764961190, "change_id": 120241988364, "instrument_name": "BTC-17OCT25", "bids": [[125727.5, 48720.0], [125725.0, 2350.0], [125712.5, 5300.0], [125710.0, 34360.0], [125707.5, 16310.0], [125705.0, 13660.0], [125702.5, 11310.0], [125700.0, 11310.0], [125697.5, 45670.0], [125692.5, 34360.0], [125687.5, 870.0], [125685.0, 2390.0], [125682.5, 1410.0], [125680.0, 4720.0], [125652.5, 710.0], [125650.0, 2390.0], [125620.0, 700.0], [125617.5, 2340.0], [125610.0, 4910.0], [125607.5, 16460.0]], "asks": [[125730.0, 10300.0], [125740.0, 5300.0], [125742.5, 39660.0], [125745.0, 10020.0], [125747.5, 5460.0], [125750.0, 59560.0], [125752.5, 46330.0], [125762.5, 13580.0], [125765.0, 34360.0], [125767.5, 22520.0], [125770.0, 116770.0], [125775.0, 100610.0], [125780.0, 600.0], [125782.5, 2000.0], [125787.5, 700.0], [125790.0, 2350.0], [125800.0, 4740.0], [125805.0, 2350.0], [125820.0, 2410.0], [125840.0, 9700.0]]}}}
{"jsonrpc": "2.0", "method": "subscription", "params": {"channel": "book.BTC-10OCT25.none.20.100ms", "data": {"timestamp": 1759764961474, "change_id": 120241989074, "instrument_name": "BTC-10OCT25", "bids": [[125442.5, 11290.0], [125440.0, 32180.0], [125437.5, 11290.0], [125435.0, 16290.0], [125432.5, 45630.0], [125430.0, 2210.0], [125427.5, 2840.0], [125422.5, 31610.0], [125420.0, 34340.0], [125417.5, 50000.0], [125412.5, 44000.0], [125410.0, 14610.0], [125407.5, 34340.0], [125402.5, 1470.0], [125400.0, 4940.0], [125362.5, 860.0], [125360.0, 2870.0], [125350.0, 100.0], [125335.0, 840.0], [125332.5, 2800.0]], "asks": [[125445.0, 21660.0], [125447.5, 78480.0], [125450.0, 44000.0], [125452.5, 9560.0], [125455.0, 11680.0], [125457.5, 34340.0], [125460.0, 80880.0], [125462.5, 15250.0], [125465.0, 34340.0], [125467.5, 36860.0], [125470.0, 1090.0], [125475.0, 2870.0], [125477.5, 3000.0], [125480.0, 15190.0], [125482.5, 34340.0], [125487.5, 1010.0], [125490.0, 2850.0], [125497.5, 20.0], [125500.0, 5590.0], [125502.5, 15860.0]]}}}
{"jsonrpc": "2.0", "method": "subscription", "params": {"channel": "book.BTC-17OCT25.none.20.100ms", "data": {"timestamp": 1759764961468, "change_id": 120241989072, "instrument_name": "BTC-17OCT25", "bids": [[125727.5, 44000.0], [125725.0, 4720.0], [125712.5, 3000.0], [125710.0, 34360.0], [125707.5, 16310.0], [125705.0, 13660.0], [125702.5, 11310.0], [125700.0, 11310.0], [125697.5, 45670.0], [125692.5, 34360.0], [125687.5, 870.0], [125685.0, 2390.0], [125682.5, 1410.0], [125680.0, 4720.0], [125652.5, 710.0], [125650.0, 2390.0], [125620.0, 700.0], [125617.5, 2340.0], [125610.0, 4910.0], [125607.5, 16460.0]], "asks": [[125730.0, 10300.0], [125740.0, 12650.0], [125742.5, 39660.0], [125745.0, 10020.0], [125747.5, 5460.0], [125750.0, 59560.0], [125752.5, 46330.0], [125762.5, 13580.0], [125765.0, 34360.0], [125767.5, 22520.0], [125770.0, 116770.0], [125775.0, 100610.0], [125780.0, 600.0], [125782.5, 2000.0], [125787.5, 700.0], [125790.0, 2350.0], [125800.0, 4740.0], [125805.0, 2350.0], [125820.0, 2410.0], [125840.0, 9700.0]]}}}
{"jsonrpc": "2.0", "method": "subscription", "params": {"channel": "book.BTC-10OCT25.none.20.100ms", "data": {"timestamp": 1759764961589, "change_id": 120241989300, "instrument_name": "BTC-10OCT25", "bids": [[125442.5, 20850.0], [125440.0, 32180.0], [125437.5, 11290.0], [125435.0, 16290.0], [125432.5, 45630.0], [125430.0, 2210.0], [125427.5, 2840.0], [125422.5, 31610.0], [125420.0, 34340.0], [125417.5, 50000.0], [125412.5, 44000.0], [125410.0, 14610.0], [125407.5, 34340.0], [125402.5, 1470.0], [125400.0, 4940.0], [125362.5, 860.0], [125360.0, 2870.0], [125352.5, 32500.0], [125350.0, 100.0], [125335.0, 840.0]], "asks": [[125445.0, 18790.0], [125447.5, 78480.0], [125450.0, 44000.0], [125452.5, 9560.0], [125455.0, 11680.0], [125457.5, 34340.0], [125460.0, 80880.0], [125462.5, 15250.0], [125465.0, 34340.0], [125467.5, 36860.0], [125470.0, 1090.0], [125475.0, 2870.0], [125477.5, 3000.0], [125480.0, 15190.0], [125482.5, 34340.0], [125487.5, 1010.0], [125490.0, 2850.0], [125497.5, 20.0], [125500.0, 5590.0], [125502.5, 15860.0]]}}}
{"jsonrpc": "2.0", "method": "subscription", "params": {"channel": "book.BTC-17OCT25.none.20.100ms", "data": {"timestamp": 1759764961577, "change_id": 120241989306, "instrument_name": "BTC-17OCT25", "bids": [[125727.5, 53560.0], [125725.0, 4720.0], [125712.5, 3000.0], [125710.0, 34360.0], [125707.5, 16310.0], [125705.0, 13660.0], [125702.5, 11310.0], [125700.0, 11310.0], [125697.5, 45670.0], [125692.5, 34360.0], [125687.5, 870.0], [125685.0, 2390.0], [125682.5, 1410.0], [125680.0, 4720.0], [125672.5, 710.0], [125670.0, 2390.0], [125652.5, 710.0], [125650.0, 34890.0], [125620.0, 700.0], [125617.5, 2340.0]], "asks": [[125730.0, 10300.0], [125740.0, 12650.0], [125742.5, 39660.0], [125745.0, 10020.0], [125747.5, 5460.0], [125750.0, 59560.0], [125752.5, 46330.0], [125762.5, 13580.0], [125765.0, 34360.0], [125767.5, 22520.0], [125770.0, 116770.0], [125775.0, 100610.0], [125780.0, 600.0], [125782.5, 2000.0], [125787.5, 700.0], [125790.0, 2350.0], [125800.0, 4740.0], [125820.0, 2410.0], [125840.0, 9700.0], [125842.5, 32500.0]]}}}
{"jsonrpc": "2.0", "method": "subscription", "params": {"channel": "book.BTC-10OCT25.none.20.100ms", "data": {"timestamp": 1759764962180, "change_id": 120241989905, "instrument_name": "BTC-10OCT25", "bids": [[125442.5, 20850.0], [125440.0, 32180.0], [125437.5, 11290.0], [125435.0, 16290.0], [125432.5, 45630.0], [125430.0, 2210.0], [125427.5, 2840.0], [125422.5, 31610.0], [125420.0, 34340.0], [125417.5, 50000.0], [125412.5, 44000.0], [125410.0, 14610.0], [125407.5, 34340.0], [125402.5, 1470.0], [125400.0, 4940.0], [125362.5, 860.0], [125360.0, 2870.0], [125352.5, 32500.0], [125350.0, 100.0], [125335.0, 840.0]], "asks": [[125445.0, 19480.0], [125447.5, 82480.0], [125450.0, 44000.0], [125452.5, 9560.0], [125455.0, 11680.0], [125457.5, 34340.0], [125460.0, 80880.0], [125462.5, 10250.0], [125465.0, 34340.0], [125467.5, 36860.0], [125470.0, 1090.0], [125475.0, 2870.0], [125477.5, 3000.0], [125480.0, 15190.0], [125482.5, 34340.0], [125487.5, 1010.0], [125490.0, 2850.0], [125497.5, 5020.0], [125500.0, 5590.0], [125502.5, 15860.0]]}}}
{"jsonrpc": "2.0", "method": "subscription", "params": {"channel": "book.BTC-17OCT25.none.20.100ms", "data": {"timestamp": 1759764962182, "change_id": 120241989906, "instrument_name": "BTC-17OCT25", "bids": [[125727.5, 53560.0], [125725.0, 4720.0], [125712.5, 3000.0], [125710.0, 34360.0], [125707.5, 16310.0], [125705.0, 13660.0], [125702.5, 11310.0], [125700.0, 11310.0], [125697.5, 45670.0], [125692.5, 34360.0], [125687.5, 870.0], [125685.0, 2390.0], [125682.5, 1410.0], [125680.0, 4720.0], [125672.5, 710.0], [125670.0, 2390.0], [125652.5, 10320.0], [125650.0, 34890.0], [125620.0, 700.0], [125617.5, 2340.0]], "asks": [[125737.5, 5410.0], [125740.0, 8460.0], [125742.5, 5300.0], [125745.0, 5300.0], [125747.5, 5460.0], [125750.0, 59560.0], [125752.5, 46330.0], [125762.5, 13580.0], [125765.0, 34360.0], [125767.5, 27520.0], [125770.0, 116770.0], [125775.0, 100610.0], [125780.0, 600.0], [125782.5, 2000.0], [125787.5, 700.0], [125790.0, 2350.0], [125797.5, 1410.0], [125800.0, 4740.0], [125820.0, 2410.0], [125840.0, 9700.0]]}}}
{"jsonrpc": "2.0", "method": "subscription", "params": {"channel": "book.BTC-10OCT25.none.20.100ms", "data": {"timestamp": 1759764962495, "change_id": 120241990482, "instrument_name": "BTC-10OCT25", "bids": [[125442.5, 20850.0], [125440.0, 32180.0], [125437.5, 11290.0], [125435.0, 16290.0], [125432.5, 45630.0], [125430.0, 2210.0], [125427.5, 2840.0], [125422.5, 31610.0], [125420.0, 34340.0], [125417.5, 50000.0], [125412.5, 44000.0], [125410.0, 14610.0], [125407.5, 34340.0], [125402.5, 1470.0], [125400.0, 4940.0], [125362.5, 860.0], [125360.0, 2870.0], [125352.5, 32500.0], [125350.0, 100.0], [125335.0, 840.0]], "asks": [[125445.0, 16610.0], [125447.5, 78480.0], [125450.0, 44000.0], [125452.5, 9560.0], [125455.0, 11680.0], [125457.5, 34340.0], [125460.0, 80880.0], [125462.5, 10250.0], [125465.0, 34340.0], [125467.5, 36860.0], [125470.0, 1090.0], [125475.0, 2870.0], [125477.5, 3000.0], [125480.0, 15190.0], [125482.5, 34340.0], [125487.5, 1010.0], [125490.0, 2850.0], [125497.5, 5020.0], [125500.0, 5590.0], [125502.5, 15860.0]]}}}
{"jsonrpc": "2.0", "method": "subscription", "params": {"channel": "book.BTC-17OCT25.none.20.100ms", "data": {"timestamp": 1759764962470, "change_id": 120241990483, "instrument_name": "BTC-17OCT25", "bids": [[125730.0, 17050.0], [125727.5, 44000.0], [125725.0, 4720.0], [125720.0, 34360.0], [125712.5, 3000.0], [125710.0, 34360.0], [125707.5, 16310.0], [125705.0, 13660.0], [125702.5, 11310.0], [125700.0, 11310.0], [125697.5, 45670.0], [125687.5, 870.0], [125685.0, 2390.0], [125682.5, 1410.0], [125680.0, 4720.0], [125672.5, 710.0], [125670.0, 2390.0], [125652.5, 710.0], [125650.0, 34890.0], [125620.0, 700.0]], "asks": [[125737.5, 3020.0], [125740.0, 8460.0], [125742.5, 5300.0], [125745.0, 5300.0], [125747.5, 5460.0], [125750.0, 59560.0], [125752.5, 46330.0], [125762.5, 13580.0], [125765.0, 34360.0], [125767.5, 27520.0], [125770.0, 116770.0], [125775.0, 134970.0], [125780.0, 600.0], [125782.5, 2000.0], [125787.5, 700.0], [125790.0, 2350.0], [125797.5, 1410.0], [125800.0, 4740.0], [125820.0, 2410.0], [125840.0, 9700.0]]}}}
{"jsonrpc": "2.0", "method": "subscription", "params": {"channel": "book.BTC-10OCT25.none.20.100ms", "data": {"timestamp": 1759764962766, "change_id": 120241990747, "instrument_name": "BTC-10OCT25", "bids": [[125442.5, 20850.0], [125440.0, 32180.0], [125437.5, 11290.0], [125435.0, 16290.0], [125432.5, 45630.0], [125430.0, 2210.0], [125427.5, 2840.0], [125422.5, 31610.0], [125420.0, 34340.0], [125417.5, 50000.0], [125412.5, 44000.0], [125410.0, 14610.0], [125407.5, 34340.0], [125402.5, 1470.0], [125400.0, 4940.0], [125362.5, 860.0], [125360.0, 2870.0], [125352.5, 32500.0], [125350.0, 100.0], [125335.0, 840.0]], "asks": [[125445.0, 20890.0], [125447.5, 78480.0], [125450.0, 44000.0], [125452.5, 9560.0], [125455.0, 11680.0], [125457.5, 34340.0], [125460.0, 80880.0], [125462.5, 10250.0], [125465.0, 34340.0], [125467.5, 36860.0], [125470.0, 1090.0], [125475.0, 2870.0], [125477.5, 3000.0], [125480.0, 15190.0], [125482.5, 34340.0], [125487.5, 1010.0], [125490.0, 2850.0], [125497.5, 5020.0], [125500.0, 5590.0], [125502.5, 15860.0]]}}}
{"jsonrpc": "2.0", "method": "subscription", "params": {"channel": "book.BTC-17OCT25.none.20.100ms", "data": {"timestamp": 1759764962521, "change_id": 120241990497, "instrument_name": "BTC-17OCT25", "bids": [[125730.0, 17050.0], [125727.5, 44000.0], [125725.0, 4720.0], [125720.0, 34360.0], [125712.5, 3000.0], [125710.0, 34360.0], [125707.5, 16310.0], [125705.0, 13660.0], [125702.5, 11310.0], [125700.0, 11310.0], [125697.5, 45670.0], [125687.5, 870.0], [125685.0, 2390.0], [125682.5, 1410.0], [125680.0, 4720.0], [125672.5, 710.0], [125670.0, 2390.0], [125652.5, 710.0], [125650.0, 34890.0], [125620.0, 700.0]], "asks": [[125737.5, 3020.0], [125740.0, 8460.0], [125742.5, 10020.0], [125745.0, 5300.0], [125747.5, 5460.0], [125750.0, 59560.0], [125752.5, 46330.0], [125762.5, 13580.0], [125765.0, 34360.0], [125767.5, 27520.0], [125770.0, 116770.0], [125775.0, 134970.0], [125780.0, 600.0], [125782.5, 2000.0], [125787.5, 700.0], [125790.0, 2350.0], [125797.5, 1410.0], [125800.0, 4740.0], [125820.0, 2410.0], [125840.0, 9700.0]]}}}
{"jsonrpc": "2.0", "method": "subscription", "params": {"channel": "book.BTC-10OCT25.none.20.100ms", "data": {"timestamp": 1759764963057, "change_id": 120241991857, "instrument_name": "BTC-10OCT25", "bids": [[125442.5, 23720.0], [125440.0, 32180.0], [125437.5, 11290.0], [125435.0, 16290.0], [125432.5, 45630.0], [125430.0, 20110.0], [125427.5, 2840.0], [125422.5, 70670.0], [125420.0, 34340.0], [125417.5, 50000.0], [125415.0, 11110.0], [125410.0, 2870.0], [125407.5, 34340.0], [125402.5, 1470.0], [125400.0, 4940.0], [125362.5, 860.0], [125360.0, 2870.0], [125355.0, 9730.0], [125352.5, 32500.0], [125350.0, 100.0]], "asks": [[125445.0, 100.0], [125447.5, 74940.0], [125450.0, 44000.0], [125455.0, 11680.0], [125457.5, 6100.0], [125460.0, 80820.0], [125462.5, 10250.0], [125465.0, 34340.0], [125467.5, 36860.0], [125470.0, 1090.0], [125475.0, 2870.0], [125480.0, 15190.0], [125482.5, 34340.0], [125487.5, 4010.0], [125490.0, 2850.0], [125497.5, 5610.0], [125500.0, 20870.0], [125505.0, 2870.0], [125517.5, 3000.0], [125535.0, 2870.0]]}}}
{"jsonrpc": "2.0", "method": "subscription", "params": {"channel": "book.BTC-17OCT25.none.20.100ms", "data": {"timestamp": 1759764963149, "change_id": 120241991833, "instrument_name": "BTC-17OCT25", "bids": [[125735.0, 17250.0], [125732.5, 48720.0], [125722.5, 5300.0], [125720.0, 34360.0], [125712.5, 3000.0], [125710.0, 34360.0], [125707.5, 16310.0], [125705.0, 13660.0], [125702.5, 11470.0], [125700.0, 24940.0], [125697.5, 45670.0], [125687.5, 710.0], [125685.0, 2390.0], [125682.5, 1410.0], [125680.0, 4720.0], [125672.5, 710.0], [125670.0, 2390.0], [125650.0, 34890.0], [125620.0, 700.0], [125617.5, 2340.0]], "asks": [[125737.5, 5320.0], [125747.5, 160.0], [125752.5, 7110.0], [125762.5, 63580.0], [125765.0, 34360.0], [125767.5, 33580.0], [125770.0, 100610.0], [125775.0, 134970.0], [125782.5, 2000.0], [125787.5, 700.0], [125790.0, 2350.0], [125797.5, 1410.0], [125800.0, 4740.0], [125820.0, 2410.0], [125845.0, 32500.0], [125850.0, 2400.0], [125882.5, 450.0], [125885.0, 1500.0], [125895.0, 710.0], [125897.5, 2350.0]]}}}
{"jsonrpc": "2.0", "method": "subscription", "params": {"channel": "book.BTC-10OCT25.none.20.100ms", "data": {"timestamp": 1759764963477, "change_id": 120241992659, "instrument_name": "BTC-10OCT25", "bids": [[125442.5, 20850.0], [125440.0, 32180.0], [125437.5, 11290.0], [125435.0, 16290.0], [125432.5, 45630.0], [125430.0, 2210.0], [125427.5, 2840.0], [125425.0, 4940.0], [125422.5, 26670.0], [125420.0, 34340.0], [125417.5, 50000.0], [125415.0, 55110.0], [125410.0, 2870.0], [125407.5, 34340.0], [125402.5, 1470.0], [125400.0, 4940.0], [125362.5, 860.0], [125360.0, 2870.0], [125355.0, 32500.0], [125350.0, 100.0]], "asks": [[125445.0, 3750.0], [125447.5, 84600.0], [125450.0, 44000.0], [125455.0, 11680.0], [125457.5, 50000.0], [125460.0, 80820.0], [125462.5, 10250.0], [125465.0, 34340.0], [125467.5, 36860.0], [125470.0, 1090.0], [125475.0, 2870.0], [125480.0, 15190.0], [125482.5, 34340.0], [125485.0, 5000.0], [125487.5, 4010.0], [125490.0, 2850.0], [125497.5, 5610.0], [125500.0, 15870.0], [125505.0, 2870.0], [125517.5, 3000.0]]}}}
{"jsonrpc": "2.0", "method": "subscription", "params": {"channel": "book.BTC-17OCT25.none.20.100ms", "data": {"timestamp": 1759764963400, "change_id": 120241992462, "instrument_name": "BTC-17OCT25", "bids": [[125732.5, 53560.0], [125730.0, 4720.0], [125722.5, 5300.0], [125720.0, 34360.0], [125712.5, 3000.0], [125710.0, 34360.0], [125707.5, 16310.0], [125705.0, 13660.0], [125702.5, 11470.0], [125700.0, 11310.0], [125697.5, 45670.0], [125687.5, 710.0], [125685.0, 2390.0], [125682.5, 1410.0], [125680.0, 4720.0], [125672.5, 710.0], [125670.0, 2390.0], [125652.5, 32500.0], [125650.0, 2390.0], [125620.0, 700.0]], "asks": [[125735.0, 5300.0], [125737.5, 5320.0], [125742.5, 1580.0], [125745.0, 5300.0], [125747.5, 58440.0], [125750.0, 34360.0], [125752.5, 7110.0], [125755.0, 2850.0], [125757.5, 9560.0], [125762.5, 13580.0], [125765.0, 34360.0], [125767.5, 38580.0], [125770.0, 100610.0], [125775.0, 134970.0], [125782.5, 2000.0], [125787.5, 700.0], [125790.0, 2350.0], [125797.5, 1410.0], [125800.0, 4740.0], [125817.5, 720.0]]}}}
{"jsonrpc": "2.0", "method": "subscription", "params": {"channel": "book.BTC-17OCT25.none.20.100ms", "data": {"timestamp": 1759764963590, "change_id": 120241993003, "instrument_name": "BTC-17OCT25", "bids": [[125732.5, 53560.0], [125730.0, 4720.0], [125722.5, 5300.0], [125720.0, 34360.0], [125712.5, 14310.0], [125710.0, 45670.0], [125707.5, 16310.0], [125705.0, 13660.0], [125702.5, 11470.0], [125697.5, 34360.0], [125687.5, 710.0], [125685.0, 2390.0], [125682.5, 1410.0], [125680.0, 4720.0], [125672.5, 710.0], [125670.0, 2390.0], [125652.5, 32500.0], [125650.0, 2390.0], [125620.0, 700.0], [125617.5, 2340.0]], "asks": [[125735.0, 5300.0], [125737.5, 5320.0], [125742.5, 1580.0], [125745.0, 10020.0], [125747.5, 58440.0], [125750.0, 34360.0], [125752.5, 7390.0], [125755.0, 2850.0], [125757.5, 9560.0], [125762.5, 13580.0], [125765.0, 34360.0], [125767.5, 33580.0], [125770.0, 100610.0], [125775.0, 134970.0], [125782.5, 2000.0], [125787.5, 700.0], [125790.0, 2350.0], [125797.5, 1410.0], [125800.0, 4740.0], [125817.5, 720.0]]}}}
{"jsonrpc": "2.0", "method": "subscription", "params": {"channel": "book.BTC-10OCT25.none.20.100ms", "data": {"timestamp": 1759764964110, "change_id": 120241993709, "instrument_name": "BTC-10OCT25", "bids": [[125442.5, 20850.0], [125440.0, 32180.0], [125437.5, 11290.0], [125435.0, 16290.0], [125432.5, 45630.0], [125430.0, 2210.0], [125427.5, 2840.0], [125425.0, 4940.0], [125422.5, 26670.0], [125420.0, 34340.0], [125417.5, 50000.0], [125415.0, 55110.0], [125410.0, 2870.0], [125407.5, 34340.0], [125402.5, 1470.0], [125400.0, 4940.0], [125395.0, 2870.0], [125362.5, 10450.0], [125360.0, 2870.0], [125355.0, 32500.0]], "asks": [[125445.0, 11150.0], [125447.5, 84600.0], [125450.0, 44000.0], [125455.0, 11680.0], [125457.5, 50000.0], [125460.0, 80820.0], [125462.5, 10250.0], [125465.0, 34340.0], [125467.5, 35680.0], [125470.0, 1090.0], [125472.5, 2350.0], [125475.0, 7870.0], [125480.0, 15190.0], [125482.5, 34340.0], [125485.0, 1790.0], [125487.5, 3160.0], [125490.0, 2850.0], [125497.5, 5610.0], [125500.0, 15870.0], [125505.0, 2870.0]]}}}
{"jsonrpc": "2.0", "method": "subscription", "params": {"channel": "book.BTC-17OCT25.none.20.100ms", "data": {"timestamp": 1759764964138, "change_id": 120241993734, "instrument_name": "BTC-17OCT25", "bids": [[125732.5, 53560.0], [125730.0, 4720.0], [125722.5, 5300.0], [125720.0, 34360.0], [125712.5, 14310.0], [125710.0, 45670.0], [125707.5, 16310.0], [125705.0, 13660.0], [125702.5, 11470.0], [125697.5, 34360.0], [125687.5, 710.0], [125685.0, 2390.0], [125682.5, 1410.0], [125680.0, 4720.0], [125672.5, 710.0], [125670.0, 2390.0], [125652.5, 32500.0], [125650.0, 2390.0], [125620.0, 700.0], [125617.5, 2340.0]], "asks": [[125735.0, 5300.0], [125740.0, 5300.0], [125742.5, 6580.0], [125745.0, 10020.0], [125747.5, 58440.0], [125750.0, 34360.0], [125752.5, 2390.0], [125755.0, 2850.0], [125757.5, 9560.0], [125762.5, 13580.0], [125765.0, 34360.0], [125767.5, 33580.0], [125770.0, 100610.0], [125775.0, 134970.0], [125782.5, 2000.0], [125787.5, 700.0], [125790.0, 2350.0], [125797.5, 1410.0], [125800.0, 4740.0], [125817.5, 720.0]]}}}
{"jsonrpc": "2.0", "method": "subscription", "params": {"channel": "book.BTC-17OCT25.none.20.100ms", "data": {"timestamp": 1759764964219, "change_id": 120241993783, "instrument_name": "BTC-17OCT25", "bids": [[125732.5, 53560.0], [125722.5, 10020.0], [125720.0, 34360.0], [125712.5, 14310.0], [125710.0, 45670.0], [125707.5, 16310.0], [125705.0, 13660.0], [125702.5, 11470.0], [125697.5, 34360.0], [125687.5, 710.0], [125685.0, 2390.0], [125682.5, 1410.0], [125680.0, 4720.0], [125672.5, 710.0], [125670.0, 2390.0], [125655.0, 10410.0], [125652.5, 32500.0], [125650.0, 2390.0], [125620.0, 700.0], [125617.5, 2340.0]], "asks": [[125735.0, 5300.0], [125740.0, 5300.0], [125742.5, 6580.0], [125745.0, 10020.0], [125747.5, 58440.0], [125750.0, 34360.0], [125752.5, 2390.0], [125755.0, 2850.0], [125757.5, 9560.0], [125762.5, 13580.0], [125765.0, 34360.0], [125767.5, 33580.0], [125770.0, 100610.0], [125775.0, 134970.0], [125782.5, 2000.0], [125787.5, 700.0], [125790.0, 2350.0], [125797.5, 1410.0], [125800.0, 4740.0], [125817.5, 720.0]]}}}
{"jsonrpc": "2.0", "method": "subscription", "params": {"channel": "book.BTC-10OCT25.none.20.100ms", "data": {"timestamp": 1759764965145, "change_id": 120241995097, "instrument_name": "BTC-10OCT25", "bids": [[125442.5, 20850.0], [125440.0, 32180.0], [125437.5, 11290.0], [125435.0, 16290.0], [125432.5, 45630.0], [125430.0, 2210.0], [125427.5, 2840.0], [125425.0, 4940.0], [125422.5, 26670.0], [125420.0, 34340.0], [125417.5, 50000.0], [125415.0, 55110.0], [125410.0, 2870.0], [125407.5, 34340.0], [125402.5, 1470.0], [125400.0, 4940.0], [125397.5, 860.0], [125395.0, 2870.0], [125362.5, 10450.0], [125360.0, 2870.0]], "asks": [[125445.0, 11150.0], [125447.5, 84600.0], [125450.0, 44000.0], [125455.0, 11680.0], [125457.5, 50000.0], [125460.0, 2870.0], [125462.5, 10250.0], [125465.0, 39340.0], [125467.5, 35680.0], [125470.0, 1090.0], [125472.5, 860.0], [125475.0, 2870.0], [125480.0, 15190.0], [125482.5, 34340.0], [125485.0, 1790.0], [125487.5, 3160.0], [125490.0, 2850.0], [125497.5, 5610.0], [125500.0, 15870.0], [125505.0, 2870.0]]}}}
{"jsonrpc": "2.0", "method": "subscription", "params": {"channel": "book.BTC-17OCT25.none.20.100ms", "data": {"timestamp": 1759764965128, "change_id": 120241995095, "instrument_name": "BTC-17OCT25", "bids": [[125732.5, 53560.0], [125722.5, 10020.0], [125720.0, 34360.0], [125712.5, 14310.0], [125710.0, 45670.0], [125707.5, 16310.0], [125705.0, 13660.0], [125702.5, 11470.0], [125697.5, 34360.0], [125687.5, 710.0], [125685.0, 2390.0], [125682.5, 1410.0], [125680.0, 4720.0], [125672.5, 710.0], [125670.0, 2390.0], [125655.0, 10410.0], [125652.5, 32500.0], [125650.0, 2390.0], [125620.0, 700.0], [125617.5, 2340.0]], "asks": [[125740.0, 7690.0], [125742.5, 11880.0], [125745.0, 10020.0], [125747.5, 58440.0], [125750.0, 34360.0], [125752.5, 2390.0], [125755.0, 2850.0], [125757.5, 9560.0], [125762.5, 13580.0], [125765.0, 34360.0], [125767.5, 33580.0], [125770.0, 100610.0], [125775.0, 134970.0], [125782.5, 2000.0], [125787.5, 700.0], [125790.0, 2350.0], [125797.5, 1410.0], [125800.0, 4740.0], [125817.5, 720.0], [125820.0, 2410.0]]}}}
{"jsonrpc": "2.0", "method": "subscription", "params": {"channel": "book.BTC-10OCT25.none.20.100ms", "data": {"timestamp": 1759764965288, "change_id": 120241995640, "instrument_name": "BTC-10OCT25", "bids": [[125442.5, 20850.0], [125440.0, 32180.0], [125437.5, 11290.0], [125435.0, 11290.0], [125432.5, 45630.0], [125430.0, 3530.0], [125427.5, 2840.0], [125425.0, 4940.0], [125422.5, 31670.0], [125420.0, 34340.0], [125417.5, 50000.0], [125415.0, 55110.0], [125410.0, 2870.0], [125407.5, 34340.0], [125402.5, 1470.0], [125400.0, 4940.0], [125397.5, 860.0], [125395.0, 2870.0], [125362.5, 860.0], [125360.0, 2870.0]], "asks": [[125445.0, 15600.0], [125447.5, 84600.0], [125450.0, 44000.0], [125455.0, 11680.0], [125457.5, 50000.0], [125460.0, 2870.0], [125462.5, 10250.0], [125465.0, 39340.0], [125467.5, 35680.0], [125470.0, 1090.0], [125472.5, 860.0], [125475.0, 2870.0], [125480.0, 15190.0], [125482.5, 34340.0], [125485.0, 1790.0], [125487.5, 3160.0], [125490.0, 2850.0], [125497.5, 5610.0], [125500.0, 15870.0], [125505.0, 2870.0]]}}}
{"jsonrpc": "2.0", "method": "subscription", "params": {"channel": "book.BTC-17OCT25.none.20.100ms", "data": {"timestamp": 1759764965483, "change_id": 120241995944, "instrument_name": "BTC-17OCT25", "bids": [[125732.5, 53560.0], [125722.5, 4720.0], [125720.0, 34360.0], [125712.5, 14310.0], [125710.0, 45670.0], [125707.5, 11310.0], [125705.0, 13660.0], [125702.5, 11470.0], [125697.5, 34360.0], [125690.0, 5000.0], [125687.5, 710.0], [125685.0, 2390.0], [125682.5, 1410.0], [125680.0, 4720.0], [125672.5, 710.0], [125670.0, 2390.0], [125652.5, 33210.0], [125650.0, 2390.0], [125620.0, 700.0], [125617.5, 2340.0]], "asks": [[125735.0, 5300.0], [125737.5, 5300.0], [125740.0, 5300.0], [125742.5, 13090.0], [125745.0, 10020.0], [125747.5, 58440.0], [125750.0, 34360.0], [125752.5, 2390.0], [125755.0, 2850.0], [125757.5, 9560.0], [125760.0, 4720.0], [125762.5, 13580.0], [125765.0, 34360.0], [125767.5, 33580.0], [125770.0, 100610.0], [125775.0, 141220.0], [125780.0, 600.0], [125782.5, 2000.0], [125787.5, 700.0], [125790.0, 2350.0]]}}}
{"jsonrpc": "2.0", "method": "subscription", "params": {"channel": "book.BTC-10OCT25.none.20.100ms", "data": {"timestamp": 1759764965555, "change_id": 120241996326, "instrument_name": "BTC-10OCT25", "bids": [[125442.5, 20850.0], [125440.0, 32180.0], [125437.5, 11290.0], [125435.0, 11290.0], [125432.5, 50630.0], [125430.0, 2320.0], [125427.5, 2840.0], [125425.0, 4940.0], [125422.5, 26670.0], [125420.0, 34340.0], [125417.5, 50000.0], [125415.0, 55110.0], [125410.0, 2870.0], [125407.5, 34340.0], [125402.5, 1470.0], [125400.0, 4940.0], [125397.5, 860.0], [125395.0, 2870.0], [125362.5, 860.0], [125360.0, 2870.0]], "asks": [[125445.0, 12730.0], [125447.5, 84600.0], [125450.0, 44000.0], [125455.0, 11680.0], [125457.5, 50000.0], [125460.0, 2870.0], [125462.5, 10250.0], [125465.0, 139710.0], [125467.5, 35680.0], [125470.0, 1090.0], [125472.5, 860.0], [125475.0, 2870.0], [125480.0, 15190.0], [125482.5, 34340.0], [125485.0, 1790.0], [125487.5, 3160.0], [125490.0, 2850.0], [125497.5, 5610.0], [125500.0, 15870.0], [125505.0, 2870.0]]}}}
{"jsonrpc": "2.0", "method": "subscription", "params": {"channel": "book.BTC-17OCT25.none.20.100ms", "data": {"timestamp": 1759764965648, "change_id": 120241996324, "instrument_name": "BTC-17OCT25", "bids": [[125732.5, 53560.0], [125722.5, 4720.0], [125720.0, 34360.0], [125712.5, 14310.0], [125710.0, 45670.0], [125707.5, 11310.0], [125705.0, 13660.0], [125702.5, 11470.0], [125700.0, 5000.0], [125697.5, 34360.0], [125687.5, 710.0], [125685.0, 2390.0], [125682.5, 1410.0], [125680.0, 4720.0], [125672.5, 710.0], [125670.0, 2390.0], [125652.5, 33210.0], [125650.0, 2390.0], [125620.0, 700.0], [125617.5, 2340.0]], "asks": [[125735.0, 5300.0], [125737.5, 5300.0], [125740.0, 5300.0], [125742.5, 13090.0], [125745.0, 10020.0], [125747.5, 58440.0], [125750.0, 34360.0], [125752.5, 2390.0], [125755.0, 2850.0], [125757.5, 9560.0], [125760.0, 4720.0], [125762.5, 13580.0], [125765.0, 34360.0], [125767.5, 33580.0], [125770.0, 100610.0], [125775.0, 141220.0], [125780.0, 600.0], [125782.5, 2000.0], [125787.5, 700.0], [125790.0, 2350.0]]}}}
{"jsonrpc": "2.0", "method": "subscription", "params": {"channel": "book.BTC-17OCT25.none.20.100ms", "data": {"timestamp": 1759764966115, "change_id": 120241996868, "instrument_name": "BTC-17OCT25", "bids": [[125732.5, 53560.0], [125722.5, 9820.0], [125720.0, 34360.0], [125712.5, 14310.0], [125710.0, 45670.0], [125707.5, 11310.0], [125705.0, 13660.0], [125702.5, 11470.0], [125700.0, 5000.0], [125697.5, 34360.0], [125687.5, 710.0], [125685.0, 2390.0], [125682.5, 1410.0], [125680.0, 4720.0], [125672.5, 710.0], [125670.0, 2390.0], [125652.5, 33210.0], [125650.0, 2390.0], [125620.0, 700.0], [125617.5, 2340.0]], "asks": [[125735.0, 5300.0], [125740.0, 5300.0], [125742.5, 13090.0], [125745.0, 10020.0], [125747.5, 58440.0], [125750.0, 34360.0], [125752.5, 2390.0], [125755.0, 2850.0], [125757.5, 9560.0], [125760.0, 4720.0], [125762.5, 13580.0], [125765.0, 34360.0], [125767.5, 33580.0], [125770.0, 100610.0], [125775.0, 141220.0], [125780.0, 600.0], [125782.5, 2000.0], [125787.5, 700.0], [125790.0, 2350.0], [125800.0, 20.0]]}}}
{"jsonrpc": "2.0", "method": "subscription", "params": {"channel": "book.BTC-10OCT25.none.20.100ms", "data": {"timestamp": 1759764966641, "change_id": 120241997799, "instrument_name": "BTC-10OCT25", "bids": [[125442.5, 20850.0], [125440.0, 32180.0], [125437.5, 11290.0], [125435.0, 11290.0], [125432.5, 50630.0], [125430.0, 2320.0], [125427.5, 2840.0], [125425.0, 4940.0], [125422.5, 26670.0], [125420.0, 34340.0], [125417.5, 50000.0], [125415.0, 55110.0], [125410.0, 2870.0], [125407.5, 34340.0], [125402.5, 1470.0], [125400.0, 4940.0], [125397.5, 860.0], [125395.0, 2870.0], [125362.5, 10450.0], [125360.0, 2870.0]], "asks": [[125445.0, 15600.0], [125447.5, 84600.0], [125450.0, 44000.0], [125455.0, 11680.0], [125457.5, 50000.0], [125460.0, 2870.0], [125462.5, 10250.0], [125465.0, 139710.0], [125467.5, 35680.0], [125470.0, 1090.0], [125472.5, 860.0], [125475.0, 2870.0], [125480.0, 15190.0], [125482.5, 34340.0], [125485.0, 1790.0], [125487.5, 3160.0], [125490.0, 2850.0], [125497.5, 5610.0], [125500.0, 15870.0], [125505.0, 2870.0]]}}}
{"jsonrpc": "2.0", "method": "subscription", "params": {"channel": "book.BTC-17OCT25.none.20.100ms", "data": {"timestamp": 1759764966737, "change_id": 120241997826, "instrument_name": "BTC-17OCT25", "bids": [[125732.5, 53560.0], [125722.5, 9820.0], [125720.0, 34360.0], [125712.5, 14310.0], [125710.0, 45670.0], [125707.5, 11310.0], [125705.0, 13660.0], [125702.5, 11470.0], [125700.0, 5000.0], [125697.5, 34360.0], [125687.5, 710.0], [125685.0, 2390.0], [125682.5, 1410.0], [125680.0, 4720.0], [125672.5, 710.0], [125670.0, 2390.0], [125655.0, 10410.0], [125652.5, 32500.0], [125650.0, 2390.0], [125620.0, 700.0]], "asks": [[125735.0, 7690.0], [125740.0, 5300.0], [125742.5, 13090.0], [125745.0, 10020.0], [125747.5, 58440.0], [125750.0, 34360.0], [125752.5, 2390.0], [125755.0, 2850.0], [125757.5, 9560.0], [125760.0, 4720.0], [125762.5, 13580.0], [125765.0, 34360.0], [125767.5, 33580.0], [125770.0, 100610.0], [125775.0, 141220.0], [125780.0, 600.0], [125782.5, 2000.0], [125787.5, 700.0], [125790.0, 2350.0], [125800.0, 20.0]]}}}
{"jsonrpc": "2.0", "method": "subscription", "params": {"channel": "book.BTC-10OCT25.none.20.100ms", "data": {"timestamp": 1759764967114, "change_id": 120241998303, "instrument_name": "BTC-10OCT25", "bids": [[125442.5, 20850.0], [125440.0, 32180.0], [125437.5, 11290.0], [125435.0, 11290.0], [125432.5, 50630.0], [125430.0, 2320.0], [125427.5, 2840.0], [125425.0, 4940.0], [125422.5, 26670.0], [125420.0, 34340.0], [125417.5, 50000.0], [125415.0, 55110.0], [125410.0, 2870.0], [125407.5, 34340.0], [125402.5, 1470.0], [125400.0, 4940.0], [125397.5, 860.0], [125395.0, 2870.0], [125362.5, 10450.0], [125360.0, 2870.0]], "asks": [[125445.0, 12730.0], [125447.5, 84600.0], [125450.0, 44000.0], [125455.0, 11680.0], [125457.5, 50000.0], [125460.0, 2870.0], [125462.5, 10250.0], [125465.0, 139710.0], [125467.5, 35680.0], [125470.0, 1090.0], [125472.5, 860.0], [125475.0, 2870.0], [125480.0, 15190.0], [125482.5, 34340.0], [125485.0, 1790.0], [125487.5, 3160.0], [125490.0, 2850.0], [125497.5, 5610.0], [125500.0, 15870.0], [125505.0, 2870.0]]}}}
{"jsonrpc": "2.0", "method": "subscription", "params": {"channel": "book.BTC-17OCT25.none.20.100ms", "data": {"timestamp": 1759764967104, "change_id": 120241998300, "instrument_name": "BTC-17OCT25", "bids": [[125732.5, 53560.0], [125722.5, 9820.0], [125720.0, 34360.0], [125712.5, 14310.0], [125710.0, 45670.0], [125707.5, 11310.0], [125705.0, 13660.0], [125702.5, 11470.0], [125700.0, 5000.0], [125697.5, 34360.0], [125687.5, 710.0], [125685.0, 2390.0], [125682.5, 1410.0], [125680.0, 4720.0], [125672.5, 710.0], [125670.0, 2390.0], [125655.0, 10410.0], [125652.5, 32500.0], [125650.0, 2390.0], [125620.0, 700.0]], "asks": [[125740.0, 5300.0], [125742.5, 13090.0], [125745.0, 10020.0], [125747.5, 58440.0], [125750.0, 34360.0], [125752.5, 2390.0], [125755.0, 2850.0], [125757.5, 9560.0], [125760.0, 4720.0], [125762.5, 13580.0], [125765.0, 34360.0], [125767.5, 33580.0], [125770.0, 100610.0], [125775.0, 141220.0], [125780.0, 600.0], [125782.5, 2000.0], [125787.5, 700.0], [125790.0, 2350.0], [125800.0, 20.0], [125817.5, 720.0]]}}}
{"jsonrpc": "2.0", "method": "subscription", "params": {"channel": "book.BTC-10OCT25.none.20.100ms", "data": {"timestamp": 1759764967442, "change_id": 120241998583, "instrument_name": "BTC-10OCT25", "bids": [[125442.5, 20850.0], [125440.0, 32180.0], [125437.5, 11290.0], [125435.0, 11290.0], [125432.5, 50630.0], [125430.0, 2320.0], [125427.5, 2840.0], [125425.0, 4940.0], [125422.5, 26670.0], [125420.0, 34340.0], [125417.5, 50000.0], [125415.0, 55110.0], [125410.0, 2870.0], [125407.5, 34340.0], [125402.5, 1470.0], [125400.0, 4940.0], [125397.5, 860.0], [125395.0, 2870.0], [125362.5, 10450.0], [125360.0, 2870.0]], "asks": [[125445.0, 15600.0], [125447.5, 84600.0], [125450.0, 44000.0], [125455.0, 11680.0], [125457.5, 50000.0], [125460.0, 2870.0], [125462.5, 10250.0], [125465.0, 139710.0], [125467.5, 35680.0], [125470.0, 1090.0], [125472.5, 860.0], [125475.0, 2870.0], [125480.0, 15190.0], [125482.5, 34340.0], [125485.0, 1790.0], [125487.5, 3160.0], [125490.0, 2850.0], [125497.5, 5610.0], [125500.0, 15870.0], [125505.0, 2870.0]]}}}
{"jsonrpc": "2.0", "method": "subscription", "params": {"channel": "book.BTC-17OCT25.none.20.100ms", "data": {"timestamp": 1759764967379, "change_id": 120241998506, "instrument_name": "BTC-17OCT25", "bids": [[125732.5, 53560.0], [125722.5, 9820.0], [125720.0, 34360.0], [125712.5, 14310.0], [125710.0, 45670.0], [125707.5, 11310.0], [125705.0, 13660.0], [125702.5, 11470.0], [125700.0, 5000.0], [125697.5, 34360.0], [125687.5, 710.0], [125685.0, 2390.0], [125682.5, 1410.0], [125680.0, 4720.0], [125672.5, 710.0], [125670.0, 2390.0], [125655.0, 10410.0], [125652.5, 32500.0], [125650.0, 2390.0], [125620.0, 700.0]], "asks": [[125737.5, 7690.0], [125740.0, 5300.0], [125742.5, 13090.0], [125745.0, 10020.0], [125747.5, 58440.0], [125750.0, 34360.0], [125752.5, 2390.0], [125755.0, 2850.0], [125757.5, 9560.0], [125760.0, 4720.0], [125762.5, 13580.0], [125765.0, 34360.0], [125767.5, 33580.0], [125770.0, 100610.0], [125775.0, 141220.0], [125780.0, 600.0], [125782.5, 2000.0], [125787.5, 700.0], [125790.0, 2350.0], [125800.0, 20.0]]}}}
{"jsonrpc": "2.0", "method": "subscription", "params": {"channel": "book.BTC-10OCT25.none.20.100ms", "data": {"timestamp": 1759764967718, "change_id": 120241999114, "instrument_name": "BTC-10OCT25", "bids": [[125442.5, 11290.0], [125440.0, 32180.0], [125437.5, 11290.0], [125435.0, 11290.0], [125432.5, 50630.0], [125430.0, 2320.0], [125427.5, 2840.0], [125425.0, 4940.0], [125422.5, 26670.0], [125420.0, 34340.0], [125417.5, 50000.0], [125415.0, 55110.0], [125410.0, 2870.0], [125407.5, 34340.0], [125402.5, 1470.0], [125400.0, 4940.0], [125397.5, 860.0], [125395.0, 2870.0], [125362.5, 860.0], [125360.0, 2870.0]], "asks": [[125445.0, 15600.0], [125447.5, 84600.0], [125450.0, 44000.0], [125452.5, 9560.0], [125455.0, 11680.0], [125457.5, 40440.0], [125460.0, 2870.0], [125462.5, 10250.0], [125465.0, 139710.0], [125467.5, 35680.0], [125470.0, 1090.0], [125472.5, 860.0], [125475.0, 2870.0], [125480.0, 15190.0], [125482.5, 34340.0], [125485.0, 1790.0], [125487.5, 3160.0], [125490.0, 2850.0], [125497.5, 5610.0], [125500.0, 15870.0]]}}}
{"jsonrpc": "2.0", "method": "subscription", "params": {"channel": "book.BTC-17OCT25.none.20.100ms", "data": {"timestamp": 1759764967723, "change_id": 120241999080, "instrument_name": "BTC-17OCT25", "bids": [[125732.5, 44000.0], [125722.5, 9820.0], [125720.0, 34360.0], [125712.5, 14310.0], [125710.0, 45670.0], [125707.5, 11310.0], [125705.0, 13660.0], [125702.5, 11470.0], [125700.0, 5000.0], [125697.5, 34360.0], [125687.5, 710.0], [125685.0, 2390.0], [125682.5, 1410.0], [125680.0, 4720.0], [125672.5, 710.0], [125670.0, 2390.0], [125650.0, 2390.0], [125620.0, 700.0], [125617.5, 2340.0], [125612.5, 4750.0]], "asks": [[125735.0, 7690.0], [125737.5, 2390.0], [125740.0, 5300.0], [125742.5, 13090.0], [125745.0, 10020.0], [125747.5, 58440.0], [125750.0, 34360.0], [125752.5, 2390.0], [125755.0, 2850.0], [125757.5, 9560.0], [125760.0, 4720.0], [125762.5, 13580.0], [125765.0, 34360.0], [125767.5, 33580.0], [125770.0, 100610.0], [125775.0, 141220.0], [125780.0, 600.0], [125782.5, 2000.0], [125787.5, 700.0], [125790.0, 2350.0]]}}}
{"jsonrpc": "2.0", "method": "subscription", "params": {"channel": "book.BTC-10OCT25.none.20.100ms", "data": {"timestamp": 1759764967958, "change_id": 120241999694, "instrument_name": "BTC-10OCT25", "bids": [[125442.5, 20850.0], [125440.0, 11450.0], [125437.5, 29770.0], [125435.0, 11290.0], [125432.5, 50630.0], [125430.0, 2320.0], [125427.5, 2840.0], [125425.0, 4940.0], [125422.5, 26670.0], [125420.0, 34340.0], [125417.5, 50000.0], [125415.0, 55110.0], [125410.0, 2870.0], [125407.5, 34340.0], [125402.5, 1470.0], [125400.0, 4940.0], [125397.5, 860.0], [125395.0, 2870.0], [125362.5, 860.0], [125360.0, 2870.0]], "asks": [[125445.0, 15600.0], [125447.5, 88400.0], [125450.0, 44000.0], [125452.5, 9560.0], [125455.0, 16680.0], [125457.5, 40440.0], [125460.0, 2870.0], [125462.5, 10250.0], [125465.0, 134710.0], [125467.5, 35680.0], [125470.0, 1090.0], [125472.5, 1020.0], [125475.0, 2870.0], [125480.0, 15190.0], [125482.5, 34340.0], [125485.0, 1790.0], [125487.5, 3000.0], [125490.0, 2850.0], [125497.5, 5610.0], [125500.0, 15870.0]]}}}
{"jsonrpc": "2.0", "method": "subscription", "params": {"channel": "book.BTC-17OCT25.none.20.100ms", "data": {"timestamp": 1759764968096, "change_id": 120241999846, "instrument_name": "BTC-17OCT25", "bids": [[125732.5, 53560.0], [125722.5, 9020.0], [125720.0, 34360.0], [125712.5, 14310.0], [125710.0, 45670.0], [125707.5, 11310.0], [125705.0, 13660.0], [125702.5, 11470.0], [125700.0, 5000.0], [125697.5, 34360.0], [125687.5, 710.0], [125685.0, 2390.0], [125682.5, 1410.0], [125680.0, 4720.0], [125672.5, 710.0], [125670.0, 2390.0], [125650.0, 34890.0], [125620.0, 700.0], [125617.5, 2340.0], [125612.5, 4750.0]], "asks": [[125735.0, 5300.0], [125737.5, 4720.0], [125740.0, 5300.0], [125742.5, 6580.0], [125745.0, 5300.0], [125747.5, 58440.0], [125750.0, 34360.0], [125752.5, 2390.0], [125755.0, 2850.0], [125757.5, 9560.0], [125760.0, 4720.0], [125762.5, 13580.0], [125765.0, 34360.0], [125767.5, 33580.0], [125770.0, 100610.0], [125775.0, 141220.0], [125780.0, 600.0], [125782.5, 2000.0], [125787.5, 700.0], [125790.0, 2350.0]]}}}
{"jsonrpc": "2.0", "method": "subscription", "params": {"channel": "book.BTC-10OCT25.none.20.100ms", "data": {"timestamp": 1759764968356, "change_id": 120242000030, "instrument_name": "BTC-10OCT25", "bids": [[125442.5, 20850.0], [125440.0, 11450.0], [125437.5, 29770.0], [125435.0, 11290.0], [125432.5, 50630.0], [125430.0, 2320.0], [125427.5, 2840.0], [125425.0, 4940.0], [125422.5, 26670.0], [125420.0, 34340.0], [125417.5, 50000.0], [125415.0, 55110.0], [125410.0, 2870.0], [125407.5, 34340.0], [125402.5, 1470.0], [125400.0, 4940.0], [125397.5, 860.0], [125395.0, 2870.0], [125362.5, 860.0], [125360.0, 2870.0]], "asks": [[125445.0, 15600.0], [125447.5, 84600.0], [125450.0, 44000.0], [125452.5, 9560.0], [125455.0, 16680.0], [125457.5, 40440.0], [125460.0, 2870.0], [125462.5, 10250.0], [125465.0, 134710.0], [125467.5, 35680.0], [125470.0, 1090.0], [125472.5, 1020.0], [125475.0, 2870.0], [125480.0, 15190.0], [125482.5, 34340.0], [125485.0, 1790.0], [125487.5, 3000.0], [125490.0, 2850.0], [125497.5, 5610.0], [125500.0, 15870.0]]}}}
{"jsonrpc": "2.0", "method": "subscription", "params": {"channel": "book.BTC-17OCT25.none.20.100ms", "data": {"timestamp": 1759764968266, "change_id": 120241999970, "instrument_name": "BTC-17OCT25", "bids": [[125732.5, 53560.0], [125722.5, 9020.0], [125720.0, 34360.0], [125712.5, 14310.0], [125710.0, 45670.0], [125707.5, 11310.0], [125705.0, 13660.0], [125702.5, 11470.0], [125700.0, 5000.0], [125697.5, 34360.0], [125687.5, 710.0], [125685.0, 2390.0], [125682.5, 1410.0], [125680.0, 4720.0], [125672.5, 710.0], [125670.0, 2390.0], [125650.0, 34890.0], [125620.0, 700.0], [125617.5, 2340.0], [125612.5, 4750.0]], "asks": [[125735.0, 7690.0], [125737.5, 4720.0], [125740.0, 5300.0], [125742.5, 6580.0], [125745.0, 5300.0], [125747.5, 58440.0], [125750.0, 34360.0], [125752.5, 2390.0], [125755.0, 2850.0], [125757.5, 9560.0], [125760.0, 4720.0], [125762.5, 13580.0], [125765.0, 34360.0], [125767.5, 33580.0], [125770.0, 100610.0], [125775.0, 141220.0], [125780.0, 600.0], [125782.5, 2000.0], [125787.5, 700.0], [125790.0, 2350.0]]}}}
{"jsonrpc": "2.0", "method": "subscription", "params": {"channel": "book.BTC-17OCT25.none.20.100ms", "data": {"timestamp": 1759764968717, "change_id": 120242000564, "instrument_name": "BTC-17OCT25", "bids": [[125732.5, 53560.0], [125722.5, 9020.0], [125720.0, 34360.0], [125712.5, 14310.0], [125710.0, 45670.0], [125707.5, 11310.0], [125705.0, 13660.0], [125702.5, 11470.0], [125700.0, 5000.0], [125697.5, 34360.0], [125687.5, 710.0], [125685.0, 2390.0], [125682.5, 1410.0], [125680.0, 4720.0], [125672.5, 710.0], [125670.0, 2390.0], [125652.5, 10410.0], [125650.0, 34890.0], [125620.0, 700.0], [125617.5, 2340.0]], "asks": [[125735.0, 4330.0], [125737.5, 4720.0], [125740.0, 5300.0], [125742.5, 6580.0], [125745.0, 5300.0], [125747.5, 58440.0], [125750.0, 34360.0], [125752.5, 2390.0], [125755.0, 2850.0], [125757.5, 9560.0], [125760.0, 4720.0], [125762.5, 13580.0], [125765.0, 34360.0], [125767.5, 33580.0], [125770.0, 100610.0], [125775.0, 141220.0], [125780.0, 600.0], [125782.5, 2000.0], [125787.5, 700.0], [125790.0, 2350.0]]}}}
{"jsonrpc": "2.0", "method": "subscription", "params": {"channel": "book.BTC-10OCT25.none.20.100ms", "data": {"timestamp": 1759764969101, "change_id": 120242001194, "instrument_name": "BTC-10OCT25", "bids": [[125442.5, 11290.0], [125440.0, 11450.0], [125437.5, 29770.0], [125435.0, 11290.0], [125432.5, 50630.0], [125430.0, 2320.0], [125427.5, 2840.0], [125425.0, 4940.0], [125422.5, 26670.0], [125420.0, 34340.0], [125417.5, 50000.0], [125415.0, 55110.0], [125410.0, 2870.0], [125407.5, 34340.0], [125402.5, 1470.0], [125400.0, 4940.0], [125397.5, 860.0], [125395.0, 2870.0], [125362.5, 860.0], [125360.0, 2870.0]], "asks": [[125445.0, 15600.0], [125447.5, 87600.0], [125450.0, 44000.0], [125452.5, 9560.0], [125455.0, 16680.0], [125457.5, 40440.0], [125460.0, 2870.0], [125462.5, 10250.0], [125465.0, 134710.0], [125467.5, 35680.0], [125470.0, 1090.0], [125472.5, 1020.0], [125475.0, 2870.0], [125480.0, 15190.0], [125482.5, 34340.0], [125485.0, 1790.0], [125487.5, 3000.0], [125490.0, 2850.0], [125497.5, 5610.0], [125500.0, 15870.0]]}}}
{"jsonrpc": "2.0", "method": "subscription", "params": {"channel": "book.BTC-17OCT25.none.20.100ms", "data": {"timestamp": 1759764969102, "change_id": 120242001202, "instrument_name": "BTC-17OCT25", "bids": [[125732.5, 44000.0], [125722.5, 4720.0], [125720.0, 34360.0], [125712.5, 14310.0], [125710.0, 45670.0], [125707.5, 11310.0], [125705.0, 13660.0], [125702.5, 11310.0], [125700.0, 5000.0], [125697.5, 34360.0], [125687.5, 710.0], [125685.0, 2550.0], [125682.5, 1410.0], [125680.0, 4720.0], [125672.5, 710.0], [125670.0, 2390.0], [125650.0, 2390.0], [125620.0, 700.0], [125617.5, 2340.0], [125612.5, 4750.0]], "asks": [[125735.0, 5330.0], [125737.5, 4720.0], [125740.0, 5300.0], [125742.5, 6580.0], [125745.0, 5300.0], [125747.5, 58440.0], [125750.0, 34360.0], [125752.5, 2390.0], [125755.0, 2850.0], [125757.5, 9560.0], [125760.0, 4720.0], [125762.5, 13580.0], [125765.0, 34360.0], [125767.5, 33580.0], [125770.0, 100610.0], [125775.0, 141220.0], [125780.0, 600.0], [125782.5, 2000.0], [125787.5, 700.0], [125790.0, 2350.0]]}}}
{"jsonrpc": "2.0", "method": "subscription", "params": {"channel": "book.BTC-10OCT25.none.20.100ms", "data": {"timestamp": 1759764969177, "change_id": 120242001285, "instrument_name": "BTC-10OCT25", "bids": [[125442.5, 20850.0], [125440.0, 11450.0], [125437.5, 29770.0], [125435.0, 11290.0], [125432.5, 50630.0], [125430.0, 2320.0], [125427.5, 2840.0], [125425.0, 4940.0], [125422.5, 26670.0], [125420.0, 34340.0], [125417.5, 50000.0], [125415.0, 55110.0], [125410.0, 2870.0], [125407.5, 34340.0], [125402.5, 1470.0], [125400.0, 4940.0], [125397.5, 860.0], [125395.0, 2870.0], [125362.5, 860.0], [125360.0, 2870.0]], "asks": [[125445.0, 15600.0], [125447.5, 87600.0], [125450.0, 44000.0], [125452.5, 9560.0], [125455.0, 16680.0], [125457.5, 40440.0], [125460.0, 2870.0], [125462.5, 10250.0], [125465.0, 134710.0], [125467.5, 35680.0], [125470.0, 1090.0], [125472.5, 1020.0], [125475.0, 2870.0], [125480.0, 15190.0], [125482.5, 34340.0], [125485.0, 1790.0], [125487.5, 3000.0], [125490.0, 2850.0], [125497.5, 5610.0], [125500.0, 15870.0]]}}}
{"jsonrpc": "2.0", "method": "subscription", "params": {"channel": "book.BTC-17OCT25.none.20.100ms", "data": {"timestamp": 1759764969452, "change_id": 120242001424, "instrument_name": "BTC-17OCT25", "bids": [[125732.5, 53560.0], [125722.5, 4720.0], [125720.0, 34360.0], [125712.5, 14310.0], [125710.0, 45670.0], [125707.5, 11310.0], [125705.0, 13660.0], [125702.5, 11310.0], [125700.0, 5000.0], [125697.5, 34360.0], [125687.5, 710.0], [125685.0, 2550.0], [125682.5, 1410.0], [125680.0, 4720.0], [125672.5, 710.0], [125670.0, 2390.0], [125650.0, 34890.0], [125620.0, 700.0], [125617.5, 2340.0], [125612.5, 4750.0]], "asks": [[125735.0, 7720.0], [125737.5, 4720.0], [125740.0, 5300.0], [125742.5, 6580.0], [125745.0, 5300.0], [125747.5, 58440.0], [125750.0, 34360.0], [125752.5, 2390.0], [125755.0, 2850.0], [125757.5, 9560.0], [125760.0, 4720.0], [125762.5, 13580.0], [125765.0, 34360.0], [125767.5, 33580.0], [125770.0, 100610.0], [125775.0, 141220.0], [125780.0, 600.0], [125782.5, 2000.0], [125787.5, 700.0], [125790.0, 2350.0]]}}}
{"jsonrpc": "2.0", "method": "subscription", "params": {"channel": "book.BTC-10OCT25.none.20.100ms", "data": {"timestamp": 1759764969670, "change_id": 120242001936, "instrument_name": "BTC-10OCT25", "bids": [[125442.5, 21450.0], [125440.0, 11450.0], [125437.5, 29770.0], [125435.0, 11290.0], [125432.5, 50630.0], [125430.0, 2320.0], [125427.5, 2840.0], [125425.0, 4940.0], [125422.5, 26670.0], [125420.0, 34340.0], [125417.5, 50000.0], [125415.0, 55110.0], [125410.0, 2870.0], [125407.5, 34340.0], [125402.5, 1470.0], [125400.0, 4940.0], [125397.5, 860.0], [125395.0, 2870.0], [125362.5, 860.0], [125360.0, 2870.0]], "asks": [[125445.0, 15600.0], [125447.5, 87600.0], [125450.0, 44000.0], [125452.5, 9560.0], [125455.0, 16680.0], [125457.5, 40440.0], [125460.0, 2870.0], [125462.5, 10250.0], [125465.0, 134710.0], [125467.5, 35680.0], [125470.0, 1090.0], [125472.5, 1020.0], [125475.0, 2870.0], [125480.0, 15190.0], [125482.5, 34340.0], [125485.0, 1790.0], [125487.5, 3000.0], [125490.0, 2850.0], [125497.5, 5610.0], [125500.0, 15870.0]]}}}
{"jsonrpc": "2.0", "method": "subscription", "params": {"channel": "book.BTC-17OCT25.none.20.100ms", "data": {"timestamp": 1759764969680, "change_id": 120242001943, "instrument_name": "BTC-17OCT25", "bids": [[125732.5, 9560.0], [125725.0, 44000.0], [125722.5, 4720.0], [125720.0, 34360.0], [125712.5, 14310.0], [125710.0, 45670.0], [125707.5, 11310.0], [125705.0, 13660.0], [125702.5, 11310.0], [125700.0, 5000.0], [125697.5, 34360.0], [125687.5, 710.0], [125685.0, 2550.0], [125682.5, 1410.0], [125680.0, 4720.0], [125672.5, 710.0], [125670.0, 2390.0], [125652.5, 10410.0], [125650.0, 34890.0], [125620.0, 700.0]], "asks": [[125735.0, 7720.0], [125737.5, 4720.0], [125740.0, 5300.0], [125742.5, 6580.0], [125745.0, 5300.0], [125747.5, 58440.0], [125750.0, 34360.0], [125752.5, 2390.0], [125755.0, 2850.0], [125757.5, 9560.0], [125760.0, 4720.0], [125762.5, 13580.0], [125765.0, 34360.0], [125767.5, 33580.0], [125770.0, 100610.0], [125775.0, 141220.0], [125780.0, 600.0], [125782.5, 2000.0], [125787.5, 700.0], [125790.0, 2350.0]]}}}
{"jsonrpc": "2.0", "method": "subscription", "params": {"channel": "book.BTC-10OCT25.none.20.100ms", "data": {"timestamp": 1759764970038, "change_id": 120242002278, "instrument_name": "BTC-10OCT25", "bids": [[125442.5, 21450.0], [125440.0, 11450.0], [125437.5, 29770.0], [125435.0, 11290.0], [125432.5, 50630.0], [125430.0, 2320.0], [125427.5, 2840.0], [125425.0, 4940.0], [125422.5, 26670.0], [125420.0, 34340.0], [125417.5, 50000.0], [125415.0, 55110.0], [125410.0, 2870.0], [125407.5, 34340.0], [125402.5, 1470.0], [125400.0, 4940.0], [125397.5, 860.0], [125395.0, 2870.0], [125362.5, 860.0], [125360.0, 2870.0]], "asks": [[125445.0, 15600.0], [125447.5, 89900.0], [125450.0, 44000.0], [125452.5, 9560.0], [125455.0, 16680.0], [125457.5, 40440.0], [125460.0, 2870.0], [125462.5, 10250.0], [125465.0, 134710.0], [125467.5, 35680.0], [125470.0, 1090.0], [125472.5, 1020.0], [125475.0, 2870.0], [125480.0, 15190.0], [125482.5, 34340.0], [125485.0, 1790.0], [125487.5, 3000.0], [125490.0, 2850.0], [125497.5, 5610.0], [125500.0, 15870.0]]}}}
{"jsonrpc": "2.0", "method": "subscription", "params": {"channel": "book.BTC-17OCT25.none.20.100ms", "data": {"timestamp": 1759764970071, "change_id": 120242002302, "instrument_name": "BTC-17OCT25", "bids": [[125732.5, 9560.0], [125727.5, 3200.0], [125725.0, 44000.0], [125722.5, 4720.0], [125720.0, 34360.0], [125712.5, 14310.0], [125710.0, 45670.0], [125707.5, 11310.0], [125705.0, 13660.0], [125702.5, 11310.0], [125700.0, 5000.0], [125697.5, 34360.0], [125687.5, 710.0], [125685.0, 2550.0], [125682.5, 1410.0], [125680.0, 4720.0], [125672.5, 710.0], [125670.0, 2390.0], [125652.5, 10410.0], [125650.0, 34890.0]], "asks": [[125735.0, 7720.0], [125737.5, 4720.0], [125740.0, 5300.0], [125742.5, 6580.0], [125745.0, 5300.0], [125747.5, 58440.0], [125750.0, 34360.0], [125752.5, 2390.0], [125755.0, 2850.0], [125757.5, 9560.0], [125760.0, 4720.0], [125762.5, 13580.0], [125765.0, 34360.0], [125767.5, 33580.0], [125770.0, 100610.0], [125775.0, 141220.0], [125780.0, 600.0], [125782.5, 2000.0], [125787.5, 700.0], [125790.0, 2350.0]]}}}
{"jsonrpc": "2.0", "method": "subscription", "params": {"channel": "book.BTC-10OCT25.none.20.100ms", "data": {"timestamp": 1759764970343, "change_id": 120242002635, "instrument_name": "BTC-10OCT25", "bids": [[125442.5, 21450.0], [125440.0, 11450.0], [125437.5, 29770.0], [125435.0, 11290.0], [125432.5, 50630.0], [125430.0, 2320.0], [125427.5, 2840.0], [125425.0, 4940.0], [125422.5, 26670.0], [125420.0, 34340.0], [125417.5, 50000.0], [125415.0, 55110.0], [125410.0, 2870.0], [125407.5, 34340.0], [125402.5, 1470.0], [125400.0, 4940.0], [125397.5, 860.0], [125395.0, 2870.0], [125362.5, 860.0], [125360.0, 2870.0]], "asks": [[125445.0, 15600.0], [125447.5, 87600.0], [125450.0, 44000.0], [125452.5, 9560.0], [125455.0, 16680.0], [125457.5, 40440.0], [125460.0, 2870.0], [125462.5, 10250.0], [125465.0, 134710.0], [125467.5, 35680.0], [125470.0, 1090.0], [125472.5, 1020.0], [125475.0, 2870.0], [125480.0, 15190.0], [125482.5, 34340.0], [125485.0, 1790.0], [125487.5, 3000.0], [125490.0, 2850.0], [125497.5, 5610.0], [125500.0, 15870.0]]}}}
{"jsonrpc": "2.0", "method": "subscription", "params": {"channel": "book.BTC-10OCT25.none.20.100ms", "data": {"timestamp": 1759764970721, "change_id": 120242003913, "instrument_name": "BTC-10OCT25", "bids": [[125442.5, 11890.0], [125440.0, 11290.0], [125437.5, 11290.0], [125435.0, 11290.0], [125432.5, 11290.0], [125427.5, 2870.0], [125417.5, 50160.0], [125415.0, 11110.0], [125410.0, 2870.0], [125407.5, 39340.0], [125400.0, 13990.0], [125397.5, 44000.0], [125395.0, 2870.0], [125360.0, 7810.0], [125350.0, 100.0], [125335.0, 840.0], [125332.5, 2800.0], [125327.5, 10.0], [125320.0, 100.0], [125315.0, 850.0]], "asks": [[125445.0, 27460.0], [125447.5, 92690.0], [125450.0, 44000.0], [125455.0, 5000.0], [125457.5, 43440.0], [125460.0, 2870.0], [125462.5, 23920.0], [125465.0, 134710.0], [125467.5, 35680.0], [125470.0, 1090.0], [125472.5, 1020.0], [125475.0, 2870.0], [125480.0, 15190.0], [125482.5, 34340.0], [125485.0, 1790.0], [125487.5, 3000.0], [125490.0, 2850.0], [125497.5, 5610.0], [125500.0, 15870.0], [125505.0, 2870.0]]}}}
