{"jsonrpc": "2.0", "id": 1, "result": ["book.BTC-24OCT25.none.20.100ms"], "usIn": 1761098177730251, "usOut": 1761098177730478, "usDiff": 227, "testnet": false}
{"jsonrpc": "2.0", "method": "subscription", "params": {"channel": "book.BTC-24OCT25.none.20.100ms", "data": {"timestamp": 1761098177647, "change_id": 123115791725, "instrument_name": "BTC-24OCT25", "bids": [[108322.5, 12730.0], [108320.0, 1490.0], [108317.5, 2500.0], [108315.0, 17670.0], [108312.5, 45100.0], [108310.0, 29010.0], [108307.5, 2500.0], [108305.0, 123340.0], [108302.5, 123580.0], [108300.0, 4690.0], [108295.0, 10430.0], [108292.5, 34940.0], [108290.0, 500.0], [108287.5, 1680.0], [108272.5, 500.0], [108270.0, 6550.0], [108267.5, 16280.0], [108265.0, 730.0], [108262.5, 2430.0], [108260.0, 1140.0]], "asks": [[108325.0, 20.0], [108327.5, 1000.0], [108330.0, 11000.0], [108332.5, 3500.0], [108335.0, 7490.0], [108337.5, 1710.0], [108340.0, 3500.0], [108342.5, 13090.0], [108345.0, 35740.0], [108347.5, 1030.0], [108350.0, 1640.0], [108352.5, 10430.0], [108355.0, 34940.0], [108362.5, 500.0], [108365.0, 1690.0], [108372.5, 730.0], [108375.0, 2430.0], [108387.5, 500.0], [108390.0, 1660.0], [108410.0, 1100.0]]}}}
{"jsonrpc": "2.0", "method": "subscription", "params": {"channel": "book.BTC-24OCT25.none.20.100ms", "data": {"timestamp": 1761098177960, "change_id": 123115792092, "instrument_name": "BTC-24OCT25", "bids": [[108322.5, 12730.0], [108320.0, 1490.0], [108317.5, 2500.0], [108315.0, 17670.0], [108312.5, 45100.0], [108310.0, 29010.0], [108307.5, 2500.0], [108305.0, 123340.0], [108302.5, 123580.0], [108300.0, 4690.0], [108295.0, 10430.0], [108292.5, 34940.0], [108290.0, 500.0], [108287.5, 1680.0], [108272.5, 500.0], [108270.0, 6550.0], [108267.5, 16280.0], [108265.0, 730.0], [108262.5, 2430.0], [108260.0, 1140.0]], "asks": [[108325.0, 20.0], [108327.5, 1000.0], [108330.0, 11000.0], [108332.5, 5930.0], [108335.0, 3500.0], [108337.5, 1040.0], [108340.0, 3500.0], [108342.5, 13090.0], [108345.0, 35740.0], [108347.5, 1030.0], [108350.0, 1640.0], [108352.5, 10430.0], [108355.0, 34940.0], [108362.5, 500.0], [108365.0, 1690.0], [108372.5, 730.0], [108375.0, 2430.0], [108387.5, 500.0], [108390.0, 1660.0], [108410.0, 1100.0]]}}}
{"jsonrpc": "2.0", "method": "subscription", "params": {"channel": "book.BTC-24OCT25.none.20.100ms", "data": {"timestamp": 1761098178277, "change_id": 123115792909, "instrument_name": "BTC-24OCT25", "bids": [[108322.5, 13070.0], [108320.0, 28810.0], [108317.5, 2500.0], [108315.0, 106710.0], [108312.5, 45100.0], [108310.0, 2500.0], [108307.5, 28360.0], [108305.0, 123340.0], [108302.5, 123580.0], [108300.0, 4690.0], [108292.5, 34940.0], [108290.0, 500.0], [108287.5, 1680.0], [108270.0, 6550.0], [108267.5, 16280.0], [108260.0, 500.0], [108257.5, 1690.0], [108255.0, 2350.0], [108250.0, 25460.0], [108245.0, 14320.0]], "asks": [[108325.0, 20.0], [108327.5, 1000.0], [108330.0, 1000.0], [108332.5, 1000.0], [108335.0, 1000.0], [108340.0, 1000.0], [108345.0, 10000.0], [108350.0, 1640.0], [108355.0, 310.0], [108357.5, 1040.0], [108360.0, 860.0], [108362.5, 1040.0], [108365.0, 1850.0], [108387.5, 500.0], [108390.0, 1660.0], [108412.5, 1990.0], [108415.0, 1690.0], [108440.0, 1670.0], [108447.5, 5000.0], [108452.5, 1700.0]]}}}
{"jsonrpc": "2.0", "method": "subscription", "params": {"channel": "book.BTC-24OCT25.none.20.100ms", "data": {"timestamp": 1761098178585, "change_id": 123115793744, "instrument_name": "BTC-24OCT25", "bids": [[108322.5, 11380.0], [108320.0, 2430.0], [108317.5, 2500.0], [108315.0, 106710.0], [108312.5, 45100.0], [108310.0, 2500.0], [108307.5, 2500.0], [108302.5, 36940.0], [108300.0, 7120.0], [108292.5, 34940.0], [108287.5, 1680.0], [108270.0, 1690.0], [108267.5, 16280.0], [108257.5, 1690.0], [108255.0, 2350.0], [108250.0, 25460.0], [108245.0, 1670.0], [108242.5, 9400.0], [108240.0, 46240.0], [108237.5, 50000.0]], "asks": [[108325.0, 20.0], [108327.5, 1000.0], [108330.0, 1000.0], [108332.5, 1000.0], [108335.0, 1000.0], [108337.5, 1710.0], [108340.0, 3430.0], [108345.0, 44940.0], [108347.5, 1040.0], [108350.0, 1640.0], [108355.0, 34940.0], [108365.0, 1850.0], [108375.0, 2430.0], [108390.0, 1660.0], [108412.5, 1990.0], [108415.0, 1690.0], [108440.0, 1670.0], [108447.5, 5000.0], [108452.5, 1700.0], [108465.0, 1640.0]]}}}
{"jsonrpc": "2.0", "method": "subscription", "params": {"channel": "book.BTC-24OCT25.none.20.100ms", "data": {"timestamp": 1761098178714, "change_id": 123115794062, "instrument_name": "BTC-24OCT25", "bids": [[108322.5, 11380.0], [108320.0, 2430.0], [108317.5, 30110.0], [108315.0, 106710.0], [108312.5, 45100.0], [108310.0, 3250.0], [108307.5, 2500.0], [108305.0, 13150.0], [108302.5, 36940.0], [108300.0, 7120.0], [108292.5, 34940.0], [108270.0, 1690.0], [108267.5, 16280.0], [108257.5, 1690.0], [108255.0, 2350.0], [108250.0, 25460.0], [108245.0, 1670.0], [108242.5, 9400.0], [108240.0, 46240.0], [108237.5, 50000.0]], "asks": [[108325.0, 20.0], [108327.5, 1000.0], [108330.0, 1000.0], [108332.5, 1000.0], [108335.0, 1000.0], [108337.5, 11020.0], [108340.0, 3430.0], [108342.5, 10430.0], [108345.0, 35740.0], [108347.5, 1040.0], [108350.0, 1640.0], [108352.5, 10430.0], [108355.0, 34940.0], [108362.5, 550.0], [108365.0, 1850.0], [108375.0, 2430.0], [108390.0, 1660.0], [108412.5, 1990.0], [108440.0, 1670.0], [108447.5, 5000.0]]}}}
{"jsonrpc": "2.0", "method": "subscription", "params": {"channel": "book.BTC-24OCT25.none.20.100ms", "data": {"timestamp": 1761098179276, "change_id": 123115795474, "instrument_name": "BTC-24OCT25", "bids": [[108322.5, 11380.0], [108320.0, 2430.0], [108317.5, 30110.0], [108315.0, 106710.0], [108312.5, 45100.0], [108310.0, 3250.0], [108307.5, 2500.0], [108305.0, 13150.0], [108302.5, 36940.0], [108300.0, 7120.0], [108292.5, 34940.0], [108270.0, 1690.0], [108267.5, 16280.0], [108257.5, 1690.0], [108255.0, 2350.0], [108250.0, 25460.0], [108245.0, 1670.0], [108242.5, 9400.0], [108240.0, 46240.0], [108237.5, 50000.0]], "asks": [[108325.0, 20.0], [108327.5, 1000.0], [108330.0, 1000.0], [108332.5, 1000.0], [108335.0, 1000.0], [108340.0, 1000.0], [108342.5, 2430.0], [108347.5, 490.0], [108350.0, 1640.0], [108352.5, 14450.0], [108355.0, 44940.0], [108360.0, 810.0], [108362.5, 1040.0], [108365.0, 1690.0], [108367.5, 160.0], [108375.0, 2430.0], [108390.0, 1660.0], [108412.5, 1990.0], [108440.0, 1670.0], [108447.5, 5000.0]]}}}
{"jsonrpc": "2.0", "method": "subscription", "params": {"channel": "book.BTC-24OCT25.none.20.100ms", "data": {"timestamp": 1761098179598, "change_id": 123115796318, "instrument_name": "BTC-24OCT25", "bids": [[108322.5, 11380.0], [108320.0, 80820.0], [108317.5, 70840.0], [108315.0, 189630.0], [108312.5, 35100.0], [108310.0, 750.0], [108307.5, 2500.0], [108305.0, 13150.0], [108302.5, 36940.0], [108300.0, 7120.0], [108295.0, 10430.0], [108292.5, 34940.0], [108270.0, 1690.0], [108267.5, 16280.0], [108257.5, 1690.0], [108252.5, 7600.0], [108250.0, 25460.0], [108245.0, 1670.0], [108240.0, 46240.0], [108237.5, 50000.0]], "asks": [[108325.0, 20.0], [108327.5, 1000.0], [108330.0, 1000.0], [108332.5, 1000.0], [108335.0, 1000.0], [108340.0, 1000.0], [108342.5, 2430.0], [108345.0, 3680.0], [108347.5, 11040.0], [108350.0, 1640.0], [108352.5, 13410.0], [108355.0, 34940.0], [108360.0, 500.0], [108365.0, 1690.0], [108367.5, 160.0], [108372.5, 730.0], [108375.0, 2430.0], [108390.0, 1660.0], [108410.0, 590.0], [108412.5, 1990.0]]}}}
{"jsonrpc": "2.0", "method": "subscription", "params": {"channel": "book.BTC-24OCT25.none.20.100ms", "data": {"timestamp": 1761098179947, "change_id": 123115796941, "instrument_name": "BTC-24OCT25", "bids": [[108322.5, 11380.0], [108320.0, 80820.0], [108317.5, 70840.0], [108315.0, 189630.0], [108312.5, 35100.0], [108310.0, 750.0], [108307.5, 2500.0], [108305.0, 13150.0], [108302.5, 36940.0], [108300.0, 7120.0], [108295.0, 10430.0], [108292.5, 34940.0], [108270.0, 1690.0], [108267.5, 16280.0], [108257.5, 1690.0], [108252.5, 7600.0], [108250.0, 25460.0], [108245.0, 1670.0], [108240.0, 46240.0], [108237.5, 50000.0]], "asks": [[108325.0, 20.0], [108327.5, 1000.0], [108330.0, 1000.0], [108332.5, 1000.0], [108335.0, 1000.0], [108340.0, 1000.0], [108342.5, 2430.0], [108345.0, 3470.0], [108347.5, 10000.0], [108350.0, 1640.0], [108355.0, 310.0], [108357.5, 1040.0], [108360.0, 500.0], [108365.0, 1690.0], [108367.5, 160.0], [108372.5, 730.0], [108375.0, 2430.0], [108390.0, 1660.0], [108410.0, 590.0], [108412.5, 1990.0]]}}}
{"jsonrpc": "2.0", "method": "subscription", "params": {"channel": "book.BTC-24OCT25.none.20.100ms", "data": {"timestamp": 1761098180249, "change_id": 123115797178, "instrument_name": "BTC-24OCT25", "bids": [[108322.5, 11380.0], [108320.0, 80820.0], [108317.5, 70840.0], [108315.0, 189630.0], [108312.5, 35100.0], [108310.0, 750.0], [108307.5, 2500.0], [108305.0, 13150.0], [108302.5, 36940.0], [108300.0, 7120.0], [108295.0, 10430.0], [108292.5, 34940.0], [108270.0, 1690.0], [108267.5, 16280.0], [108257.5, 1690.0], [108252.5, 7600.0], [108250.0, 25460.0], [108245.0, 1670.0], [108240.0, 46240.0], [108237.5, 50000.0]], "asks": [[108325.0, 20.0], [108327.5, 1000.0], [108330.0, 1000.0], [108332.5, 1000.0], [108335.0, 1000.0], [108340.0, 1000.0], [108342.5, 2430.0], [108345.0, 3470.0], [108347.5, 11040.0], [108350.0, 12340.0], [108355.0, 35250.0], [108360.0, 500.0], [108365.0, 1690.0], [108367.5, 160.0], [108372.5, 730.0], [108375.0, 2430.0], [108390.0, 1660.0], [108410.0, 590.0], [108412.5, 1990.0], [108440.0, 1670.0]]}}}
{"jsonrpc": "2.0", "method": "subscription", "params": {"channel": "book.BTC-24OCT25.none.20.100ms", "data": {"timestamp": 1761098180602, "change_id": 123115798346, "instrument_name": "BTC-24OCT25", "bids": [[108322.5, 11380.0], [108320.0, 80820.0], [108317.5, 70840.0], [108315.0, 189630.0], [108312.5, 35100.0], [108305.0, 13150.0], [108302.5, 36940.0], [108300.0, 7120.0], [108295.0, 10430.0], [108292.5, 34940.0], [108272.5, 500.0], [108270.0, 1690.0], [108267.5, 16280.0], [108260.0, 25460.0], [108257.5, 1690.0], [108245.0, 1670.0], [108240.0, 61170.0], [108237.5, 50000.0], [108232.5, 1670.0], [108215.0, 500.0]], "asks": [[108325.0, 20.0], [108327.5, 1000.0], [108330.0, 1000.0], [108332.5, 1000.0], [108335.0, 1000.0], [108340.0, 1000.0], [108347.5, 10000.0], [108350.0, 2430.0], [108355.0, 310.0], [108357.5, 1040.0], [108360.0, 500.0], [108365.0, 1690.0], [108367.5, 160.0], [108372.5, 730.0], [108375.0, 2430.0], [108387.5, 500.0], [108390.0, 1660.0], [108410.0, 590.0], [108412.5, 1990.0], [108440.0, 1670.0]]}}}
{"jsonrpc": "2.0", "method": "subscription", "params": {"channel": "book.BTC-24OCT25.none.20.100ms", "data": {"timestamp": 1761098180921, "change_id": 123115798889, "instrument_name": "BTC-24OCT25", "bids": [[108322.5, 11720.0], [108320.0, 80820.0], [108317.5, 70840.0], [108315.0, 189630.0], [108312.5, 35100.0], [108305.0, 13150.0], [108302.5, 36940.0], [108300.0, 7120.0], [108295.0, 10430.0], [108292.5, 34940.0], [108272.5, 500.0], [108270.0, 1690.0], [108267.5, 16280.0], [108260.0, 25460.0], [108257.5, 1690.0], [108252.5, 9400.0], [108245.0, 1670.0], [108240.0, 61170.0], [108237.5, 50000.0], [108232.5, 1670.0]], "asks": [[108325.0, 20.0], [108327.5, 1000.0], [108330.0, 1000.0], [108332.5, 1000.0], [108335.0, 1000.0], [108340.0, 1000.0], [108347.5, 10000.0], [108350.0, 13130.0], [108352.5, 1040.0], [108355.0, 35250.0], [108360.0, 500.0], [108365.0, 1690.0], [108367.5, 160.0], [108372.5, 730.0], [108375.0, 2430.0], [108387.5, 500.0], [108390.0, 1660.0], [108410.0, 590.0], [108412.5, 1990.0], [108440.0, 1670.0]]}}}
{"jsonrpc": "2.0", "method": "subscription", "params": {"channel": "book.BTC-24OCT25.none.20.100ms", "data": {"timestamp": 1761098181256, "change_id": 123115799159, "instrument_name": "BTC-24OCT25", "bids": [[108322.5, 12050.0], [108320.0, 80820.0], [108317.5, 70840.0], [108315.0, 189630.0], [108312.5, 35100.0], [108305.0, 13150.0], [108302.5, 36940.0], [108300.0, 7120.0], [108295.0, 10430.0], [108292.5, 34940.0], [108272.5, 500.0], [108270.0, 1690.0], [108267.5, 16280.0], [108260.0, 25460.0], [108257.5, 1690.0], [108252.5, 9400.0], [108245.0, 1670.0], [108240.0, 61170.0], [108237.5, 50000.0], [108232.5, 1670.0]], "asks": [[108325.0, 20.0], [108327.5, 1000.0], [108330.0, 1000.0], [108332.5, 1000.0], [108335.0, 1000.0], [108340.0, 1000.0], [108347.5, 10000.0], [108350.0, 2430.0], [108352.5, 11470.0], [108355.0, 35250.0], [108360.0, 500.0], [108365.0, 1690.0], [108367.5, 160.0], [108372.5, 730.0], [108375.0, 2430.0], [108387.5, 500.0], [108390.0, 1660.0], [108410.0, 590.0], [108412.5, 1990.0], [108440.0, 1670.0]]}}}
{"jsonrpc": "2.0", "method": "subscription", "params": {"channel": "book.BTC-24OCT25.none.20.100ms", "data": {"timestamp": 1761098181571, "change_id": 123115799606, "instrument_name": "BTC-24OCT25", "bids": [[108322.5, 12050.0], [108320.0, 61190.0], [108317.5, 70840.0], [108315.0, 102980.0], [108312.5, 35100.0], [108305.0, 13150.0], [108302.5, 36940.0], [108300.0, 7120.0], [108295.0, 10430.0], [108292.5, 34940.0], [108272.5, 500.0], [108270.0, 1690.0], [108267.5, 16280.0], [108260.0, 25460.0], [108257.5, 1690.0], [108252.5, 9400.0], [108245.0, 1670.0], [108240.0, 61170.0], [108237.5, 50000.0], [108232.5, 1670.0]], "asks": [[108325.0, 20.0], [108327.5, 1000.0], [108330.0, 1000.0], [108332.5, 1000.0], [108335.0, 1000.0], [108340.0, 1000.0], [108347.5, 11040.0], [108350.0, 4090.0], [108352.5, 10430.0], [108355.0, 35250.0], [108360.0, 500.0], [108365.0, 1690.0], [108367.5, 160.0], [108372.5, 730.0], [108375.0, 2430.0], [108387.5, 500.0], [108390.0, 1660.0], [108410.0, 590.0], [108412.5, 1990.0], [108440.0, 1670.0]]}}}
{"jsonrpc": "2.0", "method": "subscription", "params": {"channel": "book.BTC-24OCT25.none.20.100ms", "data": {"timestamp": 1761098181672, "change_id": 123115799877, "instrument_name": "BTC-24OCT25", "bids": [[108322.5, 12050.0], [108320.0, 61190.0], [108317.5, 70840.0], [108315.0, 102980.0], [108312.5, 35100.0], [108305.0, 13150.0], [108302.5, 36940.0], [108300.0, 7120.0], [108295.0, 10430.0], [108292.5, 34940.0], [108272.5, 500.0], [108270.0, 1690.0], [108267.5, 16280.0], [108262.5, 7600.0], [108260.0, 25460.0], [108257.5, 1690.0], [108252.5, 9400.0], [108245.0, 1670.0], [108240.0, 61170.0], [108237.5, 50000.0]], "asks": [[108325.0, 20.0], [108327.5, 1000.0], [108330.0, 1000.0], [108332.5, 1000.0], [108335.0, 1000.0], [108340.0, 1000.0], [108347.5, 10000.0], [108350.0, 2430.0], [108352.5, 11470.0], [108355.0, 35250.0], [108360.0, 500.0], [108365.0, 1690.0], [108367.5, 160.0], [108372.5, 730.0], [108375.0, 2430.0], [108387.5, 500.0], [108390.0, 1660.0], [108410.0, 590.0], [108412.5, 1990.0], [108437.5, 500.0]]}}}
{"jsonrpc": "2.0", "method": "subscription", "params": {"channel": "book.BTC-24OCT25.none.20.100ms", "data": {"timestamp": 1761098182258, "change_id": 123115800391, "instrument_name": "BTC-24OCT25", "bids": [[108322.5, 12050.0], [108320.0, 147840.0], [108317.5, 70840.0], [108315.0, 102980.0], [108312.5, 35100.0], [108305.0, 13150.0], [108302.5, 36940.0], [108300.0, 7120.0], [108295.0, 10430.0], [108292.5, 34940.0], [108272.5, 500.0], [108270.0, 1690.0], [108267.5, 16280.0], [108262.5, 7600.0], [108260.0, 25460.0], [108257.5, 1690.0], [108252.5, 9400.0], [108245.0, 1670.0], [108240.0, 61170.0], [108237.5, 50000.0]], "asks": [[108325.0, 20.0], [108327.5, 1000.0], [108330.0, 1000.0], [108332.5, 1000.0], [108335.0, 1000.0], [108340.0, 1000.0], [108347.5, 10000.0], [108350.0, 2430.0], [108352.5, 11470.0], [108355.0, 34940.0], [108360.0, 500.0], [108365.0, 1690.0], [108367.5, 160.0], [108372.5, 730.0], [108375.0, 2430.0], [108387.5, 500.0], [108390.0, 1660.0], [108410.0, 590.0], [108412.5, 1990.0], [108437.5, 500.0]]}}}
{"jsonrpc": "2.0", "method": "subscription", "params": {"channel": "book.BTC-24OCT25.none.20.100ms", "data": {"timestamp": 1761098182564, "change_id": 123115801118, "instrument_name": "BTC-24OCT25", "bids": [[108327.5, 18590.0], [108325.0, 160.0], [108322.5, 29490.0], [108320.0, 135410.0], [108317.5, 70840.0], [108315.0, 102980.0], [108312.5, 34940.0], [108305.0, 13150.0], [108302.5, 36940.0], [108300.0, 7120.0], [108295.0, 10430.0], [108292.5, 34940.0], [108272.5, 500.0], [108270.0, 1690.0], [108267.5, 16280.0], [108262.5, 7600.0], [108260.0, 25460.0], [108257.5, 1690.0], [108252.5, 9400.0], [108245.0, 1670.0]], "asks": [[108330.0, 1000.0], [108332.5, 1000.0], [108335.0, 1000.0], [108337.5, 1000.0], [108340.0, 1000.0], [108350.0, 1000.0], [108357.5, 730.0], [108360.0, 5860.0], [108362.5, 11040.0], [108365.0, 1690.0], [108367.5, 160.0], [108387.5, 500.0], [108390.0, 1660.0], [108410.0, 590.0], [108412.5, 4420.0], [108437.5, 500.0], [108440.0, 1670.0], [108445.0, 1490.0], [108447.5, 5000.0], [108465.0, 1640.0]]}}}
{"jsonrpc": "2.0", "method": "subscription", "params": {"channel": "book.BTC-24OCT25.none.20.100ms", "data": {"timestamp": 1761098182920, "change_id": 123115802254, "instrument_name": "BTC-24OCT25", "bids": [[108327.5, 28240.0], [108325.0, 2570.0], [108320.0, 28360.0], [108317.5, 2500.0], [108315.0, 102980.0], [108312.5, 34940.0], [108305.0, 13150.0], [108302.5, 36940.0], [108300.0, 7100.0], [108295.0, 10430.0], [108292.5, 34940.0], [108272.5, 500.0], [108270.0, 6550.0], [108267.5, 16280.0], [108262.5, 7600.0], [108260.0, 25460.0], [108257.5, 1690.0], [108252.5, 9400.0], [108245.0, 1670.0], [108240.0, 61170.0]], "asks": [[108330.0, 1000.0], [108332.5, 1000.0], [108335.0, 1000.0], [108337.5, 1000.0], [108340.0, 1000.0], [108342.5, 2410.0], [108347.5, 300.0], [108350.0, 1000.0], [108352.5, 4030.0], [108355.0, 10000.0], [108357.5, 10430.0], [108360.0, 38370.0], [108365.0, 1690.0], [108367.5, 160.0], [108372.5, 720.0], [108375.0, 2410.0], [108387.5, 500.0], [108390.0, 1660.0], [108400.0, 2410.0], [108402.5, 1660.0]]}}}
{"jsonrpc": "2.0", "method": "subscription", "params": {"channel": "book.BTC-24OCT25.none.20.100ms", "data": {"timestamp": 1761098183160, "change_id": 123115802402, "instrument_name": "BTC-24OCT25", "bids": [[108327.5, 84810.0], [108325.0, 89230.0], [108320.0, 28360.0], [108317.5, 2500.0], [108315.0, 102980.0], [108312.5, 34940.0], [108305.0, 13150.0], [108302.5, 36940.0], [108300.0, 7100.0], [108295.0, 10430.0], [108292.5, 34940.0], [108272.5, 500.0], [108270.0, 6550.0], [108267.5, 16280.0], [108262.5, 7600.0], [108260.0, 25460.0], [108257.5, 1690.0], [108252.5, 9400.0], [108245.0, 1670.0], [108240.0, 61170.0]], "asks": [[108330.0, 1000.0], [108332.5, 1000.0], [108335.0, 1000.0], [108337.5, 1000.0], [108340.0, 1000.0], [108342.5, 2410.0], [108347.5, 10300.0], [108350.0, 1310.0], [108352.5, 2040.0], [108357.5, 10430.0], [108360.0, 38370.0], [108365.0, 1690.0], [108367.5, 160.0], [108372.5, 720.0], [108375.0, 2410.0], [108387.5, 500.0], [108390.0, 1660.0], [108400.0, 2410.0], [108402.5, 1660.0], [108410.0, 590.0]]}}}
{"jsonrpc": "2.0", "method": "subscription", "params": {"channel": "book.BTC-24OCT25.none.20.100ms", "data": {"timestamp": 1761098183574, "change_id": 123115802960, "instrument_name": "BTC-24OCT25", "bids": [[108327.5, 84810.0], [108325.0, 89230.0], [108320.0, 28360.0], [108317.5, 2500.0], [108315.0, 102980.0], [108312.5, 34940.0], [108305.0, 13150.0], [108302.5, 36940.0], [108300.0, 7100.0], [108295.0, 10430.0], [108292.5, 34940.0], [108272.5, 500.0], [108270.0, 6550.0], [108267.5, 16280.0], [108262.5, 7600.0], [108260.0, 25460.0], [108257.5, 1690.0], [108252.5, 9400.0], [108245.0, 1670.0], [108240.0, 61170.0]], "asks": [[108330.0, 1000.0], [108332.5, 1000.0], [108335.0, 1000.0], [108337.5, 1000.0], [108340.0, 1000.0], [108347.5, 10000.0], [108350.0, 1000.0], [108352.5, 2040.0], [108357.5, 10430.0], [108360.0, 38370.0], [108365.0, 1690.0], [108367.5, 160.0], [108387.5, 500.0], [108390.0, 1660.0], [108400.0, 2410.0], [108402.5, 1660.0], [108410.0, 590.0], [108412.5, 1990.0], [108437.5, 500.0], [108440.0, 1670.0]]}}}
{"jsonrpc": "2.0", "method": "subscription", "params": {"channel": "book.BTC-24OCT25.none.20.100ms", "data": {"timestamp": 1761098183760, "change_id": 123115803357, "instrument_name": "BTC-24OCT25", "bids": [[108327.5, 84810.0], [108325.0, 89230.0], [108320.0, 28360.0], [108317.5, 2500.0], [108315.0, 102980.0], [108312.5, 34940.0], [108305.0, 13150.0], [108302.5, 36940.0], [108300.0, 7100.0], [108295.0, 10430.0], [108292.5, 34940.0], [108272.5, 500.0], [108270.0, 6550.0], [108267.5, 16280.0], [108262.5, 7600.0], [108260.0, 25460.0], [108257.5, 1690.0], [108255.0, 2810.0], [108252.5, 9400.0], [108245.0, 1670.0]], "asks": [[108330.0, 1000.0], [108332.5, 1000.0], [108335.0, 1000.0], [108337.5, 1000.0], [108340.0, 1000.0], [108345.0, 16120.0], [108347.5, 10000.0], [108350.0, 36550.0], [108352.5, 2040.0], [108357.5, 10430.0], [108360.0, 38370.0], [108365.0, 1690.0], [108367.5, 160.0], [108372.5, 720.0], [108375.0, 2410.0], [108387.5, 500.0], [108390.0, 1660.0], [108397.5, 720.0], [108400.0, 2410.0], [108402.5, 1660.0]]}}}
{"jsonrpc": "2.0", "method": "subscription", "params": {"channel": "book.BTC-24OCT25.none.20.100ms", "data": {"timestamp": 1761098183973, "change_id": 123115803710, "instrument_name": "BTC-24OCT25", "bids": [[108327.5, 84810.0], [108325.0, 89230.0], [108320.0, 28360.0], [108317.5, 2500.0], [108315.0, 102980.0], [108312.5, 34940.0], [108305.0, 13150.0], [108302.5, 36940.0], [108300.0, 7100.0], [108295.0, 10430.0], [108292.5, 34940.0], [108272.5, 500.0], [108270.0, 6550.0], [108267.5, 16280.0], [108262.5, 7600.0], [108260.0, 25460.0], [108257.5, 1690.0], [108255.0, 2810.0], [108252.5, 9400.0], [108245.0, 1670.0]], "asks": [[108330.0, 1000.0], [108332.5, 1000.0], [108335.0, 1000.0], [108337.5, 1000.0], [108340.0, 1000.0], [108345.0, 5690.0], [108347.5, 10000.0], [108350.0, 1610.0], [108352.5, 2040.0], [108357.5, 10430.0], [108360.0, 38370.0], [108365.0, 1690.0], [108367.5, 160.0], [108372.5, 720.0], [108375.0, 2410.0], [108387.5, 500.0], [108390.0, 1660.0], [108397.5, 720.0], [108400.0, 2410.0], [108402.5, 1660.0]]}}}
{"jsonrpc": "2.0", "method": "subscription", "params": {"channel": "book.BTC-24OCT25.none.20.100ms", "data": {"timestamp": 1761098184478, "change_id": 123115804155, "instrument_name": "BTC-24OCT25", "bids": [[108327.5, 84810.0], [108325.0, 89230.0], [108320.0, 28360.0], [108317.5, 2500.0], [108315.0, 102980.0], [108312.5, 34940.0], [108305.0, 13150.0], [108302.5, 36940.0], [108300.0, 7100.0], [108295.0, 10430.0], [108292.5, 34940.0], [108272.5, 500.0], [108270.0, 6550.0], [108267.5, 16280.0], [108262.5, 7600.0], [108260.0, 25460.0], [108257.5, 1690.0], [108255.0, 2810.0], [108252.5, 9400.0], [108245.0, 1670.0]], "asks": [[108330.0, 1000.0], [108332.5, 1000.0], [108335.0, 1000.0], [108337.5, 1000.0], [108340.0, 1000.0], [108345.0, 3280.0], [108347.5, 10000.0], [108350.0, 1610.0], [108352.5, 2040.0], [108357.5, 10430.0], [108360.0, 38370.0], [108365.0, 1690.0], [108367.5, 160.0], [108372.5, 720.0], [108375.0, 2410.0], [108387.5, 500.0], [108390.0, 1660.0], [108397.5, 720.0], [108400.0, 2410.0], [108402.5, 1660.0]]}}}
{"jsonrpc": "2.0", "method": "subscription", "params": {"channel": "book.BTC-24OCT25.none.20.100ms", "data": {"timestamp": 1761098184869, "change_id": 123115804788, "instrument_name": "BTC-24OCT25", "bids": [[108327.5, 84810.0], [108325.0, 89230.0], [108320.0, 28360.0], [108317.5, 2500.0], [108315.0, 102980.0], [108312.5, 34940.0], [108305.0, 13150.0], [108302.5, 36940.0], [108300.0, 7100.0], [108295.0, 10430.0], [108292.5, 34940.0], [108272.5, 500.0], [108270.0, 6550.0], [108267.5, 16280.0], [108262.5, 7600.0], [108260.0, 25960.0], [108257.5, 1690.0], [108255.0, 2810.0], [108252.5, 9400.0], [108245.0, 1670.0]], "asks": [[108330.0, 1000.0], [108332.5, 1000.0], [108335.0, 1000.0], [108337.5, 1000.0], [108340.0, 1000.0], [108347.5, 10000.0], [108350.0, 1610.0], [108352.5, 2040.0], [108357.5, 10430.0], [108360.0, 38370.0], [108365.0, 1690.0], [108367.5, 160.0], [108372.5, 720.0], [108375.0, 2410.0], [108387.5, 500.0], [108390.0, 1660.0], [108397.5, 720.0], [108400.0, 2910.0], [108402.5, 1660.0], [108410.0, 590.0]]}}}
{"jsonrpc": "2.0", "method": "subscription", "params": {"channel": "book.BTC-24OCT25.none.20.100ms", "data": {"timestamp": 1761098184925, "change_id": 123115804886, "instrument_name": "BTC-24OCT25", "bids": [[108327.5, 84810.0], [108325.0, 89230.0], [108320.0, 28360.0], [108317.5, 2500.0], [108315.0, 102980.0], [108312.5, 34940.0], [108305.0, 13150.0], [108302.5, 36940.0], [108300.0, 7100.0], [108295.0, 10430.0], [108292.5, 34940.0], [108272.5, 500.0], [108270.0, 6550.0], [108267.5, 16280.0], [108262.5, 7600.0], [108260.0, 25960.0], [108257.5, 1690.0], [108255.0, 2810.0], [108252.5, 9400.0], [108245.0, 1670.0]], "asks": [[108330.0, 1000.0], [108332.5, 1000.0], [108335.0, 1000.0], [108337.5, 1000.0], [108340.0, 1000.0], [108342.5, 2410.0], [108347.5, 10000.0], [108350.0, 1610.0], [108352.5, 2040.0], [108357.5, 10430.0], [108360.0, 38370.0], [108365.0, 1690.0], [108367.5, 160.0], [108372.5, 720.0], [108375.0, 2410.0], [108387.5, 500.0], [108390.0, 1660.0], [108397.5, 720.0], [108400.0, 2910.0], [108402.5, 1660.0]]}}}
{"jsonrpc": "2.0", "method": "subscription", "params": {"channel": "book.BTC-24OCT25.none.20.100ms", "data": {"timestamp": 1761098185562, "change_id": 123115805597, "instrument_name": "BTC-24OCT25", "bids": [[108327.5, 84810.0], [108325.0, 89230.0], [108320.0, 28360.0], [108317.5, 2500.0], [108315.0, 102980.0], [108312.5, 34940.0], [108305.0, 13150.0], [108302.5, 36940.0], [108300.0, 7100.0], [108295.0, 10430.0], [108292.5, 34940.0], [108272.5, 500.0], [108270.0, 6550.0], [108267.5, 16280.0], [108262.5, 7600.0], [108260.0, 25960.0], [108257.5, 1690.0], [108255.0, 2810.0], [108252.5, 9400.0], [108245.0, 1670.0]], "asks": [[108330.0, 1000.0], [108332.5, 1000.0], [108335.0, 1000.0], [108337.5, 1000.0], [108340.0, 1000.0], [108347.5, 10000.0], [108350.0, 1300.0], [108352.5, 1000.0], [108357.5, 11470.0], [108360.0, 34940.0], [108362.5, 500.0], [108365.0, 1690.0], [108367.5, 160.0], [108387.5, 500.0], [108390.0, 1660.0], [108400.0, 500.0], [108402.5, 1660.0], [108410.0, 590.0], [108412.5, 1990.0], [108437.5, 500.0]]}}}
{"jsonrpc": "2.0", "method": "subscription", "params": {"channel": "book.BTC-24OCT25.none.20.100ms", "data": {"timestamp": 1761098185845, "change_id": 123115806229, "instrument_name": "BTC-24OCT25", "bids": [[108327.5, 87160.0], [108325.0, 89230.0], [108320.0, 28360.0], [108317.5, 2500.0], [108315.0, 102980.0], [108312.5, 34940.0], [108305.0, 13150.0], [108302.5, 36940.0], [108300.0, 7100.0], [108295.0, 10430.0], [108292.5, 34940.0], [108272.5, 500.0], [108270.0, 6550.0], [108267.5, 16280.0], [108262.5, 7600.0], [108260.0, 25960.0], [108257.5, 1690.0], [108255.0, 2810.0], [108252.5, 9400.0], [108245.0, 1670.0]], "asks": [[108330.0, 1000.0], [108332.5, 1000.0], [108335.0, 1000.0], [108337.5, 1000.0], [108340.0, 1000.0], [108345.0, 2410.0], [108347.5, 10000.0], [108350.0, 1300.0], [108352.5, 2040.0], [108357.5, 10430.0], [108360.0, 34940.0], [108362.5, 500.0], [108365.0, 1690.0], [108367.5, 160.0], [108372.5, 720.0], [108375.0, 2410.0], [108387.5, 500.0], [108390.0, 1660.0], [108397.5, 720.0], [108400.0, 2910.0]]}}}
{"jsonrpc": "2.0", "method": "subscription", "params": {"channel": "book.BTC-24OCT25.none.20.100ms", "data": {"timestamp": 1761098186026, "change_id": 123115806426, "instrument_name": "BTC-24OCT25", "bids": [[108327.5, 87160.0], [108325.0, 89230.0], [108320.0, 28360.0], [108317.5, 2500.0], [108315.0, 102980.0], [108312.5, 34940.0], [108305.0, 13150.0], [108302.5, 36940.0], [108300.0, 7100.0], [108295.0, 10430.0], [108292.5, 34940.0], [108272.5, 500.0], [108270.0, 6550.0], [108267.5, 16280.0], [108262.5, 7600.0], [108260.0, 25960.0], [108257.5, 1690.0], [108255.0, 2810.0], [108252.5, 9400.0], [108245.0, 1670.0]], "asks": [[108330.0, 1000.0], [108332.5, 1000.0], [108335.0, 1000.0], [108337.5, 1000.0], [108340.0, 1000.0], [108342.5, 2410.0], [108347.5, 10000.0], [108350.0, 1300.0], [108352.5, 2040.0], [108357.5, 10430.0], [108360.0, 34940.0], [108362.5, 500.0], [108365.0, 1690.0], [108367.5, 160.0], [108372.5, 720.0], [108375.0, 2410.0], [108387.5, 500.0], [108390.0, 1660.0], [108397.5, 720.0], [108400.0, 2910.0]]}}}
{"jsonrpc": "2.0", "method": "subscription", "params": {"channel": "book.BTC-24OCT25.none.20.100ms", "data": {"timestamp": 1761098186556, "change_id": 123115806918, "instrument_name": "BTC-24OCT25", "bids": [[108327.5, 87160.0], [108325.0, 89230.0], [108320.0, 28360.0], [108317.5, 2500.0], [108315.0, 102980.0], [108312.5, 34940.0], [108305.0, 13150.0], [108302.5, 36940.0], [108300.0, 7100.0], [108295.0, 10430.0], [108292.5, 34940.0], [108272.5, 500.0], [108270.0, 6550.0], [108267.5, 16280.0], [108262.5, 7600.0], [108260.0, 25960.0], [108257.5, 1690.0], [108255.0, 2810.0], [108252.5, 9400.0], [108245.0, 1670.0]], "asks": [[108330.0, 1000.0], [108332.5, 1000.0], [108335.0, 1000.0], [108337.5, 1000.0], [108340.0, 1000.0], [108347.5, 10000.0], [108350.0, 1300.0], [108352.5, 1000.0], [108357.5, 11470.0], [108360.0, 34940.0], [108362.5, 500.0], [108365.0, 1690.0], [108367.5, 160.0], [108372.5, 720.0], [108375.0, 2410.0], [108387.5, 500.0], [108390.0, 1660.0], [108397.5, 720.0], [108400.0, 2910.0], [108402.5, 1660.0]]}}}
{"jsonrpc": "2.0", "method": "subscription", "params": {"channel": "book.BTC-24OCT25.none.20.100ms", "data": {"timestamp": 1761098186861, "change_id": 123115807504, "instrument_name": "BTC-24OCT25", "bids": [[108327.5, 87160.0], [108325.0, 89230.0], [108320.0, 28360.0], [108317.5, 2500.0], [108315.0, 102980.0], [108312.5, 34940.0], [108305.0, 13150.0], [108302.5, 36940.0], [108300.0, 7100.0], [108295.0, 10430.0], [108292.5, 34940.0], [108272.5, 500.0], [108270.0, 6550.0], [108267.5, 16280.0], [108262.5, 7600.0], [108260.0, 25960.0], [108257.5, 1690.0], [108255.0, 2810.0], [108252.5, 9400.0], [108247.5, 500.0]], "asks": [[108330.0, 1000.0], [108332.5, 1000.0], [108335.0, 1000.0], [108337.5, 1000.0], [108340.0, 1000.0], [108342.5, 2410.0], [108347.5, 10000.0], [108350.0, 1300.0], [108352.5, 2040.0], [108357.5, 10430.0], [108360.0, 34940.0], [108362.5, 500.0], [108365.0, 1690.0], [108367.5, 160.0], [108372.5, 720.0], [108375.0, 2410.0], [108387.5, 500.0], [108390.0, 1660.0], [108397.5, 720.0], [108400.0, 2910.0]]}}}
{"jsonrpc": "2.0", "method": "subscription", "params": {"channel": "book.BTC-24OCT25.none.20.100ms", "data": {"timestamp": 1761098187027, "change_id": 123115807625, "instrument_name": "BTC-24OCT25", "bids": [[108327.5, 87160.0], [108325.0, 89230.0], [108320.0, 28360.0], [108317.5, 2500.0], [108315.0, 102980.0], [108312.5, 34940.0], [108305.0, 13150.0], [108302.5, 36940.0], [108300.0, 7100.0], [108295.0, 10430.0], [108292.5, 34940.0], [108272.5, 500.0], [108270.0, 6550.0], [108267.5, 16280.0], [108262.5, 7600.0], [108260.0, 25960.0], [108257.5, 1690.0], [108255.0, 2810.0], [108252.5, 9400.0], [108247.5, 500.0]], "asks": [[108330.0, 1000.0], [108332.5, 1000.0], [108335.0, 1000.0], [108337.5, 1000.0], [108340.0, 1000.0], [108342.5, 2410.0], [108347.5, 10000.0], [108350.0, 1300.0], [108352.5, 2040.0], [108357.5, 10430.0], [108360.0, 34940.0], [108362.5, 500.0], [108365.0, 1690.0], [108367.5, 160.0], [108372.5, 720.0], [108375.0, 2410.0], [108387.5, 500.0], [108390.0, 1660.0], [108397.5, 720.0], [108400.0, 2910.0]]}}}
{"jsonrpc": "2.0", "method": "subscription", "params": {"channel": "book.BTC-24OCT25.none.20.100ms", "data": {"timestamp": 1761098187507, "change_id": 123115808811, "instrument_name": "BTC-24OCT25", "bids": [[108327.5, 30590.0], [108325.0, 2570.0], [108320.0, 28360.0], [108317.5, 2500.0], [108315.0, 102980.0], [108312.5, 34940.0], [108305.0, 13150.0], [108302.5, 36940.0], [108300.0, 7100.0], [108295.0, 10430.0], [108292.5, 34940.0], [108272.5, 500.0], [108270.0, 6550.0], [108267.5, 16280.0], [108262.5, 7600.0], [108260.0, 25960.0], [108257.5, 1690.0], [108255.0, 2810.0], [108252.5, 9400.0], [108247.5, 500.0]], "asks": [[108330.0, 1000.0], [108332.5, 1000.0], [108335.0, 1000.0], [108337.5, 1000.0], [108340.0, 1000.0], [108350.0, 1000.0], [108352.5, 1000.0], [108357.5, 2990.0], [108360.0, 10500.0], [108365.0, 2050.0], [108367.5, 1200.0], [108372.5, 720.0], [108375.0, 2410.0], [108387.5, 500.0], [108390.0, 1660.0], [108397.5, 720.0], [108400.0, 2910.0], [108402.5, 1660.0], [108437.5, 500.0], [108440.0, 1670.0]]}}}
{"jsonrpc": "2.0", "method": "subscription", "params": {"channel": "book.BTC-24OCT25.none.20.100ms", "data": {"timestamp": 1761098187819, "change_id": 123115810227, "instrument_name": "BTC-24OCT25", "bids": [[108327.5, 114840.0], [108325.0, 86820.0], [108320.0, 28360.0], [108317.5, 2500.0], [108315.0, 102980.0], [108312.5, 34940.0], [108305.0, 13150.0], [108302.5, 36940.0], [108300.0, 7100.0], [108295.0, 10430.0], [108292.5, 34940.0], [108272.5, 500.0], [108270.0, 6550.0], [108267.5, 16280.0], [108262.5, 7600.0], [108260.0, 25960.0], [108257.5, 1690.0], [108255.0, 2810.0], [108252.5, 9400.0], [108247.5, 500.0]], "asks": [[108330.0, 1000.0], [108332.5, 1000.0], [108335.0, 1000.0], [108337.5, 1000.0], [108340.0, 1000.0], [108350.0, 1000.0], [108352.5, 1000.0], [108357.5, 14070.0], [108360.0, 45440.0], [108365.0, 1690.0], [108367.5, 160.0], [108372.5, 720.0], [108375.0, 2410.0], [108387.5, 500.0], [108390.0, 1660.0], [108397.5, 720.0], [108400.0, 2910.0], [108402.5, 1660.0], [108437.5, 500.0], [108440.0, 1670.0]]}}}
{"jsonrpc": "2.0", "method": "subscription", "params": {"channel": "book.BTC-24OCT25.none.20.100ms", "data": {"timestamp": 1761098188038, "change_id": 123115810610, "instrument_name": "BTC-24OCT25", "bids": [[108327.5, 117250.0], [108325.0, 89230.0], [108320.0, 28360.0], [108317.5, 2500.0], [108315.0, 102980.0], [108312.5, 34940.0], [108305.0, 13150.0], [108302.5, 36940.0], [108300.0, 7100.0], [108295.0, 10430.0], [108292.5, 34940.0], [108272.5, 500.0], [108270.0, 6550.0], [108267.5, 16280.0], [108262.5, 7600.0], [108260.0, 25960.0], [108257.5, 1690.0], [108255.0, 2810.0], [108252.5, 9400.0], [108247.5, 500.0]], "asks": [[108330.0, 1000.0], [108332.5, 1000.0], [108335.0, 1000.0], [108337.5, 1000.0], [108340.0, 1000.0], [108350.0, 3410.0], [108352.5, 11000.0], [108357.5, 14070.0], [108360.0, 35440.0], [108365.0, 1690.0], [108367.5, 160.0], [108372.5, 720.0], [108375.0, 2410.0], [108387.5, 500.0], [108390.0, 1660.0], [108397.5, 720.0], [108400.0, 2910.0], [108402.5, 1660.0], [108437.5, 500.0], [108440.0, 1670.0]]}}}
{"jsonrpc": "2.0", "method": "subscription", "params": {"channel": "book.BTC-24OCT25.none.20.100ms", "data": {"timestamp": 1761098188541, "change_id": 123115811982, "instrument_name": "BTC-24OCT25", "bids": [[108327.5, 28180.0], [108325.0, 160.0], [108320.0, 28360.0], [108317.5, 2500.0], [108315.0, 102980.0], [108312.5, 34940.0], [108305.0, 13150.0], [108302.5, 36940.0], [108300.0, 7100.0], [108295.0, 10430.0], [108292.5, 34940.0], [108272.5, 500.0], [108270.0, 6550.0], [108267.5, 16280.0], [108262.5, 7600.0], [108260.0, 25960.0], [108257.5, 1690.0], [108255.0, 2810.0], [108252.5, 9400.0], [108247.5, 500.0]], "asks": [[108330.0, 1000.0], [108332.5, 1000.0], [108335.0, 1000.0], [108337.5, 1000.0], [108340.0, 1000.0], [108350.0, 3410.0], [108352.5, 1000.0], [108357.5, 11470.0], [108360.0, 38370.0], [108362.5, 10000.0], [108365.0, 1690.0], [108367.5, 160.0], [108372.5, 720.0], [108375.0, 2410.0], [108387.5, 500.0], [108390.0, 1660.0], [108397.5, 720.0], [108400.0, 2910.0], [108402.5, 1660.0], [108437.5, 500.0]]}}}
{"jsonrpc": "2.0", "method": "subscription", "params": {"channel": "book.BTC-24OCT25.none.20.100ms", "data": {"timestamp": 1761098188839, "change_id": 123115812651, "instrument_name": "BTC-24OCT25", "bids": [[108327.5, 117250.0], [108325.0, 2570.0], [108320.0, 28360.0], [108317.5, 2500.0], [108315.0, 102980.0], [108312.5, 34940.0], [108305.0, 13150.0], [108302.5, 36940.0], [108300.0, 7100.0], [108295.0, 10430.0], [108292.5, 34940.0], [108272.5, 500.0], [108270.0, 6550.0], [108267.5, 16280.0], [108262.5, 7600.0], [108260.0, 25960.0], [108257.5, 1690.0], [108255.0, 2810.0], [108252.5, 9400.0], [108247.5, 500.0]], "asks": [[108330.0, 1000.0], [108332.5, 1000.0], [108335.0, 1000.0], [108337.5, 1000.0], [108340.0, 1000.0], [108350.0, 3410.0], [108352.5, 1000.0], [108355.0, 10000.0], [108357.5, 11470.0], [108360.0, 38370.0], [108365.0, 1690.0], [108367.5, 160.0], [108372.5, 720.0], [108375.0, 2410.0], [108387.5, 500.0], [108390.0, 1660.0], [108397.5, 720.0], [108400.0, 2910.0], [108402.5, 1660.0], [108437.5, 500.0]]}}}
{"jsonrpc": "2.0", "method": "subscription", "params": {"channel": "book.BTC-24OCT25.none.20.100ms", "data": {"timestamp": 1761098189062, "change_id": 123115812906, "instrument_name": "BTC-24OCT25", "bids": [[108327.5, 203910.0], [108325.0, 2570.0], [108320.0, 28360.0], [108317.5, 2500.0], [108315.0, 102980.0], [108312.5, 34940.0], [108305.0, 13150.0], [108302.5, 36940.0], [108300.0, 7100.0], [108295.0, 10430.0], [108292.5, 34940.0], [108272.5, 500.0], [108270.0, 13530.0], [108267.5, 16280.0], [108265.0, 25460.0], [108260.0, 500.0], [108257.5, 1690.0], [108255.0, 2810.0], [108252.5, 9400.0], [108247.5, 500.0]], "asks": [[108330.0, 1000.0], [108332.5, 1000.0], [108335.0, 1000.0], [108337.5, 1000.0], [108340.0, 1000.0], [108350.0, 3410.0], [108352.5, 1000.0], [108355.0, 10000.0], [108357.5, 11470.0], [108360.0, 38370.0], [108365.0, 1690.0], [108367.5, 160.0], [108372.5, 720.0], [108375.0, 2410.0], [108387.5, 500.0], [108390.0, 1660.0], [108397.5, 720.0], [108400.0, 2910.0], [108402.5, 1660.0], [108437.5, 500.0]]}}}
{"jsonrpc": "2.0", "method": "subscription", "params": {"channel": "book.BTC-24OCT25.none.20.100ms", "data": {"timestamp": 1761098190825, "change_id": 123115815527, "instrument_name": "BTC-24OCT25", "bids": [[108330.0, 113620.0], [108327.5, 202250.0], [108325.0, 2570.0], [108322.5, 10430.0], [108320.0, 36430.0], [108317.5, 2500.0], [108315.0, 12980.0], [108312.5, 34940.0], [108305.0, 13150.0], [108302.5, 36940.0], [108300.0, 7100.0], [108272.5, 500.0], [108270.0, 13530.0], [108267.5, 16280.0], [108265.0, 25460.0], [108260.0, 500.0], [108257.5, 1690.0], [108255.0, 2810.0], [108252.5, 9400.0], [108247.5, 500.0]], "asks": [[108332.5, 1000.0], [108335.0, 1000.0], [108337.5, 1000.0], [108340.0, 1000.0], [108342.5, 1000.0], [108350.0, 1000.0], [108352.5, 1000.0], [108355.0, 10000.0], [108362.5, 810.0], [108365.0, 2730.0], [108372.5, 720.0], [108375.0, 2410.0], [108382.5, 160.0], [108387.5, 500.0], [108390.0, 1660.0], [108397.5, 720.0], [108400.0, 2910.0], [108402.5, 1660.0], [108437.5, 500.0], [108440.0, 1670.0]]}}}
{"jsonrpc": "2.0", "method": "subscription", "params": {"channel": "book.BTC-24OCT25.none.20.100ms", "data": {"timestamp": 1761098191141, "change_id": 123115815868, "instrument_name": "BTC-24OCT25", "bids": [[108330.0, 125640.0], [108327.5, 190230.0], [108325.0, 2570.0], [108322.5, 10430.0], [108320.0, 36430.0], [108317.5, 2500.0], [108315.0, 12980.0], [108312.5, 34940.0], [108305.0, 13150.0], [108302.5, 36940.0], [108300.0, 7100.0], [108272.5, 500.0], [108270.0, 13530.0], [108267.5, 16280.0], [108265.0, 25460.0], [108260.0, 500.0], [108257.5, 1690.0], [108255.0, 2810.0], [108252.5, 9400.0], [108247.5, 500.0]], "asks": [[108332.5, 1000.0], [108335.0, 1000.0], [108337.5, 1000.0], [108340.0, 1000.0], [108342.5, 1000.0], [108350.0, 1000.0], [108352.5, 1000.0], [108355.0, 10000.0], [108357.5, 310.0], [108360.0, 12280.0], [108362.5, 34940.0], [108365.0, 1690.0], [108372.5, 720.0], [108375.0, 2410.0], [108382.5, 160.0], [108387.5, 500.0], [108390.0, 1660.0], [108397.5, 720.0], [108400.0, 2910.0], [108402.5, 1660.0]]}}}
{"jsonrpc": "2.0", "method": "subscription", "params": {"channel": "book.BTC-24OCT25.none.20.100ms", "data": {"timestamp": 1761098191510, "change_id": 123115816304, "instrument_name": "BTC-24OCT25", "bids": [[108330.0, 125640.0], [108327.5, 190230.0], [108325.0, 2570.0], [108322.5, 10430.0], [108320.0, 36430.0], [108315.0, 10480.0], [108312.5, 34940.0], [108305.0, 13150.0], [108302.5, 36940.0], [108300.0, 7100.0], [108272.5, 500.0], [108270.0, 13530.0], [108267.5, 16280.0], [108265.0, 25460.0], [108260.0, 500.0], [108257.5, 1690.0], [108255.0, 2810.0], [108252.5, 9400.0], [108247.5, 500.0], [108245.0, 1670.0]], "asks": [[108332.5, 1000.0], [108335.0, 1000.0], [108337.5, 1000.0], [108340.0, 1000.0], [108342.5, 1000.0], [108350.0, 1000.0], [108352.5, 1000.0], [108355.0, 10000.0], [108360.0, 500.0], [108365.0, 1690.0], [108372.5, 720.0], [108375.0, 2410.0], [108382.5, 160.0], [108387.5, 500.0], [108390.0, 1660.0], [108397.5, 720.0], [108400.0, 2910.0], [108402.5, 1660.0], [108437.5, 500.0], [108440.0, 1670.0]]}}}
{"jsonrpc": "2.0", "method": "subscription", "params": {"channel": "book.BTC-24OCT25.none.20.100ms", "data": {"timestamp": 1761098191840, "change_id": 123115817417, "instrument_name": "BTC-24OCT25", "bids": [[108330.0, 128630.0], [108327.5, 190230.0], [108325.0, 2570.0], [108322.5, 10430.0], [108320.0, 36430.0], [108315.0, 10480.0], [108312.5, 34940.0], [108305.0, 13150.0], [108302.5, 36940.0], [108300.0, 4110.0], [108272.5, 500.0], [108270.0, 6550.0], [108267.5, 16280.0], [108260.0, 500.0], [108257.5, 1690.0], [108255.0, 2810.0], [108252.5, 9400.0], [108247.5, 500.0], [108245.0, 1670.0], [108242.5, 13800.0]], "asks": [[108332.5, 1000.0], [108335.0, 1000.0], [108337.5, 1000.0], [108340.0, 1000.0], [108342.5, 1000.0], [108350.0, 1000.0], [108352.5, 1000.0], [108357.5, 2410.0], [108365.0, 10000.0], [108367.5, 500.0], [108370.0, 2720.0], [108372.5, 720.0], [108375.0, 2410.0], [108382.5, 160.0], [108387.5, 500.0], [108390.0, 1660.0], [108397.5, 720.0], [108400.0, 2910.0], [108402.5, 1660.0], [108437.5, 500.0]]}}}
{"jsonrpc": "2.0", "method": "subscription", "params": {"channel": "book.BTC-24OCT25.none.20.100ms", "data": {"timestamp": 1761098192145, "change_id": 123115817848, "instrument_name": "BTC-24OCT25", "bids": [[108330.0, 128630.0], [108327.5, 103570.0], [108325.0, 2570.0], [108322.5, 10430.0], [108320.0, 36430.0], [108315.0, 10480.0], [108312.5, 34940.0], [108305.0, 13150.0], [108302.5, 36940.0], [108300.0, 4110.0], [108272.5, 500.0], [108270.0, 6550.0], [108267.5, 16280.0], [108260.0, 500.0], [108257.5, 1690.0], [108255.0, 2810.0], [108252.5, 9400.0], [108247.5, 500.0], [108245.0, 1670.0], [108242.5, 13800.0]], "asks": [[108332.5, 1000.0], [108335.0, 1000.0], [108337.5, 1000.0], [108340.0, 1000.0], [108342.5, 1000.0], [108350.0, 1000.0], [108352.5, 1000.0], [108357.5, 2410.0], [108365.0, 11040.0], [108367.5, 500.0], [108370.0, 1680.0], [108372.5, 720.0], [108375.0, 2410.0], [108382.5, 160.0], [108387.5, 500.0], [108390.0, 1660.0], [108397.5, 720.0], [108400.0, 2910.0], [108402.5, 1660.0], [108437.5, 500.0]]}}}
{"jsonrpc": "2.0", "method": "subscription", "params": {"channel": "book.BTC-24OCT25.none.20.100ms", "data": {"timestamp": 1761098192330, "change_id": 123115817977, "instrument_name": "BTC-24OCT25", "bids": [[108330.0, 128630.0], [108327.5, 103570.0], [108325.0, 2570.0], [108322.5, 10430.0], [108320.0, 36430.0], [108315.0, 10480.0], [108312.5, 34940.0], [108305.0, 13150.0], [108302.5, 36940.0], [108300.0, 4110.0], [108272.5, 500.0], [108270.0, 6550.0], [108267.5, 16280.0], [108260.0, 500.0], [108257.5, 1690.0], [108255.0, 2810.0], [108252.5, 9400.0], [108247.5, 500.0], [108245.0, 1670.0], [108242.5, 13800.0]], "asks": [[108332.5, 1000.0], [108335.0, 1000.0], [108337.5, 1000.0], [108340.0, 1000.0], [108342.5, 1000.0], [108350.0, 3410.0], [108352.5, 1000.0], [108362.5, 3300.0], [108365.0, 11040.0], [108367.5, 500.0], [108370.0, 1680.0], [108372.5, 720.0], [108375.0, 2410.0], [108382.5, 160.0], [108387.5, 500.0], [108390.0, 1660.0], [108397.5, 720.0], [108400.0, 2910.0], [108402.5, 1660.0], [108437.5, 500.0]]}}}
{"jsonrpc": "2.0", "method": "subscription", "params": {"channel": "book.BTC-24OCT25.none.20.100ms", "data": {"timestamp": 1761098192674, "change_id": 123115818762, "instrument_name": "BTC-24OCT25", "bids": [[108330.0, 128630.0], [108327.5, 103570.0], [108325.0, 2570.0], [108322.5, 10430.0], [108320.0, 36430.0], [108315.0, 10480.0], [108312.5, 34940.0], [108305.0, 13150.0], [108302.5, 36940.0], [108300.0, 4110.0], [108272.5, 500.0], [108270.0, 6550.0], [108267.5, 16280.0], [108260.0, 500.0], [108257.5, 1690.0], [108255.0, 2810.0], [108252.5, 9400.0], [108247.5, 500.0], [108245.0, 1670.0], [108242.5, 13800.0]], "asks": [[108332.5, 1000.0], [108335.0, 1000.0], [108337.5, 1000.0], [108340.0, 1000.0], [108342.5, 1000.0], [108350.0, 3410.0], [108352.5, 1000.0], [108357.5, 10000.0], [108362.5, 310.0], [108365.0, 1040.0], [108367.5, 500.0], [108370.0, 1680.0], [108372.5, 720.0], [108375.0, 2410.0], [108382.5, 160.0], [108387.5, 500.0], [108390.0, 1660.0], [108397.5, 720.0], [108400.0, 2910.0], [108402.5, 1660.0]]}}}
{"jsonrpc": "2.0", "method": "subscription", "params": {"channel": "book.BTC-24OCT25.none.20.100ms", "data": {"timestamp": 1761098193970, "change_id": 123115820296, "instrument_name": "BTC-24OCT25", "bids": [[108330.0, 128630.0], [108327.5, 103570.0], [108325.0, 2570.0], [108322.5, 10430.0], [108320.0, 36430.0], [108315.0, 10480.0], [108312.5, 34940.0], [108305.0, 13150.0], [108302.5, 36940.0], [108300.0, 4110.0], [108272.5, 500.0], [108270.0, 6550.0], [108267.5, 16280.0], [108260.0, 500.0], [108257.5, 1690.0], [108255.0, 2810.0], [108252.5, 9400.0], [108247.5, 500.0], [108245.0, 1670.0], [108242.5, 13800.0]], "asks": [[108332.5, 1000.0], [108335.0, 1000.0], [108337.5, 1000.0], [108340.0, 1000.0], [108342.5, 1000.0], [108350.0, 3410.0], [108352.5, 1000.0], [108357.5, 10000.0], [108360.0, 1030.0], [108362.5, 35250.0], [108367.5, 500.0], [108370.0, 1680.0], [108372.5, 720.0], [108375.0, 2410.0], [108382.5, 160.0], [108387.5, 500.0], [108390.0, 1660.0], [108397.5, 720.0], [108400.0, 2910.0], [108402.5, 1660.0]]}}}
{"jsonrpc": "2.0", "method": "subscription", "params": {"channel": "book.BTC-24OCT25.none.20.100ms", "data": {"timestamp": 1761098194670, "change_id": 123115821121, "instrument_name": "BTC-24OCT25", "bids": [[108330.0, 128630.0], [108327.5, 14660.0], [108325.0, 2570.0], [108322.5, 10430.0], [108320.0, 36430.0], [108315.0, 10480.0], [108312.5, 34940.0], [108305.0, 13150.0], [108302.5, 36940.0], [108300.0, 4110.0], [108272.5, 500.0], [108270.0, 6550.0], [108267.5, 16280.0], [108260.0, 500.0], [108257.5, 1690.0], [108255.0, 2810.0], [108252.5, 9400.0], [108247.5, 500.0], [108245.0, 1670.0], [108242.5, 13800.0]], "asks": [[108332.5, 1000.0], [108335.0, 1000.0], [108337.5, 1000.0], [108340.0, 1000.0], [108342.5, 1000.0], [108350.0, 3410.0], [108352.5, 1000.0], [108357.5, 10000.0], [108360.0, 1030.0], [108362.5, 35250.0], [108367.5, 500.0], [108370.0, 1680.0], [108372.5, 720.0], [108375.0, 2410.0], [108382.5, 160.0], [108387.5, 500.0], [108390.0, 1660.0], [108397.5, 720.0], [108400.0, 2910.0], [108402.5, 1660.0]]}}}
{"jsonrpc": "2.0", "method": "subscription", "params": {"channel": "book.BTC-24OCT25.none.20.100ms", "data": {"timestamp": 1761098195083, "change_id": 123115821470, "instrument_name": "BTC-24OCT25", "bids": [[108330.0, 128630.0], [108327.5, 14660.0], [108325.0, 2570.0], [108322.5, 10430.0], [108320.0, 36430.0], [108315.0, 10480.0], [108312.5, 34940.0], [108305.0, 13150.0], [108302.5, 36940.0], [108300.0, 4110.0], [108272.5, 500.0], [108270.0, 6550.0], [108267.5, 16280.0], [108260.0, 500.0], [108257.5, 1690.0], [108255.0, 2810.0], [108252.5, 9400.0], [108247.5, 500.0], [108245.0, 1670.0], [108242.5, 13800.0]], "asks": [[108332.5, 1000.0], [108335.0, 1000.0], [108337.5, 1000.0], [108340.0, 1000.0], [108342.5, 1000.0], [108350.0, 3410.0], [108352.5, 1000.0], [108357.5, 11680.0], [108360.0, 1030.0], [108362.5, 35250.0], [108367.5, 500.0], [108370.0, 1680.0], [108372.5, 720.0], [108375.0, 2410.0], [108382.5, 160.0], [108387.5, 500.0], [108390.0, 1660.0], [108397.5, 720.0], [108400.0, 2910.0], [108402.5, 1660.0]]}}}
{"jsonrpc": "2.0", "method": "subscription", "params": {"channel": "book.BTC-24OCT25.none.20.100ms", "data": {"timestamp": 1761098195439, "change_id": 123115821954, "instrument_name": "BTC-24OCT25", "bids": [[108330.0, 128660.0], [108327.5, 10770.0], [108325.0, 2570.0], [108322.5, 10430.0], [108320.0, 36430.0], [108315.0, 10480.0], [108312.5, 34940.0], [108305.0, 13150.0], [108302.5, 36940.0], [108300.0, 4110.0], [108272.5, 500.0], [108270.0, 6550.0], [108267.5, 16280.0], [108260.0, 500.0], [108257.5, 1690.0], [108255.0, 2810.0], [108252.5, 9400.0], [108247.5, 500.0], [108245.0, 1670.0], [108242.5, 13800.0]], "asks": [[108332.5, 1000.0], [108335.0, 1000.0], [108337.5, 1000.0], [108340.0, 1000.0], [108342.5, 1000.0], [108345.0, 2410.0], [108350.0, 1000.0], [108352.5, 1000.0], [108355.0, 1030.0], [108357.5, 11680.0], [108360.0, 10430.0], [108362.5, 34940.0], [108367.5, 500.0], [108370.0, 1680.0], [108372.5, 720.0], [108375.0, 2410.0], [108382.5, 160.0], [108387.5, 500.0], [108390.0, 1660.0], [108397.5, 720.0]]}}}
{"jsonrpc": "2.0", "method": "subscription", "params": {"channel": "book.BTC-24OCT25.none.20.100ms", "data": {"timestamp": 1761098195728, "change_id": 123115822687, "instrument_name": "BTC-24OCT25", "bids": [[108330.0, 131070.0], [108327.5, 10770.0], [108325.0, 2570.0], [108322.5, 9980.0], [108320.0, 34940.0], [108315.0, 10480.0], [108312.5, 34940.0], [108305.0, 12250.0], [108302.5, 36940.0], [108300.0, 4110.0], [108272.5, 500.0], [108270.0, 6550.0], [108267.5, 16280.0], [108260.0, 500.0], [108257.5, 1690.0], [108255.0, 2810.0], [108252.5, 9400.0], [108247.5, 500.0], [108245.0, 1670.0], [108242.5, 13800.0]], "asks": [[108332.5, 1000.0], [108335.0, 1000.0], [108337.5, 1000.0], [108340.0, 3410.0], [108342.5, 1000.0], [108350.0, 11000.0], [108352.5, 1000.0], [108355.0, 1530.0], [108357.5, 1680.0], [108360.0, 10430.0], [108362.5, 34940.0], [108367.5, 500.0], [108370.0, 1680.0], [108372.5, 720.0], [108375.0, 2410.0], [108382.5, 160.0], [108390.0, 1660.0], [108397.5, 720.0], [108400.0, 2410.0], [108402.5, 1660.0]]}}}
{"jsonrpc": "2.0", "method": "subscription", "params": {"channel": "book.BTC-24OCT25.none.20.100ms", "data": {"timestamp": 1761098196136, "change_id": 123115823151, "instrument_name": "BTC-24OCT25", "bids": [[108330.0, 131070.0], [108327.5, 97430.0], [108325.0, 2570.0], [108322.5, 9980.0], [108320.0, 34940.0], [108315.0, 10480.0], [108312.5, 34940.0], [108305.0, 12250.0], [108302.5, 36940.0], [108300.0, 4110.0], [108272.5, 500.0], [108270.0, 6550.0], [108267.5, 16280.0], [108260.0, 500.0], [108257.5, 1690.0], [108255.0, 2810.0], [108252.5, 9400.0], [108247.5, 500.0], [108245.0, 1670.0], [108242.5, 13800.0]], "asks": [[108332.5, 1000.0], [108335.0, 1000.0], [108337.5, 1000.0], [108340.0, 1000.0], [108342.5, 1000.0], [108345.0, 2410.0], [108350.0, 11000.0], [108352.5, 1000.0], [108355.0, 810.0], [108357.5, 1680.0], [108360.0, 11770.0], [108362.5, 34940.0], [108365.0, 1030.0], [108367.5, 500.0], [108370.0, 1680.0], [108372.5, 720.0], [108375.0, 2410.0], [108382.5, 160.0], [108390.0, 1660.0], [108397.5, 720.0]]}}}
{"jsonrpc": "2.0", "method": "subscription", "params": {"channel": "book.BTC-24OCT25.none.20.100ms", "data": {"timestamp": 1761098196334, "change_id": 123115823347, "instrument_name": "BTC-24OCT25", "bids": [[108330.0, 131070.0], [108327.5, 97430.0], [108325.0, 2570.0], [108322.5, 9980.0], [108320.0, 34940.0], [108315.0, 10480.0], [108312.5, 34940.0], [108305.0, 12250.0], [108302.5, 36940.0], [108300.0, 4110.0], [108272.5, 500.0], [108270.0, 6550.0], [108267.5, 16280.0], [108260.0, 500.0], [108257.5, 1690.0], [108255.0, 2810.0], [108252.5, 9400.0], [108247.5, 500.0], [108245.0, 1670.0], [108242.5, 13800.0]], "asks": [[108332.5, 1000.0], [108335.0, 1000.0], [108337.5, 1000.0], [108340.0, 1000.0], [108342.5, 1000.0], [108345.0, 2410.0], [108350.0, 11000.0], [108352.5, 1000.0], [108355.0, 310.0], [108360.0, 11770.0], [108362.5, 34940.0], [108367.5, 500.0], [108370.0, 1680.0], [108372.5, 720.0], [108375.0, 2410.0], [108382.5, 160.0], [108390.0, 1660.0], [108397.5, 720.0], [108400.0, 2410.0], [108402.5, 1660.0]]}}}
{"jsonrpc": "2.0", "method": "subscription", "params": {"channel": "book.BTC-24OCT25.none.20.100ms", "data": {"timestamp": 1761098196806, "change_id": 123115824151, "instrument_name": "BTC-24OCT25", "bids": [[108330.0, 140470.0], [108327.5, 97430.0], [108325.0, 2570.0], [108322.5, 9980.0], [108320.0, 34940.0], [108315.0, 10480.0], [108312.5, 34940.0], [108305.0, 12250.0], [108302.5, 36940.0], [108300.0, 4110.0], [108272.5, 500.0], [108270.0, 6550.0], [108267.5, 16280.0], [108260.0, 500.0], [108257.5, 1690.0], [108247.5, 500.0], [108245.0, 1670.0], [108242.5, 13800.0], [108240.0, 61170.0], [108237.5, 50000.0]], "asks": [[108332.5, 1000.0], [108335.0, 1000.0], [108337.5, 1000.0], [108340.0, 1000.0], [108342.5, 1000.0], [108345.0, 2410.0], [108350.0, 11000.0], [108352.5, 1000.0], [108357.5, 1680.0], [108362.5, 34940.0], [108370.0, 1680.0], [108375.0, 2410.0], [108382.5, 160.0], [108390.0, 1660.0], [108400.0, 2410.0], [108402.5, 1660.0], [108440.0, 1670.0], [108447.5, 5000.0], [108462.5, 490.0], [108465.0, 1640.0]]}}}
{"jsonrpc": "2.0", "method": "subscription", "params": {"channel": "book.BTC-24OCT25.none.20.100ms", "data": {"timestamp": 1761098197075, "change_id": 123115825178, "instrument_name": "BTC-24OCT25", "bids": [[108330.0, 138060.0], [108327.5, 97430.0], [108325.0, 160.0], [108322.5, 9980.0], [108320.0, 34940.0], [108315.0, 10480.0], [108312.5, 34940.0], [108305.0, 12250.0], [108302.5, 34940.0], [108300.0, 4110.0], [108272.5, 500.0], [108270.0, 6550.0], [108267.5, 16280.0], [108260.0, 500.0], [108257.5, 1690.0], [108247.5, 500.0], [108245.0, 1670.0], [108242.5, 13800.0], [108240.0, 61170.0], [108237.5, 50000.0]], "asks": [[108332.5, 1000.0], [108335.0, 1000.0], [108337.5, 1000.0], [108340.0, 1000.0], [108342.5, 1000.0], [108350.0, 1000.0], [108352.5, 1000.0], [108365.0, 1030.0], [108367.5, 10000.0], [108370.0, 1680.0], [108382.5, 160.0], [108387.5, 500.0], [108390.0, 1660.0], [108400.0, 500.0], [108402.5, 1660.0], [108437.5, 500.0], [108440.0, 1670.0], [108447.5, 5000.0], [108462.5, 490.0], [108465.0, 1640.0]]}}}
{"jsonrpc": "2.0", "method": "subscription", "params": {"channel": "book.BTC-24OCT25.none.20.100ms", "data": {"timestamp": 1761098197428, "change_id": 123115825656, "instrument_name": "BTC-24OCT25", "bids": [[108330.0, 140470.0], [108327.5, 10770.0], [108325.0, 2570.0], [108322.5, 9980.0], [108320.0, 34940.0], [108315.0, 10480.0], [108312.5, 34940.0], [108305.0, 12250.0], [108302.5, 36940.0], [108300.0, 4110.0], [108272.5, 500.0], [108270.0, 6550.0], [108267.5, 16280.0], [108260.0, 500.0], [108257.5, 1690.0], [108247.5, 500.0], [108245.0, 1670.0], [108242.5, 13800.0], [108240.0, 61170.0], [108237.5, 50000.0]], "asks": [[108332.5, 1000.0], [108335.0, 1000.0], [108337.5, 1000.0], [108340.0, 1000.0], [108342.5, 1000.0], [108350.0, 1000.0], [108352.5, 3410.0], [108360.0, 1030.0], [108365.0, 3490.0], [108367.5, 10000.0], [108370.0, 1680.0], [108372.5, 720.0], [108375.0, 2410.0], [108382.5, 160.0], [108387.5, 500.0], [108390.0, 1660.0], [108397.5, 720.0], [108400.0, 2910.0], [108402.5, 1660.0], [108437.5, 500.0]]}}}
{"jsonrpc": "2.0", "method": "subscription", "params": {"channel": "book.BTC-24OCT25.none.20.100ms", "data": {"timestamp": 1761098197770, "change_id": 123115826350, "instrument_name": "BTC-24OCT25", "bids": [[108330.0, 140470.0], [108327.5, 10770.0], [108325.0, 2570.0], [108322.5, 9980.0], [108320.0, 34940.0], [108315.0, 10480.0], [108312.5, 34940.0], [108305.0, 12250.0], [108302.5, 36940.0], [108300.0, 4110.0], [108272.5, 500.0], [108270.0, 6550.0], [108267.5, 16280.0], [108260.0, 500.0], [108257.5, 1690.0], [108247.5, 500.0], [108245.0, 1670.0], [108242.5, 13800.0], [108240.0, 61170.0], [108237.5, 50000.0]], "asks": [[108332.5, 1000.0], [108335.0, 1000.0], [108337.5, 1000.0], [108340.0, 1000.0], [108342.5, 1000.0], [108350.0, 1000.0], [108352.5, 3410.0], [108360.0, 1030.0], [108362.5, 34940.0], [108365.0, 3490.0], [108367.5, 10000.0], [108370.0, 1680.0], [108372.5, 720.0], [108375.0, 2410.0], [108382.5, 160.0], [108387.5, 500.0], [108390.0, 1660.0], [108397.5, 720.0], [108400.0, 2910.0], [108402.5, 1660.0]]}}}
{"jsonrpc": "2.0", "method": "subscription", "params": {"channel": "book.BTC-24OCT25.none.20.100ms", "data": {"timestamp": 1761098198089, "change_id": 123115826768, "instrument_name": "BTC-24OCT25", "bids": [[108330.0, 140470.0], [108327.5, 10770.0], [108325.0, 2570.0], [108322.5, 9980.0], [108320.0, 34940.0], [108315.0, 10480.0], [108312.5, 34940.0], [108305.0, 12250.0], [108302.5, 36940.0], [108300.0, 4110.0], [108277.5, 7600.0], [108275.0, 25460.0], [108272.5, 500.0], [108270.0, 6550.0], [108267.5, 16280.0], [108260.0, 500.0], [108257.5, 1690.0], [108247.5, 500.0], [108245.0, 1670.0], [108242.5, 13800.0]], "asks": [[108332.5, 1000.0], [108335.0, 1000.0], [108337.5, 1000.0], [108340.0, 1000.0], [108342.5, 1000.0], [108350.0, 1000.0], [108352.5, 1000.0], [108360.0, 1030.0], [108362.5, 34940.0], [108365.0, 3490.0], [108367.5, 10000.0], [108370.0, 1680.0], [108372.5, 720.0], [108375.0, 2410.0], [108382.5, 160.0], [108387.5, 500.0], [108390.0, 1660.0], [108397.5, 720.0], [108400.0, 2910.0], [108402.5, 1660.0]]}}}
{"jsonrpc": "2.0", "method": "subscription", "params": {"channel": "book.BTC-24OCT25.none.20.100ms", "data": {"timestamp": 1761098198392, "change_id": 123115827065, "instrument_name": "BTC-24OCT25", "bids": [[108330.0, 140470.0], [108327.5, 10770.0], [108325.0, 2570.0], [108322.5, 9980.0], [108320.0, 34940.0], [108315.0, 10480.0], [108312.5, 34940.0], [108305.0, 12250.0], [108302.5, 36940.0], [108300.0, 4110.0], [108277.5, 7600.0], [108275.0, 25460.0], [108272.5, 500.0], [108270.0, 6550.0], [108267.5, 16280.0], [108260.0, 500.0], [108257.5, 1690.0], [108247.5, 500.0], [108245.0, 1670.0], [108242.5, 13800.0]], "asks": [[108332.5, 1000.0], [108335.0, 1000.0], [108337.5, 1000.0], [108340.0, 1000.0], [108342.5, 1000.0], [108350.0, 1000.0], [108352.5, 1000.0], [108365.0, 4520.0], [108367.5, 10000.0], [108370.0, 1680.0], [108372.5, 720.0], [108375.0, 2410.0], [108382.5, 160.0], [108387.5, 500.0], [108390.0, 1660.0], [108397.5, 720.0], [108400.0, 2910.0], [108402.5, 1660.0], [108437.5, 500.0], [108440.0, 1670.0]]}}}
{"jsonrpc": "2.0", "method": "subscription", "params": {"channel": "book.BTC-24OCT25.none.20.100ms", "data": {"timestamp": 1761098198777, "change_id": 123115827992, "instrument_name": "BTC-24OCT25", "bids": [[108330.0, 140470.0], [108327.5, 10770.0], [108325.0, 2570.0], [108322.5, 9980.0], [108320.0, 34940.0], [108315.0, 10480.0], [108312.5, 34940.0], [108305.0, 12250.0], [108302.5, 36940.0], [108300.0, 4110.0], [108277.5, 7600.0], [108275.0, 25460.0], [108272.5, 500.0], [108270.0, 6550.0], [108267.5, 16280.0], [108260.0, 500.0], [108257.5, 1690.0], [108247.5, 500.0], [108245.0, 1670.0], [108242.5, 13800.0]], "asks": [[108332.5, 1000.0], [108335.0, 1000.0], [108337.5, 1000.0], [108340.0, 1000.0], [108342.5, 1000.0], [108345.0, 2410.0], [108350.0, 1000.0], [108352.5, 1000.0], [108357.5, 3290.0], [108360.0, 21460.0], [108362.5, 34940.0], [108367.5, 500.0], [108370.0, 1680.0], [108372.5, 720.0], [108375.0, 2410.0], [108382.5, 160.0], [108387.5, 500.0], [108390.0, 1660.0], [108397.5, 720.0], [108400.0, 2910.0]]}}}
{"jsonrpc": "2.0", "method": "subscription", "params": {"channel": "book.BTC-24OCT25.none.20.100ms", "data": {"timestamp": 1761098199105, "change_id": 123115828323, "instrument_name": "BTC-24OCT25", "bids": [[108330.0, 140470.0], [108327.5, 10770.0], [108325.0, 2570.0], [108322.5, 9980.0], [108320.0, 34940.0], [108315.0, 10480.0], [108312.5, 34940.0], [108305.0, 12250.0], [108302.5, 36940.0], [108300.0, 4110.0], [108277.5, 7600.0], [108275.0, 25460.0], [108272.5, 500.0], [108270.0, 6550.0], [108267.5, 16280.0], [108260.0, 500.0], [108257.5, 1690.0], [108247.5, 500.0], [108245.0, 1670.0], [108242.5, 13800.0]], "asks": [[108332.5, 1000.0], [108335.0, 1000.0], [108337.5, 1000.0], [108340.0, 1000.0], [108342.5, 1000.0], [108345.0, 2410.0], [108350.0, 1000.0], [108352.5, 1000.0], [108355.0, 1030.0], [108357.5, 4970.0], [108360.0, 21460.0], [108362.5, 34940.0], [108367.5, 500.0], [108370.0, 1680.0], [108372.5, 720.0], [108375.0, 2410.0], [108382.5, 160.0], [108387.5, 500.0], [108390.0, 1660.0], [108397.5, 720.0]]}}}
{"jsonrpc": "2.0", "method": "subscription", "params": {"channel": "book.BTC-24OCT25.none.20.100ms", "data": {"timestamp": 1761098199422, "change_id": 123115829061, "instrument_name": "BTC-24OCT25", "bids": [[108330.0, 138060.0], [108327.5, 10000.0], [108325.0, 160.0], [108322.5, 10430.0], [108320.0, 34940.0], [108315.0, 10430.0], [108312.5, 34940.0], [108305.0, 12250.0], [108302.5, 36940.0], [108300.0, 4110.0], [108277.5, 7600.0], [108275.0, 25460.0], [108272.5, 500.0], [108270.0, 6550.0], [108267.5, 16280.0], [108260.0, 500.0], [108257.5, 1690.0], [108247.5, 500.0], [108245.0, 1670.0], [108240.0, 61170.0]], "asks": [[108332.5, 1000.0], [108335.0, 1000.0], [108337.5, 1000.0], [108340.0, 3410.0], [108342.5, 1000.0], [108350.0, 1000.0], [108352.5, 1000.0], [108360.0, 10430.0], [108362.5, 34940.0], [108365.0, 10000.0], [108367.5, 500.0], [108370.0, 1680.0], [108372.5, 720.0], [108375.0, 2410.0], [108382.5, 160.0], [108390.0, 1660.0], [108400.0, 2410.0], [108402.5, 1660.0], [108440.0, 1670.0], [108445.0, 1490.0]]}}}
{"jsonrpc": "2.0", "method": "subscription", "params": {"channel": "book.BTC-24OCT25.none.20.100ms", "data": {"timestamp": 1761098199785, "change_id": 123115829845, "instrument_name": "BTC-24OCT25", "bids": [[108330.0, 140470.0], [108327.5, 10770.0], [108325.0, 2570.0], [108322.5, 10430.0], [108320.0, 34940.0], [108315.0, 10430.0], [108312.5, 34940.0], [108305.0, 12250.0], [108302.5, 36940.0], [108300.0, 4110.0], [108292.5, 14930.0], [108290.0, 50000.0], [108277.5, 7600.0], [108275.0, 25460.0], [108272.5, 500.0], [108270.0, 6550.0], [108267.5, 16280.0], [108260.0, 500.0], [108257.5, 1690.0], [108247.5, 500.0]], "asks": [[108332.5, 1000.0], [108335.0, 1000.0], [108337.5, 1000.0], [108340.0, 1000.0], [108342.5, 1000.0], [108350.0, 3410.0], [108352.5, 1000.0], [108360.0, 1030.0], [108362.5, 37930.0], [108365.0, 10000.0], [108367.5, 500.0], [108370.0, 1680.0], [108372.5, 720.0], [108375.0, 2410.0], [108382.5, 160.0], [108387.5, 500.0], [108390.0, 1660.0], [108400.0, 2410.0], [108402.5, 1660.0], [108440.0, 1670.0]]}}}
{"jsonrpc": "2.0", "method": "subscription", "params": {"channel": "book.BTC-24OCT25.none.20.100ms", "data": {"timestamp": 1761098199830, "change_id": 123115830004, "instrument_name": "BTC-24OCT25", "bids": [[108330.0, 140470.0], [108327.5, 10770.0], [108325.0, 2570.0], [108322.5, 10430.0], [108320.0, 34940.0], [108315.0, 10430.0], [108312.5, 34940.0], [108305.0, 12250.0], [108302.5, 36940.0], [108300.0, 4110.0], [108292.5, 14930.0], [108290.0, 50000.0], [108277.5, 7600.0], [108275.0, 25460.0], [108272.5, 500.0], [108270.0, 6550.0], [108267.5, 16280.0], [108260.0, 500.0], [108257.5, 1690.0], [108247.5, 500.0]], "asks": [[108332.5, 1000.0], [108335.0, 1000.0], [108337.5, 1000.0], [108340.0, 1000.0], [108342.5, 1000.0], [108350.0, 3410.0], [108352.5, 1000.0], [108360.0, 1030.0], [108362.5, 34940.0], [108365.0, 10000.0], [108367.5, 500.0], [108370.0, 1680.0], [108372.5, 720.0], [108375.0, 2410.0], [108382.5, 160.0], [108387.5, 500.0], [108390.0, 1660.0], [108400.0, 2410.0], [108402.5, 1660.0], [108440.0, 1670.0]]}}}
{"jsonrpc": "2.0", "method": "subscription", "params": {"channel": "book.BTC-24OCT25.none.20.100ms", "data": {"timestamp": 1761098200446, "change_id": 123115832887, "instrument_name": "BTC-24OCT25", "bids": [[108355.0, 1680.0], [108347.5, 90000.0], [108345.0, 47350.0], [108342.5, 86830.0], [108340.0, 86670.0], [108337.5, 34940.0], [108332.5, 11750.0], [108330.0, 19350.0], [108327.5, 34940.0], [108325.0, 2410.0], [108302.5, 2000.0], [108300.0, 4110.0], [108290.0, 50000.0], [108270.0, 1690.0], [108257.5, 1690.0], [108245.0, 1670.0], [108240.0, 46240.0], [108232.5, 1670.0], [108212.5, 1660.0], [108202.5, 40.0]], "asks": [[108362.5, 1000.0], [108385.0, 1030.0], [108387.5, 34940.0], [108390.0, 1660.0], [108392.5, 34940.0], [108400.0, 2410.0], [108402.5, 1820.0], [108420.0, 10000.0], [108440.0, 1670.0], [108447.5, 5000.0], [108477.5, 1640.0], [108482.5, 20.0], [108490.0, 1700.0], [108515.0, 1640.0], [108520.0, 2350.0], [108527.5, 1650.0], [108547.5, 1900.0], [108552.5, 1670.0], [108577.5, 1680.0], [108580.0, 41830.0]]}}}
{"jsonrpc": "2.0", "method": "subscription", "params": {"channel": "book.BTC-24OCT25.none.20.100ms", "data": {"timestamp": 1761098200782, "change_id": 123115835061, "instrument_name": "BTC-24OCT25", "bids": [[108367.5, 5940.0], [108365.0, 2410.0], [108357.5, 13410.0], [108355.0, 44940.0], [108350.0, 2410.0], [108347.5, 90000.0], [108345.0, 34940.0], [108342.5, 86830.0], [108340.0, 86670.0], [108337.5, 34940.0], [108335.0, 11750.0], [108330.0, 16360.0], [108325.0, 2410.0], [108302.5, 2000.0], [108300.0, 1700.0], [108290.0, 50000.0], [108270.0, 1690.0], [108257.5, 1690.0], [108245.0, 1670.0], [108240.0, 46240.0]], "asks": [[108370.0, 4180.0], [108372.5, 1770.0], [108382.5, 36620.0], [108390.0, 10740.0], [108392.5, 34940.0], [108395.0, 1030.0], [108400.0, 2410.0], [108402.5, 1820.0], [108405.0, 34940.0], [108407.5, 1030.0], [108410.0, 10000.0], [108415.0, 1680.0], [108425.0, 2410.0], [108440.0, 1670.0], [108447.5, 5000.0], [108452.5, 1680.0], [108470.0, 1990.0], [108477.5, 1640.0], [108482.5, 20.0], [108490.0, 1700.0]]}}}
{"jsonrpc": "2.0", "method": "subscription", "params": {"channel": "book.BTC-24OCT25.none.20.100ms", "data": {"timestamp": 1761098201038, "change_id": 123115835637, "instrument_name": "BTC-24OCT25", "bids": [[108367.5, 15610.0], [108365.0, 2410.0], [108357.5, 13410.0], [108355.0, 45100.0], [108352.5, 720.0], [108350.0, 39700.0], [108347.5, 90000.0], [108345.0, 86730.0], [108342.5, 98420.0], [108340.0, 100610.0], [108337.5, 34940.0], [108332.5, 4880.0], [108330.0, 16360.0], [108327.5, 720.0], [108325.0, 2410.0], [108305.0, 1100.0], [108302.5, 2000.0], [108300.0, 1700.0], [108292.5, 14930.0], [108290.0, 50000.0]], "asks": [[108370.0, 4180.0], [108380.0, 10930.0], [108382.5, 36620.0], [108390.0, 10740.0], [108392.5, 34940.0], [108397.5, 3610.0], [108400.0, 12410.0], [108402.5, 12250.0], [108405.0, 35250.0], [108407.5, 1030.0], [108412.5, 500.0], [108415.0, 1680.0], [108422.5, 720.0], [108425.0, 2410.0], [108437.5, 500.0], [108440.0, 1670.0], [108445.0, 1490.0], [108447.5, 5000.0], [108450.0, 500.0], [108452.5, 1680.0]]}}}
{"jsonrpc": "2.0", "method": "subscription", "params": {"channel": "book.BTC-24OCT25.none.20.100ms", "data": {"timestamp": 1761098201399, "change_id": 123115836694, "instrument_name": "BTC-24OCT25", "bids": [[108367.5, 15610.0], [108365.0, 2410.0], [108357.5, 13410.0], [108355.0, 45100.0], [108352.5, 4060.0], [108350.0, 51450.0], [108347.5, 90000.0], [108345.0, 34940.0], [108340.0, 13940.0], [108337.5, 34940.0], [108332.5, 4880.0], [108330.0, 16360.0], [108327.5, 720.0], [108325.0, 2410.0], [108305.0, 1100.0], [108302.5, 2000.0], [108300.0, 1700.0], [108292.5, 14930.0], [108290.0, 50000.0], [108272.5, 500.0]], "asks": [[108370.0, 4180.0], [108380.0, 10930.0], [108382.5, 36620.0], [108390.0, 10740.0], [108392.5, 35970.0], [108397.5, 3610.0], [108400.0, 12410.0], [108402.5, 12250.0], [108405.0, 34940.0], [108412.5, 500.0], [108415.0, 1680.0], [108422.5, 720.0], [108425.0, 2410.0], [108437.5, 500.0], [108440.0, 1670.0], [108445.0, 1490.0], [108447.5, 5000.0], [108450.0, 500.0], [108452.5, 1680.0], [108467.5, 590.0]]}}}
{"jsonrpc": "2.0", "method": "subscription", "params": {"channel": "book.BTC-24OCT25.none.20.100ms", "data": {"timestamp": 1761098201750, "change_id": 123115837556, "instrument_name": "BTC-24OCT25", "bids": [[108367.5, 15610.0], [108365.0, 2410.0], [108357.5, 13410.0], [108355.0, 45100.0], [108352.5, 720.0], [108350.0, 39700.0], [108347.5, 90000.0], [108345.0, 34940.0], [108340.0, 13940.0], [108337.5, 34940.0], [108332.5, 4880.0], [108330.0, 16360.0], [108327.5, 720.0], [108325.0, 2410.0], [108305.0, 1100.0], [108302.5, 2000.0], [108300.0, 1700.0], [108292.5, 14930.0], [108290.0, 50000.0], [108272.5, 500.0]], "asks": [[108370.0, 1770.0], [108382.5, 36620.0], [108390.0, 10740.0], [108392.5, 35970.0], [108397.5, 3610.0], [108400.0, 12410.0], [108402.5, 12250.0], [108405.0, 34940.0], [108412.5, 500.0], [108415.0, 1680.0], [108422.5, 720.0], [108425.0, 2410.0], [108437.5, 500.0], [108440.0, 1670.0], [108445.0, 1490.0], [108447.5, 5000.0], [108450.0, 500.0], [108452.5, 1680.0], [108467.5, 590.0], [108470.0, 1990.0]]}}}
{"jsonrpc": "2.0", "method": "subscription", "params": {"channel": "book.BTC-24OCT25.none.20.100ms", "data": {"timestamp": 1761098202095, "change_id": 123115838377, "instrument_name": "BTC-24OCT25", "bids": [[108377.5, 1690.0], [108370.0, 14090.0], [108367.5, 37930.0], [108365.0, 2410.0], [108360.0, 39340.0], [108357.5, 86680.0], [108355.0, 71690.0], [108352.5, 86680.0], [108350.0, 39700.0], [108347.5, 90000.0], [108345.0, 34940.0], [108332.5, 4880.0], [108330.0, 16360.0], [108327.5, 720.0], [108325.0, 2410.0], [108305.0, 1100.0], [108302.5, 2000.0], [108300.0, 1700.0], [108292.5, 14930.0], [108290.0, 50000.0]], "asks": [[108380.0, 9180.0], [108385.0, 10870.0], [108387.5, 1690.0], [108390.0, 34940.0], [108397.5, 3610.0], [108400.0, 12410.0], [108402.5, 13280.0], [108405.0, 34940.0], [108407.5, 10430.0], [108410.0, 34940.0], [108412.5, 500.0], [108415.0, 1680.0], [108422.5, 720.0], [108425.0, 2410.0], [108437.5, 500.0], [108440.0, 1670.0], [108445.0, 1490.0], [108447.5, 5000.0], [108450.0, 500.0], [108452.5, 1680.0]]}}}
{"jsonrpc": "2.0", "method": "subscription", "params": {"channel": "book.BTC-24OCT25.none.20.100ms", "data": {"timestamp": 1761098202419, "change_id": 123115838722, "instrument_name": "BTC-24OCT25", "bids": [[108372.5, 1690.0], [108370.0, 2120.0], [108367.5, 2990.0], [108365.0, 17130.0], [108362.5, 44940.0], [108360.0, 39340.0], [108357.5, 86680.0], [108355.0, 61690.0], [108352.5, 86680.0], [108350.0, 39700.0], [108347.5, 90000.0], [108345.0, 34940.0], [108332.5, 4880.0], [108330.0, 16360.0], [108327.5, 720.0], [108325.0, 2410.0], [108305.0, 1100.0], [108302.5, 2000.0], [108300.0, 1700.0], [108292.5, 14930.0]], "asks": [[108375.0, 7180.0], [108380.0, 6000.0], [108385.0, 10870.0], [108387.5, 1690.0], [108390.0, 47970.0], [108392.5, 10000.0], [108395.0, 34940.0], [108397.5, 1750.0], [108400.0, 2410.0], [108402.5, 13280.0], [108405.0, 34940.0], [108412.5, 500.0], [108415.0, 1680.0], [108422.5, 720.0], [108425.0, 2410.0], [108437.5, 500.0], [108440.0, 1670.0], [108445.0, 1490.0], [108447.5, 5000.0], [108450.0, 500.0]]}}}
{"jsonrpc": "2.0", "method": "subscription", "params": {"channel": "book.BTC-24OCT25.none.20.100ms", "data": {"timestamp": 1761098202629, "change_id": 123115839432, "instrument_name": "BTC-24OCT25", "bids": [[108372.5, 11360.0], [108370.0, 2120.0], [108367.5, 2990.0], [108365.0, 15440.0], [108362.5, 44940.0], [108360.0, 39340.0], [108357.5, 86680.0], [108355.0, 61690.0], [108352.5, 86680.0], [108350.0, 39700.0], [108347.5, 90000.0], [108345.0, 34940.0], [108332.5, 4880.0], [108330.0, 16360.0], [108327.5, 720.0], [108325.0, 2410.0], [108305.0, 1100.0], [108302.5, 2000.0], [108300.0, 1700.0], [108292.5, 14930.0]], "asks": [[108375.0, 7180.0], [108380.0, 6000.0], [108385.0, 10870.0], [108387.5, 1690.0], [108390.0, 47970.0], [108392.5, 10000.0], [108395.0, 34940.0], [108397.5, 1750.0], [108400.0, 2410.0], [108402.5, 12250.0], [108405.0, 34940.0], [108412.5, 500.0], [108415.0, 1680.0], [108422.5, 720.0], [108425.0, 2410.0], [108437.5, 500.0], [108440.0, 1670.0], [108445.0, 1490.0], [108447.5, 5000.0], [108450.0, 500.0]]}}}
{"jsonrpc": "2.0", "method": "subscription", "params": {"channel": "book.BTC-24OCT25.none.20.100ms", "data": {"timestamp": 1761098203008, "change_id": 123115839858, "instrument_name": "BTC-24OCT25", "bids": [[108372.5, 9670.0], [108370.0, 2120.0], [108367.5, 2990.0], [108365.0, 15440.0], [108362.5, 44940.0], [108360.0, 41030.0], [108357.5, 86680.0], [108355.0, 61690.0], [108352.5, 86680.0], [108350.0, 39700.0], [108347.5, 90000.0], [108345.0, 34940.0], [108332.5, 4880.0], [108330.0, 16360.0], [108327.5, 720.0], [108325.0, 2410.0], [108305.0, 1100.0], [108302.5, 2000.0], [108300.0, 1700.0], [108292.5, 14930.0]], "asks": [[108375.0, 7180.0], [108380.0, 6000.0], [108385.0, 20870.0], [108387.5, 1690.0], [108390.0, 47970.0], [108395.0, 34940.0], [108397.5, 1750.0], [108400.0, 2410.0], [108402.5, 12250.0], [108405.0, 34940.0], [108412.5, 500.0], [108415.0, 1680.0], [108422.5, 720.0], [108425.0, 2410.0], [108437.5, 500.0], [108440.0, 1670.0], [108445.0, 1490.0], [108447.5, 5000.0], [108450.0, 500.0], [108452.5, 1680.0]]}}}
{"jsonrpc": "2.0", "method": "subscription", "params": {"channel": "book.BTC-24OCT25.none.20.100ms", "data": {"timestamp": 1761098203344, "change_id": 123115840022, "instrument_name": "BTC-24OCT25", "bids": [[108372.5, 9670.0], [108370.0, 2120.0], [108367.5, 2990.0], [108365.0, 15440.0], [108362.5, 44940.0], [108360.0, 41030.0], [108357.5, 86680.0], [108355.0, 61690.0], [108352.5, 86680.0], [108350.0, 39700.0], [108347.5, 90000.0], [108345.0, 34940.0], [108332.5, 4880.0], [108330.0, 16360.0], [108327.5, 720.0], [108325.0, 2410.0], [108305.0, 1100.0], [108302.5, 2000.0], [108300.0, 1700.0], [108292.5, 14930.0]], "asks": [[108375.0, 7180.0], [108380.0, 6000.0], [108385.0, 20870.0], [108387.5, 1690.0], [108390.0, 47970.0], [108395.0, 34940.0], [108397.5, 1750.0], [108400.0, 2410.0], [108402.5, 12250.0], [108405.0, 34940.0], [108412.5, 500.0], [108415.0, 1680.0], [108422.5, 720.0], [108425.0, 2410.0], [108437.5, 500.0], [108440.0, 1670.0], [108445.0, 1490.0], [108447.5, 5000.0], [108450.0, 500.0], [108452.5, 1680.0]]}}}
{"jsonrpc": "2.0", "method": "subscription", "params": {"channel": "book.BTC-24OCT25.none.20.100ms", "data": {"timestamp": 1761098203729, "change_id": 123115840727, "instrument_name": "BTC-24OCT25", "bids": [[108372.5, 9670.0], [108370.0, 2120.0], [108367.5, 2990.0], [108365.0, 15440.0], [108362.5, 34940.0], [108360.0, 41030.0], [108357.5, 86680.0], [108355.0, 61690.0], [108352.5, 96680.0], [108350.0, 39700.0], [108347.5, 90000.0], [108345.0, 34940.0], [108332.5, 4880.0], [108330.0, 16360.0], [108327.5, 720.0], [108325.0, 2410.0], [108305.0, 1100.0], [108302.5, 2000.0], [108300.0, 1700.0], [108292.5, 14930.0]], "asks": [[108375.0, 8870.0], [108377.5, 4780.0], [108380.0, 6000.0], [108385.0, 20870.0], [108387.5, 1690.0], [108390.0, 47970.0], [108395.0, 34940.0], [108397.5, 1750.0], [108400.0, 2410.0], [108402.5, 12250.0], [108405.0, 34940.0], [108412.5, 500.0], [108415.0, 1680.0], [108422.5, 720.0], [108425.0, 2410.0], [108437.5, 500.0], [108440.0, 1670.0], [108445.0, 1490.0], [108447.5, 5000.0], [108450.0, 500.0]]}}}
{"jsonrpc": "2.0", "method": "subscription", "params": {"channel": "book.BTC-24OCT25.none.20.100ms", "data": {"timestamp": 1761098204032, "change_id": 123115841228, "instrument_name": "BTC-24OCT25", "bids": [[108372.5, 9670.0], [108370.0, 890.0], [108367.5, 2990.0], [108365.0, 13030.0], [108362.5, 37290.0], [108360.0, 43440.0], [108357.5, 86680.0], [108355.0, 61690.0], [108352.5, 96680.0], [108350.0, 37290.0], [108347.5, 90000.0], [108345.0, 34940.0], [108332.5, 4880.0], [108330.0, 16360.0], [108327.5, 720.0], [108325.0, 2410.0], [108305.0, 1680.0], [108302.5, 2000.0], [108300.0, 4110.0], [108292.5, 14930.0]], "asks": [[108375.0, 7180.0], [108377.5, 4780.0], [108380.0, 6000.0], [108385.0, 20870.0], [108387.5, 1690.0], [108390.0, 47970.0], [108395.0, 34940.0], [108397.5, 1750.0], [108400.0, 2410.0], [108402.5, 12250.0], [108405.0, 34940.0], [108412.5, 500.0], [108415.0, 1680.0], [108422.5, 720.0], [108425.0, 2410.0], [108437.5, 500.0], [108440.0, 1670.0], [108445.0, 1490.0], [108447.5, 5000.0], [108450.0, 500.0]]}}}
{"jsonrpc": "2.0", "method": "subscription", "params": {"channel": "book.BTC-24OCT25.none.20.100ms", "data": {"timestamp": 1761098204338, "change_id": 123115841449, "instrument_name": "BTC-24OCT25", "bids": [[108372.5, 9670.0], [108370.0, 890.0], [108367.5, 2990.0], [108365.0, 13030.0], [108362.5, 37290.0], [108360.0, 43440.0], [108357.5, 86680.0], [108355.0, 61690.0], [108352.5, 96680.0], [108350.0, 37290.0], [108347.5, 90000.0], [108345.0, 34940.0], [108332.5, 4880.0], [108330.0, 16360.0], [108327.5, 720.0], [108325.0, 2410.0], [108305.0, 1680.0], [108302.5, 2000.0], [108300.0, 4110.0], [108292.5, 14930.0]], "asks": [[108375.0, 8180.0], [108377.5, 10000.0], [108380.0, 6000.0], [108385.0, 10870.0], [108387.5, 1690.0], [108390.0, 47970.0], [108395.0, 34940.0], [108397.5, 1750.0], [108400.0, 2410.0], [108402.5, 12250.0], [108405.0, 34940.0], [108412.5, 500.0], [108415.0, 1680.0], [108422.5, 720.0], [108425.0, 2410.0], [108437.5, 500.0], [108440.0, 1670.0], [108445.0, 1490.0], [108447.5, 5000.0], [108450.0, 500.0]]}}}
{"jsonrpc": "2.0", "method": "subscription", "params": {"channel": "book.BTC-24OCT25.none.20.100ms", "data": {"timestamp": 1761098204488, "change_id": 123115841648, "instrument_name": "BTC-24OCT25", "bids": [[108372.5, 9670.0], [108370.0, 890.0], [108367.5, 2990.0], [108365.0, 13030.0], [108362.5, 37290.0], [108360.0, 43440.0], [108357.5, 86680.0], [108355.0, 61690.0], [108352.5, 96680.0], [108350.0, 39700.0], [108347.5, 90000.0], [108345.0, 34940.0], [108332.5, 4880.0], [108330.0, 16360.0], [108327.5, 720.0], [108325.0, 2410.0], [108305.0, 1100.0], [108302.5, 2000.0], [108300.0, 1700.0], [108292.5, 14930.0]], "asks": [[108375.0, 9180.0], [108377.5, 11790.0], [108380.0, 6000.0], [108385.0, 10870.0], [108387.5, 1690.0], [108390.0, 47970.0], [108395.0, 34940.0], [108397.5, 1750.0], [108400.0, 2410.0], [108402.5, 12250.0], [108405.0, 34940.0], [108412.5, 500.0], [108415.0, 1680.0], [108422.5, 720.0], [108425.0, 2410.0], [108437.5, 500.0], [108440.0, 1670.0], [108445.0, 1490.0], [108447.5, 5000.0], [108450.0, 500.0]]}}}
{"jsonrpc": "2.0", "method": "subscription", "params": {"channel": "book.BTC-24OCT25.none.20.100ms", "data": {"timestamp": 1761098204778, "change_id": 123115842187, "instrument_name": "BTC-24OCT25", "bids": [[108372.5, 9670.0], [108370.0, 890.0], [108367.5, 2990.0], [108365.0, 13030.0], [108362.5, 37290.0], [108360.0, 43440.0], [108357.5, 86680.0], [108355.0, 61690.0], [108352.5, 96680.0], [108350.0, 39700.0], [108347.5, 90000.0], [108345.0, 34940.0], [108332.5, 4880.0], [108330.0, 16360.0], [108327.5, 720.0], [108325.0, 2410.0], [108305.0, 1100.0], [108302.5, 2000.0], [108300.0, 1700.0], [108292.5, 14930.0]], "asks": [[108375.0, 9180.0], [108377.5, 11790.0], [108380.0, 6000.0], [108385.0, 10870.0], [108387.5, 1690.0], [108390.0, 47970.0], [108395.0, 34940.0], [108397.5, 1750.0], [108400.0, 2410.0], [108402.5, 12250.0], [108405.0, 34940.0], [108412.5, 500.0], [108415.0, 1680.0], [108422.5, 720.0], [108425.0, 2410.0], [108437.5, 500.0], [108440.0, 1670.0], [108445.0, 1490.0], [108447.5, 5000.0], [108450.0, 500.0]]}}}
{"jsonrpc": "2.0", "method": "subscription", "params": {"channel": "book.BTC-24OCT25.none.20.100ms", "data": {"timestamp": 1761098205285, "change_id": 123115842899, "instrument_name": "BTC-24OCT25", "bids": [[108372.5, 13770.0], [108370.0, 890.0], [108367.5, 2990.0], [108365.0, 13030.0], [108362.5, 37290.0], [108360.0, 51030.0], [108357.5, 86680.0], [108355.0, 61690.0], [108352.5, 86680.0], [108350.0, 39700.0], [108347.5, 90000.0], [108345.0, 34940.0], [108332.5, 4880.0], [108330.0, 16360.0], [108327.5, 720.0], [108325.0, 2410.0], [108305.0, 1100.0], [108302.5, 2000.0], [108300.0, 1700.0], [108292.5, 14930.0]], "asks": [[108375.0, 7410.0], [108380.0, 6000.0], [108385.0, 13920.0], [108387.5, 11690.0], [108390.0, 47970.0], [108395.0, 34940.0], [108397.5, 1750.0], [108400.0, 2410.0], [108402.5, 12250.0], [108405.0, 34940.0], [108412.5, 500.0], [108415.0, 1680.0], [108422.5, 720.0], [108425.0, 2410.0], [108437.5, 500.0], [108440.0, 1670.0], [108445.0, 1490.0], [108447.5, 5000.0], [108450.0, 500.0], [108452.5, 1680.0]]}}}
{"jsonrpc": "2.0", "method": "subscription", "params": {"channel": "book.BTC-24OCT25.none.20.100ms", "data": {"timestamp": 1761098205698, "change_id": 123115844172, "instrument_name": "BTC-24OCT25", "bids": [[108372.5, 13770.0], [108370.0, 890.0], [108367.5, 2990.0], [108365.0, 13030.0], [108362.5, 37290.0], [108360.0, 51030.0], [108357.5, 86680.0], [108355.0, 61690.0], [108352.5, 86680.0], [108350.0, 39700.0], [108347.5, 90000.0], [108345.0, 34940.0], [108337.5, 600.0], [108335.0, 2000.0], [108332.5, 4880.0], [108330.0, 16360.0], [108327.5, 720.0], [108325.0, 2410.0], [108300.0, 1700.0], [108292.5, 14930.0]], "asks": [[108375.0, 5000.0], [108380.0, 6000.0], [108385.0, 2410.0], [108390.0, 47970.0], [108395.0, 38950.0], [108397.5, 11030.0], [108400.0, 2410.0], [108402.5, 12250.0], [108405.0, 34940.0], [108412.5, 500.0], [108415.0, 1680.0], [108422.5, 720.0], [108425.0, 2410.0], [108437.5, 500.0], [108440.0, 1670.0], [108445.0, 1490.0], [108447.5, 5000.0], [108450.0, 500.0], [108452.5, 1680.0], [108462.5, 590.0]]}}}
{"jsonrpc": "2.0", "method": "subscription", "params": {"channel": "book.BTC-24OCT25.none.20.100ms", "data": {"timestamp": 1761098206007, "change_id": 123115844674, "instrument_name": "BTC-24OCT25", "bids": [[108372.5, 13770.0], [108370.0, 3760.0], [108367.5, 12990.0], [108365.0, 13030.0], [108362.5, 34940.0], [108360.0, 41030.0], [108357.5, 86680.0], [108355.0, 61690.0], [108352.5, 86680.0], [108350.0, 39700.0], [108347.5, 90000.0], [108345.0, 34940.0], [108337.5, 600.0], [108335.0, 2000.0], [108332.5, 4880.0], [108330.0, 16360.0], [108327.5, 720.0], [108325.0, 2410.0], [108305.0, 1210.0], [108302.5, 2350.0]], "asks": [[108375.0, 5000.0], [108380.0, 6000.0], [108385.0, 2410.0], [108390.0, 57970.0], [108395.0, 35970.0], [108397.5, 1030.0], [108400.0, 2410.0], [108402.5, 12250.0], [108405.0, 34940.0], [108412.5, 500.0], [108415.0, 1680.0], [108422.5, 720.0], [108425.0, 2410.0], [108437.5, 500.0], [108440.0, 1670.0], [108445.0, 1490.0], [108447.5, 5000.0], [108450.0, 500.0], [108452.5, 1680.0], [108462.5, 590.0]]}}}
{"jsonrpc": "2.0", "method": "subscription", "params": {"channel": "book.BTC-24OCT25.none.20.100ms", "data": {"timestamp": 1761098206385, "change_id": 123115846976, "instrument_name": "BTC-24OCT25", "bids": [[108377.5, 8590.0], [108370.0, 30260.0], [108367.5, 13150.0], [108365.0, 100040.0], [108362.5, 34940.0], [108360.0, 30060.0], [108357.5, 86680.0], [108355.0, 35660.0], [108350.0, 12840.0], [108345.0, 34940.0], [108337.5, 600.0], [108335.0, 2000.0], [108332.5, 4880.0], [108330.0, 16360.0], [108325.0, 2410.0], [108302.5, 2350.0], [108300.0, 1700.0], [108295.0, 9400.0], [108292.5, 14930.0], [108290.0, 50000.0]], "asks": [[108380.0, 8000.0], [108387.5, 2410.0], [108395.0, 990.0], [108397.5, 1030.0], [108400.0, 2410.0], [108402.5, 22090.0], [108405.0, 34940.0], [108407.5, 13030.0], [108410.0, 34940.0], [108412.5, 500.0], [108415.0, 1680.0], [108417.5, 160.0], [108422.5, 720.0], [108425.0, 2410.0], [108437.5, 500.0], [108440.0, 1670.0], [108445.0, 1490.0], [108447.5, 5000.0], [108450.0, 500.0], [108452.5, 1680.0]]}}}
{"jsonrpc": "2.0", "method": "subscription", "params": {"channel": "book.BTC-24OCT25.none.20.100ms", "data": {"timestamp": 1761098206669, "change_id": 123115848232, "instrument_name": "BTC-24OCT25", "bids": [[108377.5, 18260.0], [108370.0, 30260.0], [108367.5, 13150.0], [108365.0, 100040.0], [108362.5, 34940.0], [108360.0, 30060.0], [108357.5, 86680.0], [108355.0, 35660.0], [108350.0, 12840.0], [108345.0, 34940.0], [108337.5, 600.0], [108335.0, 2000.0], [108332.5, 4880.0], [108330.0, 16360.0], [108325.0, 2410.0], [108302.5, 2350.0], [108300.0, 1700.0], [108295.0, 9400.0], [108292.5, 14930.0], [108290.0, 50000.0]], "asks": [[108380.0, 8000.0], [108387.5, 2410.0], [108392.5, 2990.0], [108395.0, 10990.0], [108397.5, 1030.0], [108400.0, 2410.0], [108402.5, 12090.0], [108405.0, 34940.0], [108407.5, 13030.0], [108410.0, 34940.0], [108412.5, 500.0], [108415.0, 1680.0], [108417.5, 160.0], [108422.5, 720.0], [108425.0, 2410.0], [108437.5, 500.0], [108440.0, 1670.0], [108445.0, 1490.0], [108447.5, 5000.0], [108450.0, 500.0]]}}}
{"jsonrpc": "2.0", "method": "subscription", "params": {"channel": "book.BTC-24OCT25.none.20.100ms", "data": {"timestamp": 1761098207030, "change_id": 123115848718, "instrument_name": "BTC-24OCT25", "bids": [[108377.5, 18260.0], [108370.0, 30260.0], [108367.5, 13150.0], [108365.0, 100040.0], [108362.5, 34940.0], [108360.0, 12120.0], [108355.0, 35660.0], [108350.0, 12840.0], [108345.0, 34940.0], [108337.5, 600.0], [108335.0, 2000.0], [108332.5, 4880.0], [108330.0, 16360.0], [108327.5, 720.0], [108325.0, 2410.0], [108302.5, 2350.0], [108300.0, 1700.0], [108297.5, 2810.0], [108295.0, 9400.0], [108292.5, 14930.0]], "asks": [[108380.0, 8000.0], [108387.5, 2410.0], [108392.5, 2990.0], [108395.0, 10990.0], [108397.5, 1030.0], [108400.0, 2410.0], [108402.5, 12090.0], [108405.0, 34940.0], [108407.5, 13030.0], [108410.0, 34940.0], [108412.5, 500.0], [108415.0, 1680.0], [108417.5, 160.0], [108422.5, 720.0], [108425.0, 2410.0], [108437.5, 500.0], [108440.0, 1670.0], [108445.0, 1490.0], [108447.5, 5000.0], [108450.0, 500.0]]}}}
{"jsonrpc": "2.0", "method": "subscription", "params": {"channel": "book.BTC-24OCT25.none.20.100ms", "data": {"timestamp": 1761098207352, "change_id": 123115849471, "instrument_name": "BTC-24OCT25", "bids": [[108377.5, 18260.0], [108370.0, 50480.0], [108367.5, 13150.0], [108365.0, 204450.0], [108362.5, 121630.0], [108360.0, 12120.0], [108355.0, 35660.0], [108350.0, 12840.0], [108345.0, 34940.0], [108337.5, 600.0], [108335.0, 2000.0], [108332.5, 4880.0], [108330.0, 16360.0], [108327.5, 720.0], [108325.0, 2410.0], [108302.5, 2350.0], [108300.0, 1700.0], [108297.5, 2810.0], [108295.0, 9400.0], [108292.5, 14930.0]], "asks": [[108380.0, 8000.0], [108387.5, 2410.0], [108392.5, 2990.0], [108395.0, 10990.0], [108397.5, 1030.0], [108400.0, 2410.0], [108402.5, 12090.0], [108405.0, 34940.0], [108407.5, 13030.0], [108410.0, 34940.0], [108412.5, 500.0], [108415.0, 1680.0], [108417.5, 160.0], [108422.5, 720.0], [108425.0, 2410.0], [108437.5, 500.0], [108440.0, 1670.0], [108445.0, 1490.0], [108447.5, 5000.0], [108450.0, 500.0]]}}}
{"jsonrpc": "2.0", "method": "subscription", "params": {"channel": "book.BTC-24OCT25.none.20.100ms", "data": {"timestamp": 1761098207520, "change_id": 123115849891, "instrument_name": "BTC-24OCT25", "bids": [[108377.5, 18260.0], [108370.0, 50480.0], [108367.5, 13150.0], [108365.0, 204450.0], [108362.5, 121630.0], [108360.0, 12120.0], [108355.0, 35660.0], [108350.0, 12840.0], [108345.0, 34940.0], [108337.5, 600.0], [108335.0, 2000.0], [108332.5, 4880.0], [108330.0, 16360.0], [108327.5, 720.0], [108325.0, 2410.0], [108302.5, 2350.0], [108300.0, 1700.0], [108297.5, 2810.0], [108295.0, 9400.0], [108292.5, 14930.0]], "asks": [[108380.0, 8000.0], [108382.5, 2410.0], [108392.5, 2990.0], [108395.0, 10990.0], [108397.5, 1030.0], [108400.0, 2410.0], [108402.5, 12090.0], [108405.0, 34940.0], [108407.5, 13030.0], [108410.0, 34940.0], [108412.5, 500.0], [108415.0, 1680.0], [108417.5, 160.0], [108422.5, 720.0], [108425.0, 2410.0], [108437.5, 500.0], [108440.0, 1670.0], [108445.0, 1490.0], [108447.5, 5000.0], [108450.0, 500.0]]}}}
{"jsonrpc": "2.0", "method": "subscription", "params": {"channel": "book.BTC-24OCT25.none.20.100ms", "data": {"timestamp": 1761098208303, "change_id": 123115850972, "instrument_name": "BTC-24OCT25", "bids": [[108377.5, 18260.0], [108370.0, 50480.0], [108367.5, 13150.0], [108365.0, 204450.0], [108362.5, 121630.0], [108360.0, 12120.0], [108355.0, 35660.0], [108350.0, 12840.0], [108345.0, 34940.0], [108337.5, 600.0], [108335.0, 2000.0], [108332.5, 4880.0], [108330.0, 16360.0], [108327.5, 720.0], [108325.0, 2410.0], [108305.0, 1210.0], [108302.5, 2350.0], [108300.0, 1700.0], [108297.5, 2810.0], [108295.0, 9400.0]], "asks": [[108380.0, 10000.0], [108382.5, 2410.0], [108387.5, 10000.0], [108390.0, 34940.0], [108395.0, 990.0], [108397.5, 1030.0], [108400.0, 2410.0], [108402.5, 12090.0], [108405.0, 34940.0], [108407.5, 13030.0], [108410.0, 34940.0], [108412.5, 500.0], [108415.0, 1680.0], [108417.5, 160.0], [108422.5, 720.0], [108425.0, 2410.0], [108437.5, 500.0], [108440.0, 1670.0], [108445.0, 1490.0], [108447.5, 5000.0]]}}}
{"jsonrpc": "2.0", "method": "subscription", "params": {"channel": "book.BTC-24OCT25.none.20.100ms", "data": {"timestamp": 1761098208608, "change_id": 123115851484, "instrument_name": "BTC-24OCT25", "bids": [[108377.5, 18260.0], [108370.0, 50480.0], [108367.5, 13150.0], [108365.0, 204450.0], [108362.5, 121630.0], [108360.0, 12120.0], [108355.0, 35660.0], [108350.0, 12840.0], [108345.0, 34940.0], [108337.5, 600.0], [108335.0, 2000.0], [108332.5, 4880.0], [108330.0, 16360.0], [108327.5, 720.0], [108325.0, 2410.0], [108305.0, 1210.0], [108302.5, 2350.0], [108300.0, 1700.0], [108297.5, 2810.0], [108295.0, 9400.0]], "asks": [[108380.0, 10000.0], [108387.5, 10000.0], [108390.0, 34940.0], [108395.0, 990.0], [108397.5, 1030.0], [108400.0, 2410.0], [108402.5, 12090.0], [108405.0, 34940.0], [108407.5, 13030.0], [108410.0, 34940.0], [108412.5, 500.0], [108415.0, 1680.0], [108417.5, 160.0], [108422.5, 720.0], [108425.0, 2410.0], [108437.5, 500.0], [108440.0, 1670.0], [108445.0, 1490.0], [108447.5, 5000.0], [108450.0, 500.0]]}}}
{"jsonrpc": "2.0", "method": "subscription", "params": {"channel": "book.BTC-24OCT25.none.20.100ms", "data": {"timestamp": 1761098208724, "change_id": 123115851771, "instrument_name": "BTC-24OCT25", "bids": [[108377.5, 18260.0], [108370.0, 50480.0], [108367.5, 13150.0], [108365.0, 204450.0], [108362.5, 121630.0], [108360.0, 12120.0], [108355.0, 35660.0], [108350.0, 12840.0], [108345.0, 34940.0], [108337.5, 600.0], [108335.0, 2000.0], [108332.5, 4880.0], [108330.0, 16360.0], [108327.5, 720.0], [108325.0, 2410.0], [108305.0, 1210.0], [108302.5, 2350.0], [108300.0, 1700.0], [108297.5, 2810.0], [108295.0, 9400.0]], "asks": [[108380.0, 10000.0], [108382.5, 2410.0], [108387.5, 10000.0], [108390.0, 34940.0], [108395.0, 990.0], [108397.5, 1030.0], [108400.0, 2410.0], [108402.5, 12090.0], [108405.0, 34940.0], [108407.5, 13030.0], [108410.0, 34940.0], [108412.5, 500.0], [108415.0, 1680.0], [108417.5, 160.0], [108422.5, 720.0], [108425.0, 2410.0], [108437.5, 500.0], [108440.0, 1670.0], [108445.0, 1490.0], [108447.5, 5000.0]]}}}
{"jsonrpc": "2.0", "method": "subscription", "params": {"channel": "book.BTC-24OCT25.none.20.100ms", "data": {"timestamp": 1761098209529, "change_id": 123115852861, "instrument_name": "BTC-24OCT25", "bids": [[108377.5, 20610.0], [108370.0, 50480.0], [108367.5, 13150.0], [108365.0, 204450.0], [108362.5, 121630.0], [108360.0, 12120.0], [108355.0, 35660.0], [108350.0, 12840.0], [108345.0, 34940.0], [108337.5, 600.0], [108335.0, 2000.0], [108332.5, 4880.0], [108330.0, 16360.0], [108327.5, 720.0], [108325.0, 2410.0], [108305.0, 510.0], [108300.0, 1700.0], [108297.5, 2810.0], [108295.0, 9400.0], [108292.5, 14930.0]], "asks": [[108380.0, 10000.0], [108382.5, 2410.0], [108387.5, 10000.0], [108390.0, 34940.0], [108395.0, 990.0], [108397.5, 1030.0], [108400.0, 2410.0], [108402.5, 12090.0], [108405.0, 35100.0], [108407.5, 13030.0], [108410.0, 34940.0], [108412.5, 500.0], [108415.0, 1680.0], [108422.5, 720.0], [108425.0, 2410.0], [108437.5, 500.0], [108440.0, 1670.0], [108445.0, 1490.0], [108447.5, 5000.0], [108450.0, 500.0]]}}}
{"jsonrpc": "2.0", "method": "subscription", "params": {"channel": "book.BTC-24OCT25.none.20.100ms", "data": {"timestamp": 1761098209990, "change_id": 123115853887, "instrument_name": "BTC-24OCT25", "bids": [[108377.5, 16510.0], [108370.0, 50480.0], [108367.5, 3150.0], [108365.0, 204450.0], [108362.5, 121630.0], [108360.0, 12120.0], [108357.5, 10000.0], [108355.0, 35660.0], [108350.0, 12840.0], [108345.0, 34940.0], [108337.5, 600.0], [108335.0, 2000.0], [108332.5, 4880.0], [108330.0, 16360.0], [108327.5, 720.0], [108325.0, 2410.0], [108305.0, 510.0], [108300.0, 1700.0], [108297.5, 2810.0], [108295.0, 9400.0]], "asks": [[108380.0, 10000.0], [108382.5, 2410.0], [108385.0, 13410.0], [108387.5, 10000.0], [108390.0, 34940.0], [108395.0, 990.0], [108397.5, 1030.0], [108400.0, 2410.0], [108402.5, 12090.0], [108405.0, 35100.0], [108407.5, 13030.0], [108410.0, 34940.0], [108412.5, 500.0], [108415.0, 1680.0], [108422.5, 720.0], [108425.0, 2410.0], [108437.5, 500.0], [108440.0, 1670.0], [108445.0, 1490.0], [108447.5, 5000.0]]}}}
{"jsonrpc": "2.0", "method": "subscription", "params": {"channel": "book.BTC-24OCT25.none.20.100ms", "data": {"timestamp": 1761098210345, "change_id": 123115855011, "instrument_name": "BTC-24OCT25", "bids": [[108377.5, 16510.0], [108370.0, 50480.0], [108367.5, 2990.0], [108365.0, 204450.0], [108362.5, 124040.0], [108360.0, 12120.0], [108355.0, 34940.0], [108352.5, 880.0], [108350.0, 12840.0], [108347.5, 10000.0], [108345.0, 34940.0], [108337.5, 600.0], [108335.0, 2000.0], [108332.5, 4880.0], [108330.0, 16360.0], [108327.5, 720.0], [108325.0, 2410.0], [108305.0, 510.0], [108300.0, 1700.0], [108297.5, 2810.0]], "asks": [[108380.0, 20000.0], [108382.5, 2410.0], [108385.0, 14410.0], [108387.5, 1000.0], [108390.0, 34940.0], [108395.0, 990.0], [108397.5, 1030.0], [108400.0, 2410.0], [108402.5, 12090.0], [108405.0, 35100.0], [108407.5, 13030.0], [108410.0, 34940.0], [108412.5, 500.0], [108415.0, 1680.0], [108425.0, 2410.0], [108437.5, 500.0], [108440.0, 1670.0], [108445.0, 1490.0], [108447.5, 5000.0], [108450.0, 500.0]]}}}
{"jsonrpc": "2.0", "method": "subscription", "params": {"channel": "book.BTC-24OCT25.none.20.100ms", "data": {"timestamp": 1761098210495, "change_id": 123115855568, "instrument_name": "BTC-24OCT25", "bids": [[108377.5, 12980.0], [108370.0, 50480.0], [108367.5, 5340.0], [108365.0, 204450.0], [108362.5, 124040.0], [108360.0, 12120.0], [108355.0, 34940.0], [108352.5, 880.0], [108350.0, 12840.0], [108347.5, 10000.0], [108345.0, 34940.0], [108337.5, 600.0], [108335.0, 2000.0], [108332.5, 4880.0], [108330.0, 16360.0], [108327.5, 720.0], [108325.0, 2410.0], [108305.0, 510.0], [108300.0, 1700.0], [108297.5, 2810.0]], "asks": [[108380.0, 20000.0], [108382.5, 2410.0], [108385.0, 14410.0], [108387.5, 1000.0], [108390.0, 34940.0], [108395.0, 990.0], [108397.5, 1030.0], [108400.0, 2410.0], [108402.5, 12090.0], [108405.0, 35100.0], [108407.5, 13030.0], [108410.0, 34940.0], [108412.5, 500.0], [108415.0, 1680.0], [108425.0, 2410.0], [108437.5, 500.0], [108440.0, 1670.0], [108445.0, 1490.0], [108447.5, 5000.0], [108450.0, 500.0]]}}}
{"jsonrpc": "2.0", "method": "subscription", "params": {"channel": "book.BTC-24OCT25.none.20.100ms", "data": {"timestamp": 1761098210926, "change_id": 123115856526, "instrument_name": "BTC-24OCT25", "bids": [[108377.5, 12980.0], [108370.0, 30260.0], [108367.5, 2990.0], [108365.0, 127940.0], [108362.5, 121630.0], [108360.0, 12120.0], [108355.0, 44940.0], [108352.5, 880.0], [108350.0, 12840.0], [108345.0, 34940.0], [108337.5, 600.0], [108335.0, 2000.0], [108332.5, 4880.0], [108330.0, 16360.0], [108327.5, 720.0], [108325.0, 2410.0], [108305.0, 510.0], [108300.0, 1700.0], [108297.5, 2810.0], [108295.0, 9400.0]], "asks": [[108380.0, 20000.0], [108382.5, 2410.0], [108385.0, 14410.0], [108387.5, 1000.0], [108390.0, 34940.0], [108395.0, 990.0], [108397.5, 1030.0], [108400.0, 2410.0], [108402.5, 12090.0], [108405.0, 35100.0], [108407.5, 13030.0], [108410.0, 34940.0], [108412.5, 500.0], [108415.0, 1680.0], [108425.0, 2410.0], [108437.5, 500.0], [108440.0, 1670.0], [108445.0, 1490.0], [108447.5, 5000.0], [108450.0, 500.0]]}}}
{"jsonrpc": "2.0", "method": "subscription", "params": {"channel": "book.BTC-24OCT25.none.20.100ms", "data": {"timestamp": 1761098211318, "change_id": 123115857071, "instrument_name": "BTC-24OCT25", "bids": [[108377.5, 13900.0], [108372.5, 720.0], [108370.0, 32670.0], [108367.5, 2990.0], [108365.0, 100040.0], [108362.5, 34940.0], [108360.0, 12120.0], [108355.0, 44940.0], [108352.5, 880.0], [108350.0, 12840.0], [108345.0, 34940.0], [108337.5, 600.0], [108335.0, 2000.0], [108332.5, 4880.0], [108330.0, 16360.0], [108327.5, 720.0], [108325.0, 2410.0], [108305.0, 510.0], [108300.0, 1700.0], [108297.5, 28270.0]], "asks": [[108380.0, 20000.0], [108382.5, 2410.0], [108385.0, 1000.0], [108387.5, 1000.0], [108390.0, 34940.0], [108395.0, 990.0], [108397.5, 1030.0], [108400.0, 2410.0], [108402.5, 12090.0], [108405.0, 35100.0], [108407.5, 13030.0], [108410.0, 34940.0], [108412.5, 500.0], [108415.0, 1680.0], [108425.0, 2410.0], [108437.5, 500.0], [108440.0, 1670.0], [108445.0, 1490.0], [108447.5, 5000.0], [108450.0, 500.0]]}}}
{"jsonrpc": "2.0", "method": "subscription", "params": {"channel": "book.BTC-24OCT25.none.20.100ms", "data": {"timestamp": 1761098211683, "change_id": 123115857993, "instrument_name": "BTC-24OCT25", "bids": [[108377.5, 14290.0], [108372.5, 720.0], [108370.0, 32670.0], [108367.5, 2990.0], [108365.0, 128510.0], [108362.5, 44940.0], [108360.0, 98800.0], [108355.0, 34940.0], [108352.5, 880.0], [108350.0, 12840.0], [108345.0, 34940.0], [108337.5, 600.0], [108335.0, 2000.0], [108332.5, 4880.0], [108330.0, 16360.0], [108327.5, 720.0], [108325.0, 2410.0], [108305.0, 510.0], [108300.0, 12110.0], [108297.5, 25460.0]], "asks": [[108380.0, 20000.0], [108382.5, 2410.0], [108385.0, 1000.0], [108387.5, 1000.0], [108390.0, 34940.0], [108395.0, 990.0], [108397.5, 1030.0], [108400.0, 2410.0], [108402.5, 12090.0], [108405.0, 35100.0], [108407.5, 13030.0], [108410.0, 34940.0], [108412.5, 500.0], [108415.0, 1680.0], [108422.5, 720.0], [108425.0, 2410.0], [108437.5, 500.0], [108440.0, 1670.0], [108445.0, 1490.0], [108447.5, 5000.0]]}}}
{"jsonrpc": "2.0", "method": "subscription", "params": {"channel": "book.BTC-24OCT25.none.20.100ms", "data": {"timestamp": 1761098212000, "change_id": 123115858852, "instrument_name": "BTC-24OCT25", "bids": [[108377.5, 15290.0], [108370.0, 30260.0], [108367.5, 2990.0], [108365.0, 128510.0], [108362.5, 44940.0], [108360.0, 123340.0], [108357.5, 86680.0], [108355.0, 34940.0], [108352.5, 880.0], [108350.0, 12840.0], [108345.0, 34940.0], [108337.5, 600.0], [108335.0, 2000.0], [108330.0, 16360.0], [108325.0, 2410.0], [108307.5, 2350.0], [108300.0, 1700.0], [108297.5, 25460.0], [108295.0, 9400.0], [108290.0, 50000.0]], "asks": [[108380.0, 10000.0], [108382.5, 2410.0], [108385.0, 1000.0], [108387.5, 1000.0], [108390.0, 34940.0], [108392.5, 2990.0], [108395.0, 10990.0], [108397.5, 1030.0], [108400.0, 2410.0], [108402.5, 12140.0], [108405.0, 35100.0], [108407.5, 10430.0], [108410.0, 34940.0], [108412.5, 500.0], [108415.0, 1680.0], [108425.0, 2410.0], [108437.5, 500.0], [108440.0, 1670.0], [108447.5, 5000.0], [108450.0, 500.0]]}}}
{"jsonrpc": "2.0", "method": "subscription", "params": {"channel": "book.BTC-24OCT25.none.20.100ms", "data": {"timestamp": 1761098212252, "change_id": 123115859054, "instrument_name": "BTC-24OCT25", "bids": [[108377.5, 15290.0], [108370.0, 30260.0], [108367.5, 2990.0], [108365.0, 128510.0], [108362.5, 44940.0], [108360.0, 123340.0], [108357.5, 86680.0], [108355.0, 34940.0], [108352.5, 880.0], [108350.0, 12840.0], [108345.0, 34940.0], [108337.5, 600.0], [108335.0, 2000.0], [108330.0, 16360.0], [108325.0, 2410.0], [108307.5, 2350.0], [108300.0, 1700.0], [108295.0, 9400.0], [108290.0, 50000.0], [108287.5, 25460.0]], "asks": [[108380.0, 10000.0], [108382.5, 2410.0], [108385.0, 1000.0], [108387.5, 13000.0], [108390.0, 34940.0], [108395.0, 990.0], [108397.5, 1030.0], [108400.0, 2410.0], [108402.5, 12140.0], [108405.0, 34940.0], [108407.5, 10430.0], [108410.0, 34940.0], [108412.5, 500.0], [108415.0, 1680.0], [108425.0, 2410.0], [108437.5, 500.0], [108440.0, 1670.0], [108447.5, 5000.0], [108450.0, 500.0], [108452.5, 1680.0]]}}}
