{"jsonrpc": "2.0", "method": "subscription", "params": {"channel": "book.BTC-4APR25.none.20.100ms", "data": {"timestamp": 1743608152705, "change_id": 95270901003, "instrument_name": "BTC-4APR25", "bids": [[86877.5, 3890.0], [86875.0, 9940.0], [86872.5, 160.0], [86865.0, 270.0], [86862.5, 900.0], [86837.5, 3000.0], [86835.0, 10000.0], [86817.5, 7860.0], [86815.0, 26190.0], [86807.5, 10260.0], [86802.5, 40.0], [86800.0, 3080.0], [86797.5, 10260.0], [86785.0, 4730.0], [86782.5, 10750.0], [86780.0, 5000.0], [86775.0, 3080.0], [86772.5, 10260.0], [86740.0, 3230.0], [86737.5, 10750.0]], "asks": [[86890.0, 10.0], [86895.0, 10.0], [86907.5, 900.0], [86910.0, 3000.0], [86912.5, 10000.0], [86922.5, 120.0], [86932.5, 600.0], [86935.0, 2000.0], [86980.0, 3120.0], [86982.5, 10400.0], [86987.5, 22340.0], [86990.0, 74450.0], [86992.5, 10400.0], [87000.0, 4350.0], [87002.5, 10400.0], [87010.0, 40.0], [87050.0, 10400.0], [87067.5, 10650.0], [87080.0, 40.0], [87087.5, 330.0]]}}}
{"jsonrpc": "2.0", "method": "subscription", "params": {"channel": "book.BTC-11APR25.none.20.100ms", "data": {"timestamp": 1743608152699, "change_id": 95270900975, "instrument_name": "BTC-11APR25", "bids": [[86965.0, 10.0], [86960.0, 8000.0], [86957.5, 8000.0], [86945.0, 11290.0], [86942.5, 10080.0], [86937.5, 120.0], [86930.0, 8190.0], [86902.5, 18190.0], [86892.5, 8080.0], [86875.0, 8110.0], [86872.5, 20.0], [86817.5, 8180.0], [86802.5, 20.0], [86800.0, 26190.0], [86797.5, 8080.0], [86777.5, 8180.0], [86767.5, 8180.0], [86757.5, 8260.0], [86747.5, 8080.0], [86732.5, 20.0]], "asks": [[86975.0, 8000.0], [86977.5, 10000.0], [86997.5, 8190.0], [87000.0, 120.0], [87020.0, 8190.0], [87035.0, 8190.0], [87052.5, 50000.0], [87055.0, 8190.0], [87062.5, 6430.0], [87077.5, 7930.0], [87080.0, 20.0], [87147.5, 7870.0], [87150.0, 70.0], [87155.0, 330.0], [87177.5, 7930.0], [87187.5, 8050.0], [87220.0, 20.0], [87222.5, 7890.0], [87232.5, 8080.0], [87242.5, 8000.0]]}}}
{"jsonrpc": "2.0", "method": "subscription", "params": {"channel": "book.BTC-4APR25.none.20.100ms", "data": {"timestamp": 1743608152848, "change_id": 95270902662, "instrument_name": "BTC-4APR25", "bids": [[86885.0, 10840.0], [86880.0, 270.0], [86877.5, 910.0], [86872.5, 40.0], [86865.0, 270.0], [86862.5, 900.0], [86847.5, 120.0], [86820.0, 10940.0], [86817.5, 10260.0], [86815.0, 26190.0], [86810.0, 3080.0], [86807.5, 10260.0], [86802.5, 40.0], [86800.0, 3080.0], [86797.5, 10260.0], [86785.0, 4730.0], [86782.5, 10750.0], [86780.0, 5000.0], [86772.5, 10260.0], [86737.5, 10750.0]], "asks": [[86890.0, 10.0], [86895.0, 10.0], [86947.5, 120.0], [86965.0, 600.0], [86967.5, 2000.0], [86982.5, 10400.0], [86990.0, 24450.0], [86992.5, 10400.0], [86997.5, 50000.0], [87000.0, 4350.0], [87002.5, 10400.0], [87010.0, 40.0], [87050.0, 10400.0], [87067.5, 10650.0], [87080.0, 40.0], [87117.5, 10250.0], [87137.5, 10430.0], [87147.5, 10750.0], [87150.0, 40.0], [87157.5, 10400.0]]}}}
{"jsonrpc": "2.0", "method": "subscription", "params": {"channel": "book.BTC-11APR25.none.20.100ms", "data": {"timestamp": 1743608153018, "change_id": 95270902675, "instrument_name": "BTC-11APR25", "bids": [[86980.0, 11100.0], [86977.5, 3100.0], [86975.0, 3100.0], [86972.5, 8000.0], [86962.5, 8190.0], [86960.0, 8000.0], [86957.5, 10060.0], [86945.0, 11290.0], [86942.5, 20.0], [86930.0, 8190.0], [86905.0, 120.0], [86902.5, 8190.0], [86892.5, 8080.0], [86875.0, 8110.0], [86872.5, 20.0], [86817.5, 8180.0], [86802.5, 20.0], [86800.0, 26190.0], [86797.5, 8080.0], [86777.5, 8180.0]], "asks": [[87002.5, 10.0], [87007.5, 8000.0], [87012.5, 8000.0], [87015.0, 120.0], [87020.0, 8190.0], [87035.0, 8190.0], [87047.5, 2000.0], [87055.0, 8190.0], [87062.5, 6430.0], [87065.0, 50000.0], [87077.5, 7930.0], [87080.0, 20.0], [87147.5, 7870.0], [87150.0, 70.0], [87177.5, 7930.0], [87187.5, 8050.0], [87220.0, 20.0], [87222.5, 7890.0], [87232.5, 8080.0], [87242.5, 8000.0]]}}}
{"jsonrpc": "2.0", "method": "subscription", "params": {"channel": "book.BTC-11APR25.none.20.100ms", "data": {"timestamp": 1743608153357, "change_id": 95270904790, "instrument_name": "BTC-11APR25", "bids": [[87012.5, 10.0], [87010.0, 2400.0], [87007.5, 8000.0], [87005.0, 3020.0], [87002.5, 10060.0], [87000.0, 2450.0], [86997.5, 8160.0], [86995.0, 2400.0], [86992.5, 8000.0], [86987.5, 2460.0], [86985.0, 8190.0], [86980.0, 15420.0], [86977.5, 3100.0], [86975.0, 11290.0], [86972.5, 120.0], [86965.0, 4860.0], [86962.5, 8190.0], [86960.0, 8000.0], [86945.0, 11290.0], [86942.5, 20.0]], "asks": [[87042.5, 8160.0], [87050.0, 10060.0], [87055.0, 8190.0], [87060.0, 20000.0], [87062.5, 6430.0], [87077.5, 7930.0], [87080.0, 20.0], [87145.0, 50000.0], [87147.5, 7870.0], [87150.0, 70.0], [87177.5, 7930.0], [87187.5, 8050.0], [87220.0, 20.0], [87222.5, 7890.0], [87232.5, 8080.0], [87242.5, 8000.0], [87245.0, 330.0], [87287.5, 8000.0], [87290.0, 10.0], [87297.5, 8040.0]]}}}
{"jsonrpc": "2.0", "method": "subscription", "params": {"channel": "book.BTC-4APR25.none.20.100ms", "data": {"timestamp": 1743608153350, "change_id": 95270904704, "instrument_name": "BTC-4APR25", "bids": [[86897.5, 10620.0], [86895.0, 20000.0], [86892.5, 7100.0], [86890.0, 900.0], [86887.5, 900.0], [86877.5, 10.0], [86872.5, 40.0], [86835.0, 10260.0], [86817.5, 10260.0], [86812.5, 10000.0], [86807.5, 10260.0], [86802.5, 40.0], [86797.5, 10260.0], [86782.5, 10750.0], [86780.0, 5000.0], [86772.5, 10260.0], [86737.5, 10750.0], [86732.5, 40.0], [86727.5, 10750.0], [86720.0, 5000.0]], "asks": [[86950.0, 900.0], [86975.0, 9940.0], [86987.5, 10500.0], [86990.0, 24450.0], [87000.0, 4350.0], [87010.0, 40.0], [87027.5, 10260.0], [87050.0, 10400.0], [87062.5, 50000.0], [87067.5, 10650.0], [87080.0, 40.0], [87117.5, 10250.0], [87137.5, 10430.0], [87147.5, 10750.0], [87150.0, 40.0], [87157.5, 10400.0], [87167.5, 10650.0], [87177.5, 330.0], [87212.5, 10580.0], [87220.0, 40.0]]}}}
{"jsonrpc": "2.0", "method": "subscription", "params": {"channel": "book.BTC-4APR25.none.20.100ms", "data": {"timestamp": 1743608153606, "change_id": 95270906593, "instrument_name": "BTC-4APR25", "bids": [[86920.0, 120.0], [86915.0, 9940.0], [86890.0, 900.0], [86877.5, 10.0], [86872.5, 40.0], [86845.0, 10260.0], [86842.5, 26200.0], [86835.0, 10260.0], [86817.5, 10260.0], [86807.5, 10260.0], [86802.5, 40.0], [86797.5, 10260.0], [86782.5, 10750.0], [86780.0, 5000.0], [86772.5, 10260.0], [86737.5, 10750.0], [86732.5, 40.0], [86727.5, 10750.0], [86720.0, 5000.0], [86712.5, 330.0]], "asks": [[86950.0, 900.0], [86960.0, 900.0], [86962.5, 10000.0], [86965.0, 9940.0], [86987.5, 10500.0], [86990.0, 120.0], [87000.0, 4350.0], [87010.0, 40.0], [87027.5, 10260.0], [87050.0, 10400.0], [87065.0, 50000.0], [87067.5, 10650.0], [87080.0, 40.0], [87117.5, 10250.0], [87137.5, 10430.0], [87147.5, 10750.0], [87150.0, 40.0], [87157.5, 10400.0], [87167.5, 10650.0], [87177.5, 330.0]]}}}
{"jsonrpc": "2.0", "method": "subscription", "params": {"channel": "book.BTC-11APR25.none.20.100ms", "data": {"timestamp": 1743608153662, "change_id": 95270906537, "instrument_name": "BTC-11APR25", "bids": [[87007.5, 8000.0], [86995.0, 2400.0], [86992.5, 8000.0], [86987.5, 5170.0], [86985.0, 18250.0], [86982.5, 3330.0], [86980.0, 15420.0], [86977.5, 3100.0], [86975.0, 8190.0], [86962.5, 8190.0], [86947.5, 3390.0], [86945.0, 11290.0], [86942.5, 20.0], [86930.0, 8190.0], [86902.5, 8190.0], [86892.5, 8080.0], [86875.0, 8110.0], [86872.5, 20.0], [86830.0, 26200.0], [86817.5, 8180.0]], "asks": [[87015.0, 10.0], [87025.0, 8000.0], [87032.5, 18220.0], [87037.5, 10000.0], [87042.5, 8160.0], [87055.0, 8190.0], [87062.5, 6430.0], [87067.5, 120.0], [87075.0, 50000.0], [87077.5, 7930.0], [87080.0, 20.0], [87147.5, 7870.0], [87150.0, 70.0], [87177.5, 7930.0], [87187.5, 8050.0], [87220.0, 20.0], [87222.5, 7890.0], [87232.5, 8080.0], [87242.5, 8000.0], [87245.0, 330.0]]}}}
{"jsonrpc": "2.0", "method": "subscription", "params": {"channel": "book.BTC-11APR25.none.20.100ms", "data": {"timestamp": 1743608154001, "change_id": 95270907799, "instrument_name": "BTC-11APR25", "bids": [[87007.5, 8010.0], [86995.0, 2400.0], [86992.5, 8000.0], [86987.5, 5480.0], [86985.0, 18250.0], [86982.5, 970.0], [86980.0, 6610.0], [86977.5, 3100.0], [86975.0, 8190.0], [86965.0, 2460.0], [86962.5, 8190.0], [86952.5, 10000.0], [86947.5, 3390.0], [86945.0, 11290.0], [86942.5, 20.0], [86930.0, 8190.0], [86905.0, 2460.0], [86902.5, 8190.0], [86895.0, 2420.0], [86892.5, 8080.0]], "asks": [[87010.0, 10.0], [87015.0, 8000.0], [87022.5, 10000.0], [87025.0, 8000.0], [87032.5, 18220.0], [87040.0, 120.0], [87042.5, 8160.0], [87047.5, 50000.0], [87050.0, 87040.0], [87055.0, 8190.0], [87062.5, 6430.0], [87077.5, 7930.0], [87080.0, 20.0], [87147.5, 7870.0], [87150.0, 70.0], [87177.5, 7930.0], [87187.5, 8050.0], [87220.0, 20.0], [87222.5, 7890.0], [87232.5, 8080.0]]}}}
{"jsonrpc": "2.0", "method": "subscription", "params": {"channel": "book.BTC-4APR25.none.20.100ms", "data": {"timestamp": 1743608153956, "change_id": 95270907787, "instrument_name": "BTC-4APR25", "bids": [[86917.5, 3880.0], [86915.0, 9940.0], [86912.5, 120.0], [86892.5, 270.0], [86890.0, 900.0], [86882.5, 3000.0], [86880.0, 10000.0], [86877.5, 10.0], [86872.5, 40.0], [86847.5, 3080.0], [86845.0, 10260.0], [86842.5, 26200.0], [86835.0, 10260.0], [86817.5, 10260.0], [86807.5, 10260.0], [86802.5, 40.0], [86797.5, 10260.0], [86782.5, 10750.0], [86780.0, 5000.0], [86772.5, 10260.0]], "asks": [[86947.5, 4170.0], [86950.0, 10900.0], [86960.0, 900.0], [86965.0, 9940.0], [86972.5, 120.0], [86987.5, 10500.0], [87000.0, 4350.0], [87010.0, 40.0], [87015.0, 50000.0], [87017.5, 10260.0], [87027.5, 10260.0], [87050.0, 10400.0], [87067.5, 10650.0], [87080.0, 40.0], [87117.5, 10250.0], [87137.5, 10430.0], [87147.5, 10750.0], [87150.0, 40.0], [87157.5, 10400.0], [87167.5, 10650.0]]}}}
{"jsonrpc": "2.0", "method": "subscription", "params": {"channel": "book.BTC-4APR25.none.20.100ms", "data": {"timestamp": 1743608154290, "change_id": 95270908557, "instrument_name": "BTC-4APR25", "bids": [[86920.0, 900.0], [86917.5, 900.0], [86912.5, 120.0], [86892.5, 270.0], [86890.0, 900.0], [86882.5, 3000.0], [86880.0, 10000.0], [86877.5, 10.0], [86872.5, 40.0], [86847.5, 3080.0], [86845.0, 10260.0], [86842.5, 26200.0], [86835.0, 10260.0], [86817.5, 10260.0], [86807.5, 10260.0], [86802.5, 40.0], [86797.5, 10260.0], [86782.5, 10750.0], [86780.0, 5000.0], [86772.5, 10260.0]], "asks": [[86947.5, 4170.0], [86950.0, 10900.0], [86957.5, 270.0], [86960.0, 900.0], [86965.0, 9940.0], [86972.5, 120.0], [86987.5, 10500.0], [87000.0, 4350.0], [87010.0, 40.0], [87015.0, 50000.0], [87017.5, 10260.0], [87027.5, 10260.0], [87050.0, 10400.0], [87067.5, 10650.0], [87080.0, 40.0], [87117.5, 10250.0], [87137.5, 10430.0], [87147.5, 10750.0], [87150.0, 40.0], [87157.5, 10400.0]]}}}
{"jsonrpc": "2.0", "method": "subscription", "params": {"channel": "book.BTC-11APR25.none.20.100ms", "data": {"timestamp": 1743608154271, "change_id": 95270908569, "instrument_name": "BTC-11APR25", "bids": [[86987.5, 11100.0], [86985.0, 8190.0], [86980.0, 3220.0], [86977.5, 3100.0], [86962.5, 8190.0], [86952.5, 10000.0], [86945.0, 11290.0], [86942.5, 20.0], [86930.0, 8190.0], [86902.5, 8190.0], [86892.5, 8080.0], [86875.0, 8110.0], [86872.5, 20.0], [86830.0, 26200.0], [86817.5, 8180.0], [86802.5, 20.0], [86797.5, 8080.0], [86780.0, 330.0], [86777.5, 8180.0], [86767.5, 8180.0]], "asks": [[87015.0, 10.0], [87020.0, 8000.0], [87022.5, 10000.0], [87025.0, 16160.0], [87032.5, 10060.0], [87040.0, 120.0], [87042.5, 8160.0], [87047.5, 50000.0], [87050.0, 87040.0], [87055.0, 8190.0], [87062.5, 6430.0], [87077.5, 7930.0], [87080.0, 20.0], [87147.5, 7870.0], [87150.0, 70.0], [87187.5, 8050.0], [87220.0, 20.0], [87222.5, 7890.0], [87232.5, 8080.0], [87242.5, 8000.0]]}}}
{"jsonrpc": "2.0", "method": "subscription", "params": {"channel": "book.BTC-11APR25.none.20.100ms", "data": {"timestamp": 1743608154584, "change_id": 95270909973, "instrument_name": "BTC-11APR25", "bids": [[86987.5, 8000.0], [86977.5, 10060.0], [86962.5, 8190.0], [86947.5, 120.0], [86945.0, 11290.0], [86942.5, 20.0], [86930.0, 8190.0], [86920.0, 10000.0], [86902.5, 8190.0], [86892.5, 8080.0], [86875.0, 8110.0], [86872.5, 20.0], [86830.0, 26200.0], [86817.5, 8180.0], [86802.5, 20.0], [86797.5, 8080.0], [86780.0, 330.0], [86777.5, 8180.0], [86767.5, 8180.0], [86757.5, 7930.0]], "asks": [[87007.5, 10.0], [87012.5, 8000.0], [87022.5, 10000.0], [87025.0, 8160.0], [87032.5, 10060.0], [87040.0, 120.0], [87042.5, 8160.0], [87047.5, 50000.0], [87050.0, 87040.0], [87055.0, 8190.0], [87062.5, 6430.0], [87077.5, 7930.0], [87080.0, 20.0], [87147.5, 7870.0], [87150.0, 70.0], [87187.5, 8050.0], [87220.0, 20.0], [87222.5, 7890.0], [87232.5, 8080.0], [87242.5, 8000.0]]}}}
{"jsonrpc": "2.0", "method": "subscription", "params": {"channel": "book.BTC-4APR25.none.20.100ms", "data": {"timestamp": 1743608154656, "change_id": 95270909936, "instrument_name": "BTC-4APR25", "bids": [[86912.5, 3880.0], [86910.0, 9940.0], [86880.0, 120.0], [86877.5, 10.0], [86872.5, 40.0], [86847.5, 10000.0], [86845.0, 18120.0], [86842.5, 26200.0], [86820.0, 3080.0], [86817.5, 10260.0], [86807.5, 10260.0], [86802.5, 40.0], [86800.0, 3080.0], [86797.5, 10260.0], [86782.5, 10750.0], [86780.0, 5000.0], [86772.5, 10260.0], [86740.0, 3230.0], [86737.5, 10750.0], [86732.5, 40.0]], "asks": [[86947.5, 900.0], [86950.0, 10000.0], [86952.5, 900.0], [86955.0, 9940.0], [86970.0, 2000.0], [86972.5, 120.0], [86985.0, 3150.0], [86987.5, 10500.0], [87000.0, 4350.0], [87002.5, 50000.0], [87007.5, 10260.0], [87010.0, 40.0], [87027.5, 10260.0], [87050.0, 10400.0], [87065.0, 3200.0], [87067.5, 10650.0], [87080.0, 40.0], [87117.5, 10250.0], [87137.5, 10430.0], [87147.5, 10750.0]]}}}
{"jsonrpc": "2.0", "method": "subscription", "params": {"channel": "book.BTC-11APR25.none.20.100ms", "data": {"timestamp": 1743608155013, "change_id": 95270911088, "instrument_name": "BTC-11APR25", "bids": [[87010.0, 10560.0], [87007.5, 8000.0], [87002.5, 8000.0], [87000.0, 3330.0], [86997.5, 11100.0], [86995.0, 8160.0], [86980.0, 11180.0], [86977.5, 10060.0], [86975.0, 120.0], [86965.0, 2460.0], [86962.5, 8190.0], [86947.5, 10000.0], [86945.0, 11290.0], [86942.5, 20.0], [86930.0, 8190.0], [86902.5, 8190.0], [86892.5, 8080.0], [86875.0, 8110.0], [86872.5, 20.0], [86832.5, 7860.0]], "asks": [[87017.5, 8000.0], [87042.5, 8160.0], [87055.0, 8190.0], [87062.5, 6430.0], [87065.0, 8160.0], [87077.5, 7930.0], [87080.0, 2020.0], [87147.5, 7870.0], [87150.0, 70.0], [87185.0, 50000.0], [87187.5, 8050.0], [87220.0, 20.0], [87222.5, 7890.0], [87232.5, 8080.0], [87242.5, 8000.0], [87245.0, 330.0], [87287.5, 8000.0], [87290.0, 10.0], [87297.5, 8040.0], [87305.0, 24080.0]]}}}
{"jsonrpc": "2.0", "method": "subscription", "params": {"channel": "book.BTC-4APR25.none.20.100ms", "data": {"timestamp": 1743608155017, "change_id": 95270911082, "instrument_name": "BTC-4APR25", "bids": [[86917.5, 1020.0], [86915.0, 10500.0], [86912.5, 11400.0], [86910.0, 9940.0], [86877.5, 10.0], [86875.0, 10000.0], [86872.5, 40.0], [86865.0, 3080.0], [86862.5, 10260.0], [86845.0, 10260.0], [86842.5, 26200.0], [86817.5, 10260.0], [86810.0, 3080.0], [86807.5, 10260.0], [86802.5, 40.0], [86797.5, 10260.0], [86782.5, 10750.0], [86780.0, 5000.0], [86772.5, 10260.0], [86737.5, 10750.0]], "asks": [[86947.5, 900.0], [86952.5, 900.0], [86962.5, 10000.0], [86967.5, 4710.0], [86970.0, 2000.0], [86987.5, 10500.0], [87000.0, 4350.0], [87010.0, 40.0], [87030.0, 50000.0], [87050.0, 10400.0], [87067.5, 10650.0], [87080.0, 40.0], [87117.5, 10250.0], [87137.5, 10430.0], [87147.5, 10750.0], [87150.0, 40.0], [87157.5, 10400.0], [87167.5, 10650.0], [87177.5, 330.0], [87212.5, 10580.0]]}}}
{"jsonrpc": "2.0", "method": "subscription", "params": {"channel": "book.BTC-11APR25.none.20.100ms", "data": {"timestamp": 1743608155250, "change_id": 95270912519, "instrument_name": "BTC-11APR25", "bids": [[87015.0, 8010.0], [87010.0, 8160.0], [87007.5, 8000.0], [87002.5, 10060.0], [86997.5, 3100.0], [86995.0, 8280.0], [86980.0, 8160.0], [86972.5, 10000.0], [86962.5, 36280.0], [86945.0, 11290.0], [86942.5, 20.0], [86930.0, 8190.0], [86902.5, 8190.0], [86892.5, 8080.0], [86875.0, 8110.0], [86872.5, 20.0], [86845.0, 26200.0], [86817.5, 8180.0], [86802.5, 20.0], [86797.5, 8080.0]], "asks": [[87055.0, 16190.0], [87057.5, 30060.0], [87065.0, 8160.0], [87077.5, 8050.0], [87080.0, 2020.0], [87145.0, 50000.0], [87147.5, 7870.0], [87150.0, 70.0], [87187.5, 8050.0], [87220.0, 20.0], [87222.5, 7890.0], [87232.5, 8080.0], [87242.5, 8000.0], [87245.0, 330.0], [87287.5, 8000.0], [87290.0, 10.0], [87297.5, 8040.0], [87307.5, 7820.0], [87317.5, 8190.0], [87320.0, 24080.0]]}}}
{"jsonrpc": "2.0", "method": "subscription", "params": {"channel": "book.BTC-4APR25.none.20.100ms", "data": {"timestamp": 1743608155198, "change_id": 95270912526, "instrument_name": "BTC-4APR25", "bids": [[86942.5, 10.0], [86937.5, 2980.0], [86935.0, 9940.0], [86927.5, 120.0], [86925.0, 270.0], [86922.5, 900.0], [86917.5, 4050.0], [86915.0, 13920.0], [86912.5, 11400.0], [86905.0, 3000.0], [86902.5, 10000.0], [86872.5, 40.0], [86865.0, 3080.0], [86862.5, 10260.0], [86860.0, 7860.0], [86857.5, 26200.0], [86847.5, 3080.0], [86845.0, 10260.0], [86820.0, 3080.0], [86817.5, 10260.0]], "asks": [[86952.5, 900.0], [86982.5, 10000.0], [86985.0, 3150.0], [86987.5, 10500.0], [86990.0, 9940.0], [86997.5, 1310.0], [87000.0, 4350.0], [87010.0, 160.0], [87032.5, 10260.0], [87047.5, 53120.0], [87050.0, 10400.0], [87067.5, 10650.0], [87080.0, 40.0], [87117.5, 10250.0], [87137.5, 10430.0], [87147.5, 10750.0], [87150.0, 40.0], [87157.5, 10400.0], [87167.5, 10650.0], [87177.5, 330.0]]}}}
{"jsonrpc": "2.0", "method": "subscription", "params": {"channel": "book.BTC-11APR25.none.20.100ms", "data": {"timestamp": 1743608155685, "change_id": 95270914213, "instrument_name": "BTC-11APR25", "bids": [[87030.0, 2410.0], [87027.5, 8010.0], [87025.0, 2400.0], [87022.5, 8000.0], [87017.5, 3020.0], [87015.0, 10060.0], [87010.0, 2450.0], [87007.5, 8160.0], [87000.0, 3380.0], [86997.5, 3100.0], [86995.0, 8160.0], [86980.0, 8160.0], [86970.0, 120.0], [86962.5, 8190.0], [86945.0, 8190.0], [86942.5, 20.0], [86930.0, 8190.0], [86902.5, 8190.0], [86892.5, 8080.0], [86875.0, 8110.0]], "asks": [[87040.0, 10.0], [87045.0, 8000.0], [87062.5, 90100.0], [87065.0, 8160.0], [87077.5, 7930.0], [87080.0, 2020.0], [87147.5, 7870.0], [87150.0, 70.0], [87187.5, 8050.0], [87220.0, 20.0], [87222.5, 7890.0], [87232.5, 8080.0], [87242.5, 8000.0], [87245.0, 330.0], [87287.5, 8000.0], [87290.0, 10.0], [87297.5, 8040.0], [87307.5, 7820.0], [87317.5, 8190.0], [87320.0, 24080.0]]}}}
{"jsonrpc": "2.0", "method": "subscription", "params": {"channel": "book.BTC-4APR25.none.20.100ms", "data": {"timestamp": 1743608155638, "change_id": 95270914091, "instrument_name": "BTC-4APR25", "bids": [[86947.5, 9940.0], [86942.5, 10.0], [86917.5, 4050.0], [86915.0, 10500.0], [86905.0, 120.0], [86872.5, 40.0], [86862.5, 10260.0], [86857.5, 26200.0], [86845.0, 10260.0], [86817.5, 10260.0], [86807.5, 10260.0], [86802.5, 40.0], [86797.5, 10260.0], [86782.5, 10750.0], [86780.0, 5000.0], [86772.5, 10260.0], [86737.5, 10750.0], [86732.5, 40.0], [86727.5, 10750.0], [86720.0, 5000.0]], "asks": [[86985.0, 900.0], [86987.5, 11400.0], [87000.0, 4350.0], [87010.0, 40.0], [87050.0, 10400.0], [87067.5, 10650.0], [87080.0, 40.0], [87117.5, 10250.0], [87135.0, 50000.0], [87137.5, 10430.0], [87147.5, 10750.0], [87150.0, 40.0], [87157.5, 10400.0], [87167.5, 10650.0], [87177.5, 330.0], [87212.5, 10580.0], [87220.0, 40.0], [87242.5, 10500.0], [87272.5, 10250.0], [87282.5, 10540.0]]}}}
{"jsonrpc": "2.0", "method": "subscription", "params": {"channel": "book.BTC-4APR25.none.20.100ms", "data": {"timestamp": 1743608155967, "change_id": 95270915293, "instrument_name": "BTC-4APR25", "bids": [[86942.5, 120.0], [86917.5, 4050.0], [86915.0, 10500.0], [86912.5, 3000.0], [86910.0, 10000.0], [86872.5, 40.0], [86865.0, 3080.0], [86862.5, 10260.0], [86860.0, 7860.0], [86857.5, 26200.0], [86847.5, 3080.0], [86845.0, 10260.0], [86817.5, 10260.0], [86807.5, 10260.0], [86802.5, 40.0], [86797.5, 10260.0], [86782.5, 10750.0], [86780.0, 5000.0], [86772.5, 10260.0], [86737.5, 10750.0]], "asks": [[86970.0, 10.0], [86975.0, 900.0], [86980.0, 4170.0], [86982.5, 10900.0], [86985.0, 900.0], [86987.5, 11400.0], [86990.0, 9940.0], [87000.0, 4350.0], [87002.5, 2120.0], [87010.0, 40.0], [87030.0, 10260.0], [87037.5, 50000.0], [87040.0, 10260.0], [87050.0, 10400.0], [87067.5, 10650.0], [87080.0, 40.0], [87117.5, 10250.0], [87137.5, 10430.0], [87147.5, 10750.0], [87150.0, 40.0]]}}}
{"jsonrpc": "2.0", "method": "subscription", "params": {"channel": "book.BTC-11APR25.none.20.100ms", "data": {"timestamp": 1743608155925, "change_id": 95270915368, "instrument_name": "BTC-11APR25", "bids": [[87017.5, 8000.0], [87010.0, 120.0], [87007.5, 8160.0], [86997.5, 3100.0], [86995.0, 8160.0], [86982.5, 10000.0], [86980.0, 8160.0], [86962.5, 8190.0], [86945.0, 8190.0], [86942.5, 20.0], [86930.0, 8190.0], [86902.5, 8190.0], [86892.5, 8080.0], [86875.0, 8110.0], [86872.5, 20.0], [86845.0, 26200.0], [86817.5, 8180.0], [86802.5, 20.0], [86797.5, 8080.0], [86780.0, 330.0]], "asks": [[87040.0, 10.0], [87045.0, 8000.0], [87055.0, 10000.0], [87057.5, 10060.0], [87062.5, 90100.0], [87065.0, 8160.0], [87077.5, 7930.0], [87080.0, 2140.0], [87147.5, 7870.0], [87150.0, 70.0], [87187.5, 8050.0], [87220.0, 20.0], [87222.5, 7890.0], [87232.5, 8080.0], [87242.5, 8000.0], [87245.0, 330.0], [87287.5, 8000.0], [87290.0, 10.0], [87297.5, 8040.0], [87307.5, 7820.0]]}}}
{"jsonrpc": "2.0", "method": "subscription", "params": {"channel": "book.BTC-4APR25.none.20.100ms", "data": {"timestamp": 1743608156272, "change_id": 95270916354, "instrument_name": "BTC-4APR25", "bids": [[86927.5, 120.0], [86917.5, 4050.0], [86915.0, 10500.0], [86892.5, 10000.0], [86872.5, 40.0], [86862.5, 10260.0], [86857.5, 26200.0], [86845.0, 10260.0], [86817.5, 10260.0], [86807.5, 10260.0], [86802.5, 40.0], [86797.5, 10260.0], [86785.0, 4730.0], [86782.5, 10750.0], [86780.0, 5000.0], [86772.5, 10260.0], [86737.5, 10750.0], [86732.5, 40.0], [86727.5, 10750.0], [86720.0, 5000.0]], "asks": [[86962.5, 10000.0], [86965.0, 10.0], [86975.0, 900.0], [86977.5, 9940.0], [86980.0, 1170.0], [86982.5, 900.0], [86985.0, 900.0], [86987.5, 11400.0], [86990.0, 120.0], [87000.0, 4350.0], [87002.5, 37660.0], [87010.0, 40.0], [87030.0, 10260.0], [87037.5, 50000.0], [87040.0, 10260.0], [87050.0, 10400.0], [87067.5, 10650.0], [87080.0, 40.0], [87117.5, 10250.0], [87137.5, 10430.0]]}}}
{"jsonrpc": "2.0", "method": "subscription", "params": {"channel": "book.BTC-11APR25.none.20.100ms", "data": {"timestamp": 1743608156331, "change_id": 95270916435, "instrument_name": "BTC-11APR25", "bids": [[87020.0, 8000.0], [87000.0, 3380.0], [86997.5, 3100.0], [86995.0, 8160.0], [86992.5, 120.0], [86982.5, 2450.0], [86980.0, 8160.0], [86967.5, 3000.0], [86965.0, 12460.0], [86962.5, 8190.0], [86947.5, 2460.0], [86945.0, 8190.0], [86942.5, 20.0], [86932.5, 2460.0], [86930.0, 8190.0], [86905.0, 2460.0], [86902.5, 8190.0], [86892.5, 8080.0], [86877.5, 2430.0], [86875.0, 8110.0]], "asks": [[87025.0, 10.0], [87027.5, 2400.0], [87030.0, 8000.0], [87035.0, 5400.0], [87037.5, 18000.0], [87042.5, 8160.0], [87045.0, 10060.0], [87052.5, 8280.0], [87062.5, 90100.0], [87065.0, 8160.0], [87077.5, 7930.0], [87080.0, 2020.0], [87147.5, 7870.0], [87150.0, 70.0], [87187.5, 8050.0], [87220.0, 20.0], [87222.5, 7890.0], [87232.5, 8080.0], [87242.5, 8000.0], [87245.0, 330.0]]}}}
{"jsonrpc": "2.0", "method": "subscription", "params": {"channel": "book.BTC-4APR25.none.20.100ms", "data": {"timestamp": 1743608156617, "change_id": 95270917816, "instrument_name": "BTC-4APR25", "bids": [[86937.5, 4150.0], [86935.0, 9940.0], [86932.5, 270.0], [86930.0, 900.0], [86917.5, 4050.0], [86915.0, 10500.0], [86905.0, 120.0], [86880.0, 3080.0], [86877.5, 10260.0], [86875.0, 3010.0], [86872.5, 10040.0], [86865.0, 3080.0], [86862.5, 10260.0], [86860.0, 7860.0], [86857.5, 26200.0], [86820.0, 3080.0], [86817.5, 10260.0], [86807.5, 10260.0], [86802.5, 40.0], [86797.5, 10260.0]], "asks": [[86965.0, 10.0], [86972.5, 270.0], [86975.0, 900.0], [86980.0, 1170.0], [86982.5, 900.0], [86985.0, 10840.0], [86987.5, 11400.0], [86990.0, 120.0], [87000.0, 54350.0], [87002.5, 37660.0], [87010.0, 40.0], [87050.0, 10400.0], [87067.5, 10650.0], [87080.0, 40.0], [87117.5, 10250.0], [87137.5, 10430.0], [87147.5, 10750.0], [87150.0, 40.0], [87157.5, 10400.0], [87167.5, 10650.0]]}}}
{"jsonrpc": "2.0", "method": "subscription", "params": {"channel": "book.BTC-11APR25.none.20.100ms", "data": {"timestamp": 1743608156631, "change_id": 95270917977, "instrument_name": "BTC-11APR25", "bids": [[87030.0, 11100.0], [87022.5, 8000.0], [87005.0, 18220.0], [86997.5, 3100.0], [86995.0, 8160.0], [86980.0, 8160.0], [86972.5, 120.0], [86962.5, 8190.0], [86945.0, 8190.0], [86942.5, 10020.0], [86935.0, 8160.0], [86902.5, 8190.0], [86892.5, 8080.0], [86875.0, 8110.0], [86872.5, 20.0], [86845.0, 26200.0], [86817.5, 8180.0], [86802.5, 20.0], [86797.5, 8080.0], [86780.0, 330.0]], "asks": [[87032.5, 10.0], [87052.5, 18220.0], [87060.0, 50000.0], [87062.5, 48260.0], [87065.0, 120.0], [87077.5, 7930.0], [87080.0, 2020.0], [87147.5, 7870.0], [87150.0, 70.0], [87187.5, 8050.0], [87220.0, 20.0], [87222.5, 7890.0], [87232.5, 8080.0], [87242.5, 8000.0], [87245.0, 330.0], [87287.5, 8000.0], [87290.0, 10.0], [87297.5, 8040.0], [87307.5, 7820.0], [87317.5, 8190.0]]}}}
{"jsonrpc": "2.0", "method": "subscription", "params": {"channel": "book.BTC-11APR25.none.20.100ms", "data": {"timestamp": 1743608156926, "change_id": 95270918918, "instrument_name": "BTC-11APR25", "bids": [[87027.5, 10400.0], [87025.0, 8010.0], [87022.5, 3330.0], [87020.0, 15410.0], [87017.5, 3110.0], [87015.0, 11260.0], [87007.5, 8570.0], [87005.0, 18220.0], [87000.0, 3500.0], [86997.5, 3100.0], [86995.0, 8160.0], [86980.0, 8160.0], [86970.0, 10000.0], [86962.5, 8190.0], [86945.0, 8190.0], [86942.5, 20.0], [86935.0, 8160.0], [86902.5, 8190.0], [86892.5, 8080.0], [86875.0, 8110.0]], "asks": [[87032.5, 10.0], [87055.0, 10000.0], [87062.5, 8160.0], [87065.0, 120.0], [87077.5, 7930.0], [87080.0, 2020.0], [87147.5, 7870.0], [87150.0, 70.0], [87187.5, 8050.0], [87190.0, 50000.0], [87220.0, 20.0], [87222.5, 7890.0], [87232.5, 8080.0], [87242.5, 8000.0], [87245.0, 330.0], [87287.5, 8000.0], [87290.0, 10.0], [87297.5, 8040.0], [87307.5, 7820.0], [87317.5, 8190.0]]}}}
{"jsonrpc": "2.0", "method": "subscription", "params": {"channel": "book.BTC-4APR25.none.20.100ms", "data": {"timestamp": 1743608157009, "change_id": 95270918955, "instrument_name": "BTC-4APR25", "bids": [[86942.5, 910.0], [86937.5, 4150.0], [86935.0, 10060.0], [86917.5, 4050.0], [86915.0, 10500.0], [86902.5, 3000.0], [86900.0, 10000.0], [86880.0, 3080.0], [86877.5, 10260.0], [86872.5, 40.0], [86865.0, 3080.0], [86862.5, 10260.0], [86860.0, 7860.0], [86857.5, 26200.0], [86820.0, 3080.0], [86817.5, 10260.0], [86810.0, 3080.0], [86807.5, 10260.0], [86802.5, 40.0], [86800.0, 3080.0]], "asks": [[86965.0, 10.0], [86972.5, 3240.0], [86975.0, 10900.0], [86980.0, 1170.0], [86982.5, 900.0], [86985.0, 900.0], [86987.5, 11400.0], [86990.0, 120.0], [87000.0, 4350.0], [87002.5, 2000.0], [87005.0, 50000.0], [87010.0, 40.0], [87050.0, 10400.0], [87067.5, 10650.0], [87080.0, 40.0], [87117.5, 10250.0], [87137.5, 10430.0], [87147.5, 10750.0], [87150.0, 40.0], [87157.5, 10400.0]]}}}
{"jsonrpc": "2.0", "method": "subscription", "params": {"channel": "book.BTC-4APR25.none.20.100ms", "data": {"timestamp": 1743608157338, "change_id": 95270919945, "instrument_name": "BTC-4APR25", "bids": [[86947.5, 9950.0], [86942.5, 900.0], [86937.5, 900.0], [86935.0, 120.0], [86917.5, 900.0], [86915.0, 10500.0], [86910.0, 10000.0], [86877.5, 10260.0], [86872.5, 40.0], [86862.5, 10260.0], [86857.5, 26200.0], [86817.5, 10260.0], [86807.5, 10260.0], [86802.5, 40.0], [86797.5, 10260.0], [86782.5, 10750.0], [86780.0, 5000.0], [86772.5, 10260.0], [86737.5, 10750.0], [86732.5, 40.0]], "asks": [[86975.0, 900.0], [86980.0, 900.0], [86982.5, 900.0], [86985.0, 900.0], [86987.5, 900.0], [86990.0, 10000.0], [86995.0, 9940.0], [87000.0, 4350.0], [87002.5, 2000.0], [87010.0, 40.0], [87012.5, 50000.0], [87050.0, 10400.0], [87067.5, 10650.0], [87080.0, 40.0], [87117.5, 10250.0], [87137.5, 10430.0], [87147.5, 10750.0], [87150.0, 40.0], [87157.5, 10400.0], [87167.5, 10650.0]]}}}
{"jsonrpc": "2.0", "method": "subscription", "params": {"channel": "book.BTC-11APR25.none.20.100ms", "data": {"timestamp": 1743608157327, "change_id": 95270919898, "instrument_name": "BTC-11APR25", "bids": [[87025.0, 8010.0], [87020.0, 3100.0], [87017.5, 3110.0], [87015.0, 13160.0], [87007.5, 3100.0], [87005.0, 8160.0], [87000.0, 120.0], [86997.5, 3100.0], [86995.0, 8160.0], [86980.0, 18160.0], [86962.5, 8190.0], [86945.0, 8190.0], [86942.5, 20.0], [86935.0, 8160.0], [86902.5, 8190.0], [86892.5, 8080.0], [86875.0, 8110.0], [86872.5, 20.0], [86845.0, 26200.0], [86817.5, 8180.0]], "asks": [[87032.5, 8010.0], [87062.5, 18160.0], [87065.0, 10060.0], [87077.5, 7930.0], [87080.0, 20.0], [87147.5, 7870.0], [87150.0, 70.0], [87185.0, 50000.0], [87187.5, 8050.0], [87220.0, 20.0], [87222.5, 7890.0], [87232.5, 8080.0], [87242.5, 8000.0], [87245.0, 330.0], [87287.5, 8000.0], [87290.0, 10.0], [87297.5, 8040.0], [87307.5, 7820.0], [87317.5, 8190.0], [87320.0, 24080.0]]}}}
{"jsonrpc": "2.0", "method": "subscription", "params": {"channel": "book.BTC-4APR25.none.20.100ms", "data": {"timestamp": 1743608157609, "change_id": 95270921513, "instrument_name": "BTC-4APR25", "bids": [[86920.0, 900.0], [86875.0, 10500.0], [86872.5, 40.0], [86857.5, 26200.0], [86855.0, 10000.0], [86817.5, 10260.0], [86807.5, 10260.0], [86802.5, 40.0], [86797.5, 10260.0], [86782.5, 10750.0], [86780.0, 5000.0], [86772.5, 10260.0], [86737.5, 10750.0], [86732.5, 40.0], [86727.5, 10750.0], [86720.0, 5000.0], [86712.5, 330.0], [86707.5, 10750.0], [86667.5, 10620.0], [86662.5, 40.0]], "asks": [[86965.0, 910.0], [86972.5, 900.0], [86975.0, 21400.0], [86977.5, 9940.0], [87000.0, 4350.0], [87002.5, 2000.0], [87005.0, 120.0], [87010.0, 40.0], [87025.0, 10260.0], [87047.5, 50000.0], [87050.0, 10400.0], [87067.5, 10650.0], [87080.0, 40.0], [87117.5, 10250.0], [87137.5, 10430.0], [87147.5, 10750.0], [87150.0, 40.0], [87157.5, 10400.0], [87167.5, 10650.0], [87177.5, 330.0]]}}}
{"jsonrpc": "2.0", "method": "subscription", "params": {"channel": "book.BTC-11APR25.none.20.100ms", "data": {"timestamp": 1743608157606, "change_id": 95270921443, "instrument_name": "BTC-11APR25", "bids": [[87025.0, 10.0], [87017.5, 10.0], [87010.0, 3500.0], [87007.5, 3100.0], [87005.0, 8160.0], [86982.5, 2450.0], [86980.0, 8160.0], [86962.5, 8190.0], [86945.0, 8190.0], [86942.5, 20.0], [86935.0, 8160.0], [86925.0, 10000.0], [86902.5, 8190.0], [86892.5, 8080.0], [86875.0, 8110.0], [86872.5, 20.0], [86845.0, 26200.0], [86817.5, 8180.0], [86802.5, 20.0], [86797.5, 8080.0]], "asks": [[87032.5, 8010.0], [87047.5, 20060.0], [87052.5, 8160.0], [87062.5, 8160.0], [87072.5, 120.0], [87075.0, 50000.0], [87077.5, 7930.0], [87080.0, 20.0], [87147.5, 7870.0], [87150.0, 70.0], [87187.5, 8050.0], [87220.0, 20.0], [87222.5, 7890.0], [87232.5, 8080.0], [87242.5, 8000.0], [87245.0, 330.0], [87287.5, 8000.0], [87290.0, 10.0], [87297.5, 8040.0], [87307.5, 7820.0]]}}}
{"jsonrpc": "2.0", "method": "subscription", "params": {"channel": "book.BTC-11APR25.none.20.100ms", "data": {"timestamp": 1743608157695, "change_id": 95270923183, "instrument_name": "BTC-11APR25", "bids": [[87025.0, 10.0], [87017.5, 10.0], [86980.0, 8160.0], [86962.5, 8190.0], [86945.0, 8190.0], [86942.5, 20.0], [86937.5, 2450.0], [86935.0, 8160.0], [86925.0, 8160.0], [86902.5, 8190.0], [86895.0, 2420.0], [86892.5, 8080.0], [86875.0, 8110.0], [86872.5, 20.0], [86845.0, 26200.0], [86817.5, 8180.0], [86802.5, 20.0], [86797.5, 8080.0], [86780.0, 330.0], [86777.5, 8180.0]], "asks": [[87030.0, 8000.0], [87032.5, 10.0], [87035.0, 2070.0], [87037.5, 10000.0], [87040.0, 8160.0], [87047.5, 10180.0], [87052.5, 8160.0], [87060.0, 50000.0], [87062.5, 8160.0], [87077.5, 7930.0], [87080.0, 20.0], [87147.5, 7870.0], [87150.0, 70.0], [87187.5, 8050.0], [87220.0, 20.0], [87222.5, 7890.0], [87232.5, 8080.0], [87242.5, 8000.0], [87245.0, 330.0], [87287.5, 8000.0]]}}}
{"jsonrpc": "2.0", "method": "subscription", "params": {"channel": "book.BTC-4APR25.none.20.100ms", "data": {"timestamp": 1743608157927, "change_id": 95270923181, "instrument_name": "BTC-4APR25", "bids": [[86932.5, 120.0], [86922.5, 900.0], [86877.5, 3150.0], [86875.0, 10500.0], [86872.5, 40.0], [86860.0, 7860.0], [86857.5, 26200.0], [86820.0, 3080.0], [86817.5, 10260.0], [86810.0, 3080.0], [86807.5, 10260.0], [86802.5, 40.0], [86800.0, 3080.0], [86797.5, 10260.0], [86785.0, 4730.0], [86782.5, 10750.0], [86780.0, 5000.0], [86772.5, 10260.0], [86737.5, 10750.0], [86732.5, 40.0]], "asks": [[86952.5, 10.0], [86955.0, 270.0], [86957.5, 900.0], [86962.5, 900.0], [86965.0, 10000.0], [86972.5, 4320.0], [86975.0, 13400.0], [86977.5, 9940.0], [86980.0, 120.0], [87000.0, 4350.0], [87010.0, 40.0], [87025.0, 10260.0], [87027.5, 50000.0], [87050.0, 10400.0], [87067.5, 10650.0], [87080.0, 40.0], [87117.5, 10250.0], [87137.5, 10430.0], [87147.5, 10750.0], [87150.0, 40.0]]}}}
{"jsonrpc": "2.0", "method": "subscription", "params": {"channel": "book.BTC-11APR25.none.20.100ms", "data": {"timestamp": 1743608158264, "change_id": 95270924390, "instrument_name": "BTC-11APR25", "bids": [[86977.5, 10180.0], [86962.5, 8190.0], [86945.0, 8190.0], [86942.5, 20.0], [86935.0, 8160.0], [86925.0, 8160.0], [86902.5, 8190.0], [86892.5, 8080.0], [86875.0, 8110.0], [86872.5, 20.0], [86845.0, 26200.0], [86817.5, 8180.0], [86802.5, 20.0], [86797.5, 8080.0], [86780.0, 330.0], [86777.5, 8180.0], [86767.5, 8180.0], [86757.5, 7930.0], [86747.5, 8080.0], [86732.5, 20.0]], "asks": [[87025.0, 26220.0], [87030.0, 8000.0], [87032.5, 10.0], [87035.0, 70000.0], [87037.5, 10120.0], [87040.0, 8160.0], [87052.5, 8160.0], [87062.5, 8160.0], [87077.5, 7930.0], [87080.0, 20.0], [87147.5, 7870.0], [87150.0, 70.0], [87187.5, 8050.0], [87220.0, 20.0], [87222.5, 7890.0], [87232.5, 8080.0], [87242.5, 8000.0], [87245.0, 330.0], [87287.5, 8000.0], [87290.0, 10.0]]}}}
{"jsonrpc": "2.0", "method": "subscription", "params": {"channel": "book.BTC-4APR25.none.20.100ms", "data": {"timestamp": 1743608158231, "change_id": 95270924625, "instrument_name": "BTC-4APR25", "bids": [[86910.0, 10060.0], [86877.5, 3150.0], [86875.0, 10500.0], [86872.5, 40.0], [86860.0, 7860.0], [86857.5, 26200.0], [86820.0, 3080.0], [86817.5, 10260.0], [86810.0, 3080.0], [86807.5, 10260.0], [86802.5, 40.0], [86800.0, 3080.0], [86797.5, 10260.0], [86785.0, 4730.0], [86782.5, 10750.0], [86780.0, 5000.0], [86775.0, 3080.0], [86772.5, 10260.0], [86740.0, 3230.0], [86737.5, 10750.0]], "asks": [[86942.5, 10.0], [86945.0, 3000.0], [86947.5, 10000.0], [86955.0, 3220.0], [86957.5, 10840.0], [86960.0, 390.0], [86962.5, 900.0], [86972.5, 4920.0], [86975.0, 13400.0], [87000.0, 4350.0], [87005.0, 10260.0], [87010.0, 40.0], [87022.5, 3080.0], [87025.0, 25260.0], [87027.5, 50000.0], [87050.0, 10400.0], [87067.5, 10650.0], [87080.0, 40.0], [87117.5, 10250.0], [87137.5, 10430.0]]}}}
{"jsonrpc": "2.0", "method": "subscription", "params": {"channel": "book.BTC-11APR25.none.20.100ms", "data": {"timestamp": 1743608158613, "change_id": 95270926451, "instrument_name": "BTC-11APR25", "bids": [[86990.0, 8000.0], [86977.5, 120.0], [86972.5, 8160.0], [86970.0, 10060.0], [86945.0, 8190.0], [86942.5, 20.0], [86935.0, 8160.0], [86925.0, 8160.0], [86902.5, 8190.0], [86892.5, 8080.0], [86875.0, 8110.0], [86872.5, 20.0], [86845.0, 26200.0], [86817.5, 8180.0], [86802.5, 20.0], [86797.5, 8080.0], [86780.0, 330.0], [86777.5, 8180.0], [86767.5, 8180.0], [86757.5, 7930.0]], "asks": [[87007.5, 8000.0], [87020.0, 34980.0], [87022.5, 8160.0], [87025.0, 8000.0], [87032.5, 10.0], [87037.5, 50120.0], [87040.0, 8160.0], [87062.5, 8160.0], [87077.5, 7930.0], [87080.0, 20.0], [87147.5, 7870.0], [87150.0, 70.0], [87187.5, 8050.0], [87220.0, 20.0], [87222.5, 7890.0], [87232.5, 8080.0], [87242.5, 8000.0], [87245.0, 330.0], [87287.5, 8000.0], [87290.0, 10.0]]}}}
{"jsonrpc": "2.0", "method": "subscription", "params": {"channel": "book.BTC-4APR25.none.20.100ms", "data": {"timestamp": 1743608158652, "change_id": 95270926511, "instrument_name": "BTC-4APR25", "bids": [[86915.0, 1210.0], [86912.5, 900.0], [86910.0, 120.0], [86905.0, 2980.0], [86902.5, 9940.0], [86877.5, 3150.0], [86875.0, 10500.0], [86872.5, 40.0], [86860.0, 7860.0], [86857.5, 26200.0], [86820.0, 3080.0], [86817.5, 10260.0], [86807.5, 10260.0], [86802.5, 40.0], [86797.5, 10260.0], [86782.5, 10750.0], [86780.0, 5000.0], [86772.5, 10260.0], [86737.5, 10750.0], [86732.5, 40.0]], "asks": [[86942.5, 910.0], [86945.0, 900.0], [86947.5, 10000.0], [86952.5, 9940.0], [86955.0, 24900.0], [86957.5, 900.0], [86972.5, 50900.0], [86975.0, 12500.0], [87000.0, 4350.0], [87005.0, 10260.0], [87010.0, 40.0], [87025.0, 10260.0], [87050.0, 10400.0], [87067.5, 10650.0], [87080.0, 40.0], [87117.5, 10250.0], [87137.5, 10430.0], [87147.5, 10750.0], [87150.0, 40.0], [87157.5, 10400.0]]}}}
{"jsonrpc": "2.0", "method": "subscription", "params": {"channel": "book.BTC-11APR25.none.20.100ms", "data": {"timestamp": 1743608158978, "change_id": 95270927855, "instrument_name": "BTC-11APR25", "bids": [[86945.0, 16190.0], [86942.5, 20.0], [86935.0, 8160.0], [86925.0, 8160.0], [86902.5, 8190.0], [86892.5, 8080.0], [86875.0, 8110.0], [86872.5, 20.0], [86845.0, 26200.0], [86817.5, 8180.0], [86802.5, 20.0], [86797.5, 8080.0], [86780.0, 330.0], [86777.5, 8180.0], [86767.5, 8180.0], [86757.5, 7930.0], [86747.5, 8080.0], [86732.5, 20.0], [86707.5, 8050.0], [86677.5, 7930.0]], "asks": [[87007.5, 8000.0], [87022.5, 8160.0], [87025.0, 18000.0], [87027.5, 120.0], [87032.5, 10.0], [87040.0, 8160.0], [87050.0, 2000.0], [87060.0, 50000.0], [87062.5, 8160.0], [87077.5, 7930.0], [87080.0, 20.0], [87147.5, 7870.0], [87150.0, 70.0], [87187.5, 8050.0], [87220.0, 20.0], [87222.5, 7890.0], [87232.5, 8080.0], [87242.5, 8000.0], [87245.0, 330.0], [87287.5, 8000.0]]}}}
{"jsonrpc": "2.0", "method": "subscription", "params": {"channel": "book.BTC-4APR25.none.20.100ms", "data": {"timestamp": 1743608158977, "change_id": 95270927853, "instrument_name": "BTC-4APR25", "bids": [[86872.5, 40.0], [86857.5, 26200.0], [86807.5, 10260.0], [86802.5, 40.0], [86797.5, 10260.0], [86782.5, 10750.0], [86780.0, 5000.0], [86772.5, 10260.0], [86737.5, 10750.0], [86732.5, 40.0], [86727.5, 10750.0], [86720.0, 5000.0], [86712.5, 330.0], [86707.5, 10750.0], [86667.5, 10620.0], [86662.5, 40.0], [86655.0, 3290.0], [86620.0, 10260.0], [86607.5, 13160.0], [86605.0, 15420.0]], "asks": [[86932.5, 910.0], [86942.5, 11400.0], [86945.0, 900.0], [86947.5, 10000.0], [86957.5, 120.0], [86972.5, 900.0], [86975.0, 10500.0], [86977.5, 10260.0], [86992.5, 10260.0], [86997.5, 50000.0], [87000.0, 4350.0], [87005.0, 10260.0], [87010.0, 40.0], [87050.0, 10400.0], [87067.5, 10650.0], [87080.0, 40.0], [87117.5, 10250.0], [87137.5, 10430.0], [87147.5, 10750.0], [87150.0, 40.0]]}}}
{"jsonrpc": "2.0", "method": "subscription", "params": {"channel": "book.BTC-11APR25.none.20.100ms", "data": {"timestamp": 1743608159328, "change_id": 95270929464, "instrument_name": "BTC-11APR25", "bids": [[86967.5, 8000.0], [86965.0, 2400.0], [86962.5, 8000.0], [86960.0, 5470.0], [86957.5, 10060.0], [86955.0, 8160.0], [86947.5, 2460.0], [86945.0, 8190.0], [86942.5, 20.0], [86937.5, 2450.0], [86935.0, 8160.0], [86927.5, 2450.0], [86925.0, 8160.0], [86912.5, 120.0], [86902.5, 8190.0], [86897.5, 10000.0], [86895.0, 2420.0], [86892.5, 8080.0], [86875.0, 8110.0], [86872.5, 20.0]], "asks": [[86982.5, 8000.0], [86995.0, 2450.0], [86997.5, 8160.0], [87005.0, 20060.0], [87007.5, 120.0], [87020.0, 50000.0], [87022.5, 8160.0], [87032.5, 10.0], [87040.0, 8160.0], [87050.0, 2000.0], [87062.5, 8160.0], [87077.5, 7930.0], [87080.0, 20.0], [87147.5, 7870.0], [87150.0, 70.0], [87187.5, 8050.0], [87220.0, 20.0], [87222.5, 7890.0], [87232.5, 8080.0], [87242.5, 8000.0]]}}}
{"jsonrpc": "2.0", "method": "subscription", "params": {"channel": "book.BTC-4APR25.none.20.100ms", "data": {"timestamp": 1743608159220, "change_id": 95270929127, "instrument_name": "BTC-4APR25", "bids": [[86892.5, 4150.0], [86890.0, 9940.0], [86872.5, 40.0], [86860.0, 7860.0], [86857.5, 26200.0], [86845.0, 120.0], [86827.5, 3000.0], [86825.0, 10000.0], [86810.0, 3080.0], [86807.5, 10260.0], [86802.5, 40.0], [86800.0, 3080.0], [86797.5, 10260.0], [86782.5, 10750.0], [86780.0, 5000.0], [86772.5, 10260.0], [86737.5, 10750.0], [86732.5, 40.0], [86727.5, 10750.0], [86720.0, 5000.0]], "asks": [[86927.5, 270.0], [86930.0, 7320.0], [86932.5, 20510.0], [86937.5, 29940.0], [86942.5, 11400.0], [86945.0, 900.0], [86947.5, 120.0], [86972.5, 50000.0], [86977.5, 10260.0], [86992.5, 10260.0], [87000.0, 4350.0], [87005.0, 10260.0], [87010.0, 40.0], [87050.0, 10400.0], [87067.5, 10650.0], [87080.0, 40.0], [87117.5, 10250.0], [87137.5, 10430.0], [87147.5, 10750.0], [87150.0, 40.0]]}}}
{"jsonrpc": "2.0", "method": "subscription", "params": {"channel": "book.BTC-11APR25.none.20.100ms", "data": {"timestamp": 1743608159620, "change_id": 95270930524, "instrument_name": "BTC-11APR25", "bids": [[86962.5, 8000.0], [86960.0, 5470.0], [86957.5, 10060.0], [86955.0, 8160.0], [86947.5, 2460.0], [86945.0, 8190.0], [86942.5, 20.0], [86940.0, 120.0], [86937.5, 2450.0], [86935.0, 27870.0], [86932.5, 65710.0], [86925.0, 18160.0], [86902.5, 8190.0], [86895.0, 2420.0], [86892.5, 8080.0], [86875.0, 8110.0], [86872.5, 20.0], [86845.0, 26200.0], [86817.5, 8180.0], [86802.5, 20.0]], "asks": [[86992.5, 8000.0], [86995.0, 10000.0], [87002.5, 8160.0], [87005.0, 10060.0], [87007.5, 120.0], [87022.5, 8160.0], [87032.5, 10.0], [87037.5, 50000.0], [87040.0, 8160.0], [87050.0, 2000.0], [87062.5, 8160.0], [87077.5, 7930.0], [87080.0, 20.0], [87147.5, 7870.0], [87150.0, 70.0], [87187.5, 8050.0], [87220.0, 20.0], [87222.5, 7890.0], [87232.5, 8080.0], [87242.5, 8000.0]]}}}
{"jsonrpc": "2.0", "method": "subscription", "params": {"channel": "book.BTC-4APR25.none.20.100ms", "data": {"timestamp": 1743608159620, "change_id": 95270930440, "instrument_name": "BTC-4APR25", "bids": [[86892.5, 900.0], [86890.0, 9940.0], [86875.0, 120.0], [86872.5, 40.0], [86860.0, 7900.0], [86857.5, 26200.0], [86855.0, 10000.0], [86850.0, 19690.0], [86847.5, 65640.0], [86810.0, 3080.0], [86807.5, 10260.0], [86802.5, 40.0], [86800.0, 3080.0], [86797.5, 10260.0], [86785.0, 4730.0], [86782.5, 10750.0], [86780.0, 5000.0], [86772.5, 10260.0], [86740.0, 3230.0], [86737.5, 10750.0]], "asks": [[86922.5, 10000.0], [86930.0, 900.0], [86932.5, 10510.0], [86935.0, 50000.0], [86937.5, 30060.0], [86942.5, 11400.0], [86977.5, 10260.0], [86992.5, 10260.0], [87000.0, 4350.0], [87005.0, 10260.0], [87010.0, 40.0], [87050.0, 10400.0], [87067.5, 10650.0], [87080.0, 40.0], [87117.5, 10250.0], [87137.5, 10430.0], [87147.5, 10750.0], [87150.0, 40.0], [87157.5, 10400.0], [87167.5, 10650.0]]}}}
{"jsonrpc": "2.0", "method": "subscription", "params": {"channel": "book.BTC-11APR25.none.20.100ms", "data": {"timestamp": 1743608159984, "change_id": 95270932149, "instrument_name": "BTC-11APR25", "bids": [[86970.0, 8000.0], [86955.0, 8160.0], [86945.0, 8190.0], [86942.5, 20.0], [86935.0, 8160.0], [86932.5, 65710.0], [86925.0, 8160.0], [86905.0, 120.0], [86902.5, 8190.0], [86892.5, 8080.0], [86875.0, 8110.0], [86872.5, 20.0], [86845.0, 26200.0], [86817.5, 8180.0], [86802.5, 20.0], [86797.5, 8080.0], [86777.5, 8180.0], [86767.5, 8180.0], [86757.5, 7930.0], [86755.0, 330.0]], "asks": [[86987.5, 8000.0], [86995.0, 10000.0], [87000.0, 8160.0], [87007.5, 120.0], [87022.5, 8160.0], [87032.5, 10.0], [87040.0, 8160.0], [87060.0, 50000.0], [87062.5, 8160.0], [87077.5, 7930.0], [87080.0, 20.0], [87147.5, 7870.0], [87150.0, 70.0], [87187.5, 8050.0], [87220.0, 20.0], [87222.5, 7890.0], [87232.5, 8080.0], [87242.5, 8000.0], [87245.0, 330.0], [87287.5, 8000.0]]}}}
{"jsonrpc": "2.0", "method": "subscription", "params": {"channel": "book.BTC-4APR25.none.20.100ms", "data": {"timestamp": 1743608159978, "change_id": 95270932165, "instrument_name": "BTC-4APR25", "bids": [[86892.5, 900.0], [86880.0, 9940.0], [86872.5, 40.0], [86860.0, 7860.0], [86857.5, 26200.0], [86850.0, 19690.0], [86847.5, 65640.0], [86837.5, 120.0], [86817.5, 10000.0], [86810.0, 3080.0], [86807.5, 10260.0], [86802.5, 40.0], [86800.0, 3080.0], [86797.5, 10260.0], [86785.0, 4730.0], [86782.5, 10750.0], [86780.0, 5000.0], [86772.5, 10260.0], [86740.0, 3230.0], [86737.5, 10750.0]], "asks": [[86910.0, 10.0], [86912.5, 270.0], [86915.0, 900.0], [86920.0, 14400.0], [86922.5, 10000.0], [86927.5, 270.0], [86930.0, 900.0], [86932.5, 10500.0], [86935.0, 50000.0], [86947.5, 2000.0], [86980.0, 10260.0], [86992.5, 10260.0], [87000.0, 4350.0], [87005.0, 10260.0], [87010.0, 40.0], [87050.0, 10400.0], [87067.5, 10650.0], [87080.0, 40.0], [87117.5, 10250.0], [87137.5, 10430.0]]}}}
{"jsonrpc": "2.0", "method": "subscription", "params": {"channel": "book.BTC-11APR25.none.20.100ms", "data": {"timestamp": 1743608160303, "change_id": 95270933441, "instrument_name": "BTC-11APR25", "bids": [[86972.5, 10.0], [86967.5, 8000.0], [86962.5, 2400.0], [86960.0, 8000.0], [86952.5, 3020.0], [86950.0, 10060.0], [86945.0, 8190.0], [86942.5, 20.0], [86940.0, 120.0], [86935.0, 8160.0], [86932.5, 65710.0], [86925.0, 8160.0], [86920.0, 10000.0], [86902.5, 8190.0], [86892.5, 8080.0], [86875.0, 8110.0], [86872.5, 20.0], [86845.0, 26200.0], [86817.5, 8180.0], [86802.5, 20.0]], "asks": [[86977.5, 10.0], [86982.5, 8000.0], [86995.0, 10000.0], [87000.0, 30680.0], [87007.5, 120.0], [87022.5, 8160.0], [87040.0, 8160.0], [87060.0, 50000.0], [87062.5, 8160.0], [87077.5, 7930.0], [87080.0, 20.0], [87147.5, 7870.0], [87150.0, 70.0], [87187.5, 8050.0], [87220.0, 20.0], [87222.5, 7890.0], [87232.5, 8080.0], [87242.5, 8000.0], [87245.0, 330.0], [87287.5, 8000.0]]}}}
{"jsonrpc": "2.0", "method": "subscription", "params": {"channel": "book.BTC-4APR25.none.20.100ms", "data": {"timestamp": 1743608160282, "change_id": 95270933454, "instrument_name": "BTC-4APR25", "bids": [[86892.5, 900.0], [86882.5, 2980.0], [86880.0, 9940.0], [86872.5, 160.0], [86860.0, 7860.0], [86857.5, 26200.0], [86852.5, 3000.0], [86850.0, 29690.0], [86847.5, 65640.0], [86810.0, 3080.0], [86807.5, 10260.0], [86802.5, 40.0], [86800.0, 3080.0], [86797.5, 10260.0], [86785.0, 4730.0], [86782.5, 10750.0], [86780.0, 5000.0], [86775.0, 3080.0], [86772.5, 10260.0], [86740.0, 3230.0]], "asks": [[86910.0, 10.0], [86912.5, 270.0], [86915.0, 900.0], [86917.5, 270.0], [86920.0, 3900.0], [86922.5, 10000.0], [86930.0, 900.0], [86932.5, 60500.0], [86935.0, 120.0], [86937.5, 22510.0], [86947.5, 2000.0], [86980.0, 10260.0], [86992.5, 10260.0], [87000.0, 4350.0], [87005.0, 10260.0], [87010.0, 40.0], [87050.0, 10400.0], [87067.5, 10650.0], [87080.0, 40.0], [87117.5, 10250.0]]}}}
{"jsonrpc": "2.0", "method": "subscription", "params": {"channel": "book.BTC-4APR25.none.20.100ms", "data": {"timestamp": 1743608160571, "change_id": 95270934750, "instrument_name": "BTC-4APR25", "bids": [[86892.5, 900.0], [86885.0, 900.0], [86882.5, 2980.0], [86880.0, 9940.0], [86872.5, 160.0], [86860.0, 7860.0], [86857.5, 26200.0], [86852.5, 3000.0], [86850.0, 29690.0], [86847.5, 65640.0], [86807.5, 10260.0], [86802.5, 40.0], [86797.5, 10260.0], [86782.5, 10750.0], [86780.0, 5000.0], [86775.0, 3080.0], [86772.5, 10260.0], [86737.5, 10750.0], [86732.5, 40.0], [86727.5, 10750.0]], "asks": [[86910.0, 910.0], [86920.0, 900.0], [86922.5, 10000.0], [86927.5, 900.0], [86930.0, 21350.0], [86932.5, 70440.0], [86935.0, 120.0], [86945.0, 600.0], [86947.5, 2000.0], [86977.5, 3080.0], [86980.0, 10260.0], [86990.0, 3080.0], [86992.5, 10260.0], [87000.0, 4350.0], [87005.0, 10260.0], [87010.0, 40.0], [87050.0, 10400.0], [87067.5, 10650.0], [87080.0, 40.0], [87117.5, 10250.0]]}}}
{"jsonrpc": "2.0", "method": "subscription", "params": {"channel": "book.BTC-11APR25.none.20.100ms", "data": {"timestamp": 1743608160639, "change_id": 95270934835, "instrument_name": "BTC-11APR25", "bids": [[86975.0, 10.0], [86972.5, 2400.0], [86970.0, 8000.0], [86957.5, 2450.0], [86955.0, 8160.0], [86952.5, 3020.0], [86950.0, 10060.0], [86947.5, 2460.0], [86945.0, 8190.0], [86942.5, 20.0], [86940.0, 120.0], [86935.0, 27870.0], [86932.5, 65710.0], [86925.0, 8160.0], [86920.0, 10000.0], [86902.5, 8190.0], [86892.5, 8080.0], [86875.0, 8110.0], [86872.5, 20.0], [86845.0, 26200.0]], "asks": [[86977.5, 10.0], [86980.0, 10400.0], [86982.5, 8000.0], [86995.0, 10000.0], [87000.0, 18220.0], [87007.5, 120.0], [87022.5, 8160.0], [87037.5, 50000.0], [87040.0, 8160.0], [87062.5, 8160.0], [87077.5, 7930.0], [87080.0, 20.0], [87147.5, 7870.0], [87150.0, 70.0], [87187.5, 8050.0], [87220.0, 20.0], [87222.5, 7890.0], [87232.5, 8080.0], [87242.5, 8000.0], [87245.0, 330.0]]}}}
{"jsonrpc": "2.0", "method": "subscription", "params": {"channel": "book.BTC-11APR25.none.20.100ms", "data": {"timestamp": 1743608160910, "change_id": 95270936034, "instrument_name": "BTC-11APR25", "bids": [[86965.0, 10.0], [86962.5, 2400.0], [86960.0, 8000.0], [86952.5, 3020.0], [86950.0, 10060.0], [86947.5, 2460.0], [86945.0, 8190.0], [86942.5, 20.0], [86937.5, 2450.0], [86935.0, 27870.0], [86932.5, 65710.0], [86927.5, 2450.0], [86925.0, 8160.0], [86917.5, 2450.0], [86915.0, 8160.0], [86905.0, 120.0], [86895.0, 5120.0], [86892.5, 18080.0], [86877.5, 2430.0], [86875.0, 8110.0]], "asks": [[86967.5, 10.0], [86970.0, 2400.0], [86972.5, 8000.0], [86975.0, 2400.0], [86977.5, 8000.0], [86985.0, 2450.0], [86987.5, 8160.0], [86992.5, 3000.0], [86995.0, 30470.0], [86997.5, 50000.0], [87000.0, 18220.0], [87007.5, 120.0], [87020.0, 2450.0], [87022.5, 10160.0], [87060.0, 2450.0], [87062.5, 8160.0], [87077.5, 7930.0], [87080.0, 20.0], [87147.5, 7870.0], [87150.0, 70.0]]}}}
{"jsonrpc": "2.0", "method": "subscription", "params": {"channel": "book.BTC-4APR25.none.20.100ms", "data": {"timestamp": 1743608160899, "change_id": 95270935887, "instrument_name": "BTC-4APR25", "bids": [[86887.5, 270.0], [86885.0, 900.0], [86882.5, 2980.0], [86880.0, 9940.0], [86872.5, 40.0], [86857.5, 26200.0], [86850.0, 19690.0], [86847.5, 65640.0], [86837.5, 120.0], [86822.5, 10000.0], [86807.5, 10260.0], [86802.5, 40.0], [86800.0, 3080.0], [86797.5, 10260.0], [86785.0, 4730.0], [86782.5, 10750.0], [86780.0, 5000.0], [86775.0, 3080.0], [86772.5, 10260.0], [86737.5, 10750.0]], "asks": [[86902.5, 900.0], [86905.0, 10.0], [86920.0, 900.0], [86922.5, 10000.0], [86927.5, 900.0], [86930.0, 900.0], [86932.5, 20440.0], [86935.0, 120.0], [86947.5, 2000.0], [86980.0, 10260.0], [86982.5, 50000.0], [86992.5, 10260.0], [87000.0, 4350.0], [87005.0, 10260.0], [87010.0, 40.0], [87067.5, 10650.0], [87080.0, 40.0], [87117.5, 10250.0], [87137.5, 10430.0], [87147.5, 10750.0]]}}}
{"jsonrpc": "2.0", "method": "subscription", "params": {"channel": "book.BTC-4APR25.none.20.100ms", "data": {"timestamp": 1743608161284, "change_id": 95270937625, "instrument_name": "BTC-4APR25", "bids": [[86892.5, 10.0], [86890.0, 3250.0], [86887.5, 9940.0], [86885.0, 900.0], [86872.5, 40.0], [86870.0, 120.0], [86860.0, 7860.0], [86857.5, 26200.0], [86855.0, 10000.0], [86847.5, 65640.0], [86807.5, 10260.0], [86802.5, 40.0], [86797.5, 10260.0], [86782.5, 10750.0], [86780.0, 5000.0], [86772.5, 10260.0], [86737.5, 10750.0], [86732.5, 40.0], [86727.5, 10750.0], [86720.0, 5000.0]], "asks": [[86917.5, 900.0], [86920.0, 900.0], [86922.5, 10000.0], [86925.0, 540.0], [86927.5, 900.0], [86930.0, 4090.0], [86932.5, 10500.0], [86935.0, 120.0], [86947.5, 2000.0], [86992.5, 10260.0], [86995.0, 50000.0], [87000.0, 4350.0], [87005.0, 10260.0], [87010.0, 40.0], [87067.5, 10650.0], [87080.0, 40.0], [87117.5, 10250.0], [87137.5, 10430.0], [87147.5, 10750.0], [87150.0, 40.0]]}}}
{"jsonrpc": "2.0", "method": "subscription", "params": {"channel": "book.BTC-11APR25.none.20.100ms", "data": {"timestamp": 1743608161054, "change_id": 95270937659, "instrument_name": "BTC-11APR25", "bids": [[86982.5, 10.0], [86957.5, 10060.0], [86945.0, 8190.0], [86942.5, 20.0], [86937.5, 120.0], [86935.0, 8160.0], [86932.5, 65710.0], [86925.0, 18160.0], [86915.0, 8160.0], [86892.5, 8080.0], [86875.0, 8110.0], [86872.5, 20.0], [86845.0, 34360.0], [86817.5, 8180.0], [86802.5, 20.0], [86797.5, 8080.0], [86777.5, 8180.0], [86767.5, 8180.0], [86757.5, 7930.0], [86755.0, 330.0]], "asks": [[86987.5, 8000.0], [86995.0, 10000.0], [87007.5, 8280.0], [87012.5, 10060.0], [87022.5, 10160.0], [87060.0, 50000.0], [87062.5, 8160.0], [87077.5, 7930.0], [87080.0, 20.0], [87147.5, 7870.0], [87150.0, 70.0], [87187.5, 8050.0], [87220.0, 20.0], [87222.5, 7890.0], [87232.5, 8080.0], [87242.5, 8000.0], [87245.0, 330.0], [87287.5, 8000.0], [87290.0, 10.0], [87297.5, 8040.0]]}}}
{"jsonrpc": "2.0", "method": "subscription", "params": {"channel": "book.BTC-4APR25.none.20.100ms", "data": {"timestamp": 1743608161639, "change_id": 95270938935, "instrument_name": "BTC-4APR25", "bids": [[86875.0, 900.0], [86872.5, 9980.0], [86862.5, 900.0], [86860.0, 7900.0], [86857.5, 26320.0], [86840.0, 10000.0], [86807.5, 10260.0], [86802.5, 40.0], [86797.5, 10260.0], [86782.5, 10750.0], [86780.0, 5000.0], [86772.5, 10260.0], [86737.5, 10750.0], [86732.5, 40.0], [86727.5, 10750.0], [86720.0, 5000.0], [86707.5, 10750.0], [86687.5, 330.0], [86667.5, 10620.0], [86662.5, 40.0]], "asks": [[86902.5, 10900.0], [86912.5, 10.0], [86917.5, 20000.0], [86920.0, 900.0], [86922.5, 9940.0], [86925.0, 120.0], [86930.0, 900.0], [86932.5, 10500.0], [86947.5, 2000.0], [86992.5, 10260.0], [86995.0, 50000.0], [87000.0, 4350.0], [87005.0, 10260.0], [87010.0, 40.0], [87067.5, 10650.0], [87080.0, 40.0], [87117.5, 10250.0], [87137.5, 10430.0], [87147.5, 10750.0], [87150.0, 40.0]]}}}
{"jsonrpc": "2.0", "method": "subscription", "params": {"channel": "book.BTC-11APR25.none.20.100ms", "data": {"timestamp": 1743608161637, "change_id": 95270938924, "instrument_name": "BTC-11APR25", "bids": [[86960.0, 8000.0], [86957.5, 2400.0], [86955.0, 8000.0], [86947.5, 2460.0], [86945.0, 11210.0], [86942.5, 10080.0], [86935.0, 8160.0], [86927.5, 2450.0], [86925.0, 8280.0], [86917.5, 2450.0], [86915.0, 8160.0], [86912.5, 3000.0], [86910.0, 10000.0], [86892.5, 8080.0], [86875.0, 8110.0], [86872.5, 20.0], [86845.0, 34360.0], [86817.5, 8180.0], [86802.5, 20.0], [86797.5, 8080.0]], "asks": [[86972.5, 8000.0], [86975.0, 10000.0], [86985.0, 8160.0], [86987.5, 8000.0], [86992.5, 10060.0], [86995.0, 20120.0], [87007.5, 8160.0], [87022.5, 10160.0], [87062.5, 8160.0], [87075.0, 50000.0], [87077.5, 7930.0], [87080.0, 20.0], [87147.5, 7870.0], [87150.0, 70.0], [87187.5, 8050.0], [87220.0, 20.0], [87222.5, 7890.0], [87232.5, 8080.0], [87242.5, 8000.0], [87245.0, 330.0]]}}}
{"jsonrpc": "2.0", "method": "subscription", "params": {"channel": "book.BTC-11APR25.none.20.100ms", "data": {"timestamp": 1743608161979, "change_id": 95270940304, "instrument_name": "BTC-11APR25", "bids": [[86957.5, 2400.0], [86955.0, 8000.0], [86942.5, 20.0], [86940.0, 7450.0], [86935.0, 8160.0], [86925.0, 8160.0], [86915.0, 8160.0], [86905.0, 8280.0], [86892.5, 8080.0], [86890.0, 10000.0], [86875.0, 8110.0], [86872.5, 20.0], [86845.0, 34360.0], [86817.5, 8180.0], [86802.5, 20.0], [86797.5, 8080.0], [86777.5, 8180.0], [86767.5, 8180.0], [86757.5, 7930.0], [86755.0, 330.0]], "asks": [[86975.0, 10000.0], [86977.5, 7450.0], [86985.0, 8280.0], [87007.5, 8160.0], [87020.0, 50000.0], [87022.5, 10160.0], [87062.5, 8160.0], [87077.5, 7930.0], [87080.0, 20.0], [87147.5, 7870.0], [87150.0, 70.0], [87157.5, 330.0], [87187.5, 8050.0], [87220.0, 20.0], [87222.5, 7890.0], [87232.5, 8080.0], [87242.5, 8000.0], [87245.0, 330.0], [87287.5, 8000.0], [87290.0, 10.0]]}}}
{"jsonrpc": "2.0", "method": "subscription", "params": {"channel": "book.BTC-4APR25.none.20.100ms", "data": {"timestamp": 1743608161978, "change_id": 95270940297, "instrument_name": "BTC-4APR25", "bids": [[86877.5, 10.0], [86872.5, 2280.0], [86870.0, 7450.0], [86865.0, 270.0], [86862.5, 900.0], [86860.0, 7900.0], [86857.5, 26200.0], [86837.5, 120.0], [86822.5, 3000.0], [86820.0, 10000.0], [86802.5, 40.0], [86800.0, 3080.0], [86797.5, 10260.0], [86785.0, 4730.0], [86782.5, 10750.0], [86780.0, 5000.0], [86775.0, 3080.0], [86772.5, 10260.0], [86740.0, 3230.0], [86737.5, 10750.0]], "asks": [[86897.5, 270.0], [86900.0, 5730.0], [86902.5, 10000.0], [86905.0, 7450.0], [86912.5, 10.0], [86915.0, 6390.0], [86917.5, 20000.0], [86920.0, 1500.0], [86922.5, 2000.0], [86930.0, 4050.0], [86932.5, 60500.0], [86960.0, 10260.0], [86992.5, 10260.0], [87000.0, 4350.0], [87005.0, 10260.0], [87010.0, 40.0], [87067.5, 10650.0], [87080.0, 40.0], [87090.0, 330.0], [87117.5, 10250.0]]}}}
{"jsonrpc": "2.0", "method": "subscription", "params": {"channel": "book.BTC-4APR25.none.20.100ms", "data": {"timestamp": 1743608162217, "change_id": 95270941321, "instrument_name": "BTC-4APR25", "bids": [[86877.5, 10.0], [86872.5, 2280.0], [86870.0, 7450.0], [86862.5, 900.0], [86860.0, 7860.0], [86857.5, 26200.0], [86850.0, 120.0], [86830.0, 3190.0], [86827.5, 10630.0], [86822.5, 3000.0], [86820.0, 10000.0], [86810.0, 3190.0], [86807.5, 10630.0], [86802.5, 40.0], [86797.5, 10260.0], [86782.5, 10750.0], [86780.0, 5000.0], [86772.5, 10260.0], [86740.0, 3230.0], [86737.5, 10750.0]], "asks": [[86900.0, 900.0], [86915.0, 7450.0], [86917.5, 20000.0], [86920.0, 10900.0], [86927.5, 310.0], [86930.0, 15630.0], [86932.5, 60500.0], [86990.0, 3080.0], [86992.5, 10260.0], [86997.5, 1310.0], [87000.0, 4350.0], [87005.0, 10260.0], [87010.0, 40.0], [87067.5, 10650.0], [87080.0, 40.0], [87090.0, 330.0], [87117.5, 10250.0], [87137.5, 10430.0], [87147.5, 10750.0], [87150.0, 40.0]]}}}
{"jsonrpc": "2.0", "method": "subscription", "params": {"channel": "book.BTC-11APR25.none.20.100ms", "data": {"timestamp": 1743608162265, "change_id": 95270941374, "instrument_name": "BTC-11APR25", "bids": [[86962.5, 2400.0], [86960.0, 8000.0], [86957.5, 2400.0], [86955.0, 8000.0], [86950.0, 8000.0], [86947.5, 2450.0], [86945.0, 8160.0], [86942.5, 2260.0], [86940.0, 7450.0], [86935.0, 8160.0], [86925.0, 8160.0], [86917.5, 120.0], [86915.0, 8160.0], [86905.0, 8160.0], [86892.5, 8080.0], [86890.0, 10000.0], [86875.0, 8110.0], [86872.5, 20.0], [86845.0, 34360.0], [86817.5, 8180.0]], "asks": [[86985.0, 2240.0], [86987.5, 7450.0], [86992.5, 10000.0], [86995.0, 8160.0], [86997.5, 120.0], [87005.0, 2450.0], [87007.5, 8160.0], [87022.5, 10160.0], [87060.0, 50000.0], [87062.5, 8160.0], [87077.5, 7930.0], [87080.0, 20.0], [87147.5, 7870.0], [87150.0, 70.0], [87157.5, 330.0], [87187.5, 8050.0], [87220.0, 20.0], [87222.5, 7890.0], [87232.5, 8080.0], [87242.5, 8000.0]]}}}
{"jsonrpc": "2.0", "method": "subscription", "params": {"channel": "book.BTC-11APR25.none.20.100ms", "data": {"timestamp": 1743608162581, "change_id": 95270942495, "instrument_name": "BTC-11APR25", "bids": [[86972.5, 8000.0], [86967.5, 7450.0], [86962.5, 8160.0], [86945.0, 8160.0], [86942.5, 20.0], [86935.0, 8160.0], [86927.5, 120.0], [86925.0, 8160.0], [86915.0, 8160.0], [86905.0, 8160.0], [86892.5, 8080.0], [86890.0, 10000.0], [86875.0, 8110.0], [86872.5, 20.0], [86845.0, 34360.0], [86817.5, 8180.0], [86802.5, 20.0], [86797.5, 8080.0], [86777.5, 8180.0], [86767.5, 8180.0]], "asks": [[87042.5, 8000.0], [87045.0, 36160.0], [87052.5, 2000.0], [87062.5, 8160.0], [87077.5, 7930.0], [87080.0, 20.0], [87145.0, 50000.0], [87147.5, 7870.0], [87150.0, 70.0], [87187.5, 8050.0], [87220.0, 20.0], [87222.5, 7890.0], [87232.5, 8080.0], [87242.5, 8000.0], [87245.0, 330.0], [87287.5, 8000.0], [87290.0, 10.0], [87297.5, 8040.0], [87307.5, 7820.0], [87317.5, 8190.0]]}}}
{"jsonrpc": "2.0", "method": "subscription", "params": {"channel": "book.BTC-4APR25.none.20.100ms", "data": {"timestamp": 1743608162548, "change_id": 95270942461, "instrument_name": "BTC-4APR25", "bids": [[86902.5, 10.0], [86897.5, 7450.0], [86875.0, 120.0], [86872.5, 2280.0], [86857.5, 26200.0], [86837.5, 10630.0], [86827.5, 10630.0], [86820.0, 10000.0], [86807.5, 10630.0], [86802.5, 40.0], [86797.5, 10260.0], [86782.5, 10750.0], [86780.0, 5000.0], [86772.5, 10260.0], [86737.5, 10750.0], [86732.5, 40.0], [86727.5, 10750.0], [86720.0, 5000.0], [86707.5, 10750.0], [86687.5, 330.0]], "asks": [[86927.5, 310.0], [86990.0, 3080.0], [87000.0, 4350.0], [87005.0, 10260.0], [87010.0, 40.0], [87067.5, 10650.0], [87080.0, 40.0], [87090.0, 330.0], [87117.5, 10250.0], [87120.0, 50000.0], [87137.5, 10430.0], [87147.5, 10750.0], [87150.0, 40.0], [87157.5, 10400.0], [87167.5, 10650.0], [87212.5, 10580.0], [87220.0, 40.0], [87242.5, 10500.0], [87272.5, 10250.0], [87282.5, 10540.0]]}}}
{"jsonrpc": "2.0", "method": "subscription", "params": {"channel": "book.BTC-4APR25.none.20.100ms", "data": {"timestamp": 1743608162906, "change_id": 95270944541, "instrument_name": "BTC-4APR25", "bids": [[86915.0, 10.0], [86910.0, 900.0], [86907.5, 7450.0], [86877.5, 900.0], [86875.0, 10620.0], [86872.5, 40.0], [86857.5, 26200.0], [86855.0, 10000.0], [86827.5, 10630.0], [86807.5, 10630.0], [86802.5, 40.0], [86797.5, 10260.0], [86782.5, 10750.0], [86780.0, 5000.0], [86772.5, 10260.0], [86737.5, 10750.0], [86732.5, 40.0], [86727.5, 10750.0], [86720.0, 5000.0], [86707.5, 10750.0]], "asks": [[86920.0, 900.0], [86925.0, 900.0], [86947.5, 17450.0], [86960.0, 120.0], [87000.0, 4350.0], [87005.0, 10260.0], [87010.0, 40.0], [87067.5, 10650.0], [87080.0, 40.0], [87117.5, 10250.0], [87120.0, 50000.0], [87147.5, 10750.0], [87150.0, 40.0], [87157.5, 10400.0], [87167.5, 10650.0], [87212.5, 10580.0], [87220.0, 40.0], [87242.5, 10500.0], [87272.5, 10250.0], [87282.5, 10540.0]]}}}
{"jsonrpc": "2.0", "method": "subscription", "params": {"channel": "book.BTC-11APR25.none.20.100ms", "data": {"timestamp": 1743608162967, "change_id": 95270944547, "instrument_name": "BTC-11APR25", "bids": [[86987.5, 8000.0], [86982.5, 8000.0], [86975.0, 7450.0], [86970.0, 8160.0], [86945.0, 8160.0], [86942.5, 20.0], [86940.0, 120.0], [86935.0, 8160.0], [86925.0, 18160.0], [86915.0, 8160.0], [86905.0, 8160.0], [86892.5, 8080.0], [86875.0, 8110.0], [86872.5, 20.0], [86845.0, 34360.0], [86817.5, 8180.0], [86802.5, 20.0], [86797.5, 8080.0], [86777.5, 8180.0], [86767.5, 8180.0]], "asks": [[87012.5, 8000.0], [87017.5, 15450.0], [87022.5, 18160.0], [87027.5, 120.0], [87030.0, 20000.0], [87045.0, 8160.0], [87052.5, 2000.0], [87060.0, 50000.0], [87062.5, 8160.0], [87077.5, 7930.0], [87080.0, 20.0], [87147.5, 7870.0], [87150.0, 70.0], [87187.5, 8050.0], [87220.0, 20.0], [87222.5, 7890.0], [87232.5, 8080.0], [87242.5, 8000.0], [87245.0, 330.0], [87287.5, 8000.0]]}}}
{"jsonrpc": "2.0", "method": "subscription", "params": {"channel": "book.BTC-4APR25.none.20.100ms", "data": {"timestamp": 1743608163225, "change_id": 95270946000, "instrument_name": "BTC-4APR25", "bids": [[86922.5, 7450.0], [86915.0, 10.0], [86890.0, 120.0], [86877.5, 900.0], [86875.0, 10500.0], [86872.5, 40.0], [86865.0, 10000.0], [86857.5, 26200.0], [86827.5, 10630.0], [86807.5, 10630.0], [86802.5, 40.0], [86797.5, 10260.0], [86782.5, 10750.0], [86780.0, 5000.0], [86772.5, 10260.0], [86737.5, 10750.0], [86732.5, 40.0], [86727.5, 10750.0], [86720.0, 5000.0], [86707.5, 10750.0]], "asks": [[86960.0, 120.0], [86970.0, 7450.0], [86982.5, 2000.0], [87000.0, 4350.0], [87010.0, 40.0], [87067.5, 10650.0], [87080.0, 40.0], [87117.5, 10250.0], [87142.5, 330.0], [87147.5, 10750.0], [87150.0, 50040.0], [87157.5, 10400.0], [87167.5, 10650.0], [87212.5, 10580.0], [87220.0, 40.0], [87242.5, 10500.0], [87272.5, 10250.0], [87282.5, 10540.0], [87290.0, 40.0], [87292.5, 10280.0]]}}}
{"jsonrpc": "2.0", "method": "subscription", "params": {"channel": "book.BTC-11APR25.none.20.100ms", "data": {"timestamp": 1743608163237, "change_id": 95270946006, "instrument_name": "BTC-11APR25", "bids": [[86992.5, 8000.0], [86990.0, 7450.0], [86987.5, 8000.0], [86970.0, 8160.0], [86955.0, 120.0], [86945.0, 8160.0], [86942.5, 20.0], [86935.0, 18160.0], [86925.0, 8160.0], [86915.0, 8160.0], [86905.0, 8160.0], [86892.5, 8080.0], [86875.0, 8110.0], [86872.5, 20.0], [86845.0, 34360.0], [86817.5, 8180.0], [86802.5, 20.0], [86797.5, 8080.0], [86777.5, 8180.0], [86767.5, 8180.0]], "asks": [[87022.5, 10000.0], [87032.5, 8160.0], [87040.0, 53570.0], [87045.0, 8160.0], [87062.5, 8160.0], [87077.5, 7930.0], [87080.0, 20.0], [87145.0, 50000.0], [87147.5, 7870.0], [87150.0, 70.0], [87187.5, 8050.0], [87220.0, 20.0], [87222.5, 7890.0], [87232.5, 8080.0], [87242.5, 8000.0], [87245.0, 330.0], [87287.5, 8000.0], [87290.0, 10.0], [87297.5, 8040.0], [87307.5, 7820.0]]}}}
{"jsonrpc": "2.0", "method": "subscription", "params": {"channel": "book.BTC-4APR25.none.20.100ms", "data": {"timestamp": 1743608163610, "change_id": 95270946769, "instrument_name": "BTC-4APR25", "bids": [[86940.0, 10.0], [86935.0, 270.0], [86932.5, 900.0], [86927.5, 270.0], [86925.0, 3140.0], [86922.5, 7450.0], [86917.5, 120.0], [86892.5, 3000.0], [86890.0, 10000.0], [86877.5, 4050.0], [86875.0, 13700.0], [86872.5, 10670.0], [86865.0, 3190.0], [86862.5, 10630.0], [86860.0, 7860.0], [86857.5, 26200.0], [86830.0, 3190.0], [86827.5, 10630.0], [86807.5, 10630.0], [86802.5, 40.0]], "asks": [[86957.5, 900.0], [86960.0, 900.0], [86977.5, 120.0], [86982.5, 2000.0], [86997.5, 1310.0], [87000.0, 4350.0], [87010.0, 40.0], [87067.5, 10650.0], [87080.0, 40.0], [87117.5, 10250.0], [87142.5, 330.0], [87145.0, 50000.0], [87147.5, 10750.0], [87150.0, 40.0], [87157.5, 10400.0], [87167.5, 10650.0], [87212.5, 10580.0], [87220.0, 40.0], [87242.5, 10500.0], [87272.5, 10250.0]]}}}
{"jsonrpc": "2.0", "method": "subscription", "params": {"channel": "book.BTC-11APR25.none.20.100ms", "data": {"timestamp": 1743608163567, "change_id": 95270946681, "instrument_name": "BTC-11APR25", "bids": [[87002.5, 4790.0], [87000.0, 18360.0], [86997.5, 8000.0], [86990.0, 15410.0], [86987.5, 8000.0], [86982.5, 2390.0], [86980.0, 7960.0], [86972.5, 2450.0], [86970.0, 8160.0], [86967.5, 120.0], [86960.0, 17960.0], [86945.0, 8160.0], [86942.5, 20.0], [86937.5, 2450.0], [86935.0, 8160.0], [86925.0, 8160.0], [86915.0, 8160.0], [86905.0, 8160.0], [86892.5, 8080.0], [86875.0, 8110.0]], "asks": [[87035.0, 31110.0], [87037.5, 50000.0], [87040.0, 46240.0], [87062.5, 8160.0], [87077.5, 7930.0], [87080.0, 20.0], [87147.5, 7870.0], [87150.0, 70.0], [87187.5, 8050.0], [87220.0, 20.0], [87222.5, 7890.0], [87232.5, 8080.0], [87242.5, 8000.0], [87245.0, 330.0], [87287.5, 8000.0], [87290.0, 10.0], [87297.5, 8040.0], [87307.5, 7820.0], [87317.5, 8190.0], [87320.0, 24080.0]]}}}
{"jsonrpc": "2.0", "method": "subscription", "params": {"channel": "book.BTC-11APR25.none.20.100ms", "data": {"timestamp": 1743608163954, "change_id": 95270948541, "instrument_name": "BTC-11APR25", "bids": [[87027.5, 2240.0], [87010.0, 8000.0], [87007.5, 2400.0], [87005.0, 8000.0], [87002.5, 4790.0], [87000.0, 18360.0], [86997.5, 8000.0], [86992.5, 2390.0], [86990.0, 7960.0], [86985.0, 120.0], [86982.5, 2390.0], [86980.0, 7960.0], [86970.0, 8160.0], [86960.0, 17960.0], [86945.0, 8160.0], [86942.5, 20.0], [86937.5, 2450.0], [86935.0, 8160.0], [86925.0, 8160.0], [86915.0, 8160.0]], "asks": [[87040.0, 120.0], [87062.5, 8160.0], [87067.5, 7450.0], [87077.5, 7930.0], [87080.0, 20.0], [87082.5, 2000.0], [87147.5, 7870.0], [87150.0, 70.0], [87187.5, 8050.0], [87220.0, 20.0], [87222.5, 57890.0], [87232.5, 8080.0], [87242.5, 8000.0], [87245.0, 330.0], [87287.5, 8000.0], [87290.0, 10.0], [87297.5, 8040.0], [87307.5, 7820.0], [87317.5, 8190.0], [87320.0, 24080.0]]}}}
{"jsonrpc": "2.0", "method": "subscription", "params": {"channel": "book.BTC-4APR25.none.20.100ms", "data": {"timestamp": 1743608163867, "change_id": 95270948453, "instrument_name": "BTC-4APR25", "bids": [[86940.0, 10.0], [86927.5, 270.0], [86925.0, 900.0], [86917.5, 120.0], [86892.5, 3000.0], [86890.0, 10000.0], [86877.5, 4050.0], [86875.0, 13700.0], [86872.5, 10670.0], [86865.0, 3190.0], [86862.5, 10630.0], [86860.0, 7860.0], [86857.5, 26200.0], [86830.0, 3190.0], [86827.5, 10630.0], [86810.0, 3190.0], [86807.5, 10630.0], [86802.5, 40.0], [86800.0, 3080.0], [86797.5, 10260.0]], "asks": [[86992.5, 11400.0], [86995.0, 8350.0], [86997.5, 11400.0], [87000.0, 24350.0], [87010.0, 40.0], [87067.5, 10650.0], [87080.0, 40.0], [87115.0, 50000.0], [87117.5, 10250.0], [87147.5, 10750.0], [87150.0, 40.0], [87157.5, 10400.0], [87167.5, 10650.0], [87212.5, 10580.0], [87220.0, 40.0], [87242.5, 10500.0], [87272.5, 10250.0], [87282.5, 10540.0], [87290.0, 40.0], [87292.5, 10280.0]]}}}
{"jsonrpc": "2.0", "method": "subscription", "params": {"channel": "book.BTC-11APR25.none.20.100ms", "data": {"timestamp": 1743608164230, "change_id": 95270950576, "instrument_name": "BTC-11APR25", "bids": [[87010.0, 8000.0], [87007.5, 120.0], [87005.0, 8000.0], [87000.0, 10400.0], [86997.5, 8000.0], [86992.5, 2390.0], [86990.0, 7960.0], [86980.0, 7960.0], [86970.0, 8160.0], [86960.0, 17960.0], [86945.0, 8160.0], [86942.5, 20.0], [86937.5, 2450.0], [86935.0, 8160.0], [86925.0, 8160.0], [86915.0, 8160.0], [86905.0, 8160.0], [86892.5, 8080.0], [86875.0, 8110.0], [86872.5, 20.0]], "asks": [[87027.5, 10.0], [87037.5, 8000.0], [87040.0, 7450.0], [87052.5, 7960.0], [87060.0, 10000.0], [87062.5, 8160.0], [87077.5, 7930.0], [87080.0, 20.0], [87145.0, 50000.0], [87147.5, 7870.0], [87150.0, 70.0], [87187.5, 8050.0], [87220.0, 20.0], [87222.5, 7890.0], [87232.5, 8080.0], [87242.5, 8000.0], [87245.0, 330.0], [87287.5, 8000.0], [87290.0, 10.0], [87297.5, 8040.0]]}}}
{"jsonrpc": "2.0", "method": "subscription", "params": {"channel": "book.BTC-4APR25.none.20.100ms", "data": {"timestamp": 1743608164257, "change_id": 95270950510, "instrument_name": "BTC-4APR25", "bids": [[86927.5, 270.0], [86925.0, 900.0], [86917.5, 120.0], [86892.5, 3000.0], [86890.0, 10000.0], [86877.5, 4050.0], [86875.0, 10500.0], [86872.5, 40.0], [86865.0, 3190.0], [86862.5, 10630.0], [86860.0, 7860.0], [86857.5, 26200.0], [86827.5, 10630.0], [86807.5, 10630.0], [86802.5, 40.0], [86797.5, 10260.0], [86782.5, 10750.0], [86780.0, 5000.0], [86775.0, 330.0], [86772.5, 10260.0]], "asks": [[86960.0, 10.0], [86965.0, 2240.0], [86967.5, 17450.0], [86980.0, 10500.0], [86982.5, 20000.0], [86985.0, 50000.0], [86992.5, 11400.0], [86995.0, 900.0], [86997.5, 900.0], [87000.0, 4350.0], [87010.0, 40.0], [87025.0, 10630.0], [87067.5, 10650.0], [87080.0, 40.0], [87117.5, 10250.0], [87147.5, 10750.0], [87150.0, 40.0], [87157.5, 10400.0], [87167.5, 10650.0], [87212.5, 10580.0]]}}}
{"jsonrpc": "2.0", "method": "subscription", "params": {"channel": "book.BTC-11APR25.none.20.100ms", "data": {"timestamp": 1743608164569, "change_id": 95270952214, "instrument_name": "BTC-11APR25", "bids": [[86992.5, 8000.0], [86980.0, 7960.0], [86972.5, 120.0], [86970.0, 8160.0], [86960.0, 7960.0], [86947.5, 10000.0], [86945.0, 8160.0], [86942.5, 20.0], [86935.0, 8160.0], [86925.0, 8160.0], [86915.0, 8160.0], [86905.0, 8160.0], [86892.5, 8080.0], [86875.0, 8110.0], [86872.5, 20.0], [86845.0, 34360.0], [86817.5, 8180.0], [86802.5, 20.0], [86797.5, 8080.0], [86777.5, 8180.0]], "asks": [[87022.5, 8000.0], [87025.0, 7970.0], [87030.0, 8000.0], [87035.0, 17960.0], [87037.5, 7450.0], [87050.0, 50120.0], [87052.5, 7960.0], [87062.5, 8160.0], [87077.5, 7930.0], [87080.0, 20.0], [87147.5, 7870.0], [87150.0, 70.0], [87187.5, 8050.0], [87220.0, 20.0], [87222.5, 7890.0], [87232.5, 8080.0], [87242.5, 8000.0], [87245.0, 330.0], [87287.5, 8000.0], [87290.0, 10.0]]}}}
{"jsonrpc": "2.0", "method": "subscription", "params": {"channel": "book.BTC-4APR25.none.20.100ms", "data": {"timestamp": 1743608164580, "change_id": 95270952132, "instrument_name": "BTC-4APR25", "bids": [[86922.5, 900.0], [86920.0, 900.0], [86905.0, 120.0], [86877.5, 900.0], [86875.0, 20500.0], [86872.5, 40.0], [86860.0, 10630.0], [86857.5, 26200.0], [86827.5, 10630.0], [86807.5, 10630.0], [86802.5, 40.0], [86797.5, 10260.0], [86782.5, 10750.0], [86780.0, 5000.0], [86772.5, 10260.0], [86737.5, 10750.0], [86732.5, 40.0], [86727.5, 10750.0], [86720.0, 5000.0], [86707.5, 10750.0]], "asks": [[86960.0, 10.0], [86965.0, 7450.0], [86967.5, 10000.0], [86980.0, 10500.0], [86985.0, 2000.0], [86992.5, 11400.0], [86995.0, 900.0], [86997.5, 900.0], [87000.0, 4350.0], [87010.0, 40.0], [87012.5, 50000.0], [87025.0, 10630.0], [87067.5, 10650.0], [87080.0, 40.0], [87117.5, 10250.0], [87147.5, 10750.0], [87150.0, 40.0], [87157.5, 10400.0], [87167.5, 10650.0], [87185.0, 330.0]]}}}
{"jsonrpc": "2.0", "method": "subscription", "params": {"channel": "book.BTC-11APR25.none.20.100ms", "data": {"timestamp": 1743608164940, "change_id": 95270953842, "instrument_name": "BTC-11APR25", "bids": [[86970.0, 8000.0], [86960.0, 7960.0], [86955.0, 120.0], [86945.0, 8160.0], [86942.5, 20.0], [86935.0, 8160.0], [86925.0, 8160.0], [86915.0, 8160.0], [86905.0, 8160.0], [86892.5, 8080.0], [86875.0, 8110.0], [86872.5, 20.0], [86845.0, 34360.0], [86817.5, 8180.0], [86802.5, 20.0], [86797.5, 8410.0], [86777.5, 8180.0], [86767.5, 8180.0], [86757.5, 7930.0], [86747.5, 8080.0]], "asks": [[87010.0, 10.0], [87015.0, 8000.0], [87022.5, 18000.0], [87025.0, 7960.0], [87035.0, 7960.0], [87037.5, 7450.0], [87040.0, 120.0], [87050.0, 50000.0], [87052.5, 7960.0], [87062.5, 8160.0], [87077.5, 7930.0], [87080.0, 20.0], [87147.5, 7870.0], [87150.0, 70.0], [87187.5, 8050.0], [87220.0, 20.0], [87222.5, 7890.0], [87232.5, 8080.0], [87242.5, 8000.0], [87245.0, 330.0]]}}}
{"jsonrpc": "2.0", "method": "subscription", "params": {"channel": "book.BTC-4APR25.none.20.100ms", "data": {"timestamp": 1743608164952, "change_id": 95270953884, "instrument_name": "BTC-4APR25", "bids": [[86892.5, 3420.0], [86890.0, 11400.0], [86887.5, 120.0], [86882.5, 3420.0], [86880.0, 10500.0], [86877.5, 900.0], [86875.0, 10500.0], [86872.5, 40.0], [86857.5, 26200.0], [86827.5, 10630.0], [86807.5, 10630.0], [86802.5, 40.0], [86797.5, 10260.0], [86782.5, 10750.0], [86780.0, 5000.0], [86772.5, 10260.0], [86737.5, 10750.0], [86732.5, 40.0], [86730.0, 330.0], [86727.5, 10750.0]], "asks": [[86945.0, 10.0], [86950.0, 10900.0], [86960.0, 10500.0], [86965.0, 7450.0], [86972.5, 120.0], [86980.0, 10500.0], [86985.0, 2000.0], [86992.5, 900.0], [86995.0, 900.0], [86997.5, 900.0], [87000.0, 4350.0], [87007.5, 50000.0], [87010.0, 10670.0], [87025.0, 10630.0], [87067.5, 10650.0], [87080.0, 40.0], [87117.5, 10250.0], [87147.5, 10750.0], [87150.0, 40.0], [87157.5, 10400.0]]}}}
{"jsonrpc": "2.0", "method": "subscription", "params": {"channel": "book.BTC-4APR25.none.20.100ms", "data": {"timestamp": 1743608165228, "change_id": 95270955026, "instrument_name": "BTC-4APR25", "bids": [[86915.0, 7450.0], [86905.0, 120.0], [86892.5, 7880.0], [86890.0, 11400.0], [86880.0, 10500.0], [86877.5, 10900.0], [86872.5, 40.0], [86857.5, 26200.0], [86807.5, 10630.0], [86802.5, 40.0], [86797.5, 10260.0], [86782.5, 10750.0], [86780.0, 5000.0], [86772.5, 10260.0], [86737.5, 10750.0], [86732.5, 40.0], [86730.0, 330.0], [86727.5, 10750.0], [86720.0, 5000.0], [86707.5, 10750.0]], "asks": [[86940.0, 10900.0], [86945.0, 10.0], [86950.0, 900.0], [86957.5, 7450.0], [86960.0, 10500.0], [86962.5, 120.0], [86980.0, 60500.0], [86982.5, 86980.0], [86985.0, 2000.0], [86992.5, 900.0], [86995.0, 900.0], [86997.5, 900.0], [87000.0, 4350.0], [87010.0, 40.0], [87067.5, 10650.0], [87080.0, 40.0], [87117.5, 10250.0], [87147.5, 10750.0], [87150.0, 40.0], [87157.5, 10400.0]]}}}
{"jsonrpc": "2.0", "method": "subscription", "params": {"channel": "book.BTC-11APR25.none.20.100ms", "data": {"timestamp": 1743608165235, "change_id": 95270954899, "instrument_name": "BTC-11APR25", "bids": [[86990.0, 8000.0], [86987.5, 7450.0], [86980.0, 8000.0], [86972.5, 120.0], [86960.0, 7960.0], [86947.5, 10000.0], [86945.0, 8160.0], [86942.5, 20.0], [86925.0, 8160.0], [86915.0, 8160.0], [86905.0, 8160.0], [86892.5, 8080.0], [86875.0, 8110.0], [86872.5, 20.0], [86845.0, 34360.0], [86817.5, 8180.0], [86802.5, 20.0], [86797.5, 8410.0], [86777.5, 8180.0], [86767.5, 8180.0]], "asks": [[87010.0, 10.0], [87012.5, 10000.0], [87022.5, 8000.0], [87030.0, 7570.0], [87035.0, 7960.0], [87042.5, 50000.0], [87045.0, 87040.0], [87062.5, 8160.0], [87077.5, 7930.0], [87080.0, 20.0], [87147.5, 7870.0], [87150.0, 70.0], [87187.5, 8050.0], [87220.0, 20.0], [87222.5, 7890.0], [87232.5, 8080.0], [87242.5, 8000.0], [87245.0, 330.0], [87287.5, 8000.0], [87290.0, 10.0]]}}}
{"jsonrpc": "2.0", "method": "subscription", "params": {"channel": "book.BTC-11APR25.none.20.100ms", "data": {"timestamp": 1743608165611, "change_id": 95270956350, "instrument_name": "BTC-11APR25", "bids": [[87012.5, 10.0], [87007.5, 8000.0], [86997.5, 7960.0], [86995.0, 120.0], [86960.0, 17960.0], [86945.0, 8160.0], [86942.5, 20.0], [86925.0, 8160.0], [86915.0, 8160.0], [86905.0, 8160.0], [86892.5, 8080.0], [86875.0, 8110.0], [86872.5, 20.0], [86845.0, 34360.0], [86817.5, 8180.0], [86802.5, 20.0], [86797.5, 8410.0], [86777.5, 8180.0], [86767.5, 8180.0], [86757.5, 7930.0]], "asks": [[87035.0, 10.0], [87037.5, 8000.0], [87040.0, 15960.0], [87047.5, 120.0], [87055.0, 20000.0], [87062.5, 8160.0], [87077.5, 7930.0], [87080.0, 20.0], [87087.5, 2000.0], [87147.5, 7870.0], [87150.0, 70.0], [87187.5, 8050.0], [87220.0, 20.0], [87222.5, 57890.0], [87232.5, 8080.0], [87242.5, 8000.0], [87245.0, 330.0], [87287.5, 8000.0], [87290.0, 10.0], [87297.5, 8040.0]]}}}
{"jsonrpc": "2.0", "method": "subscription", "params": {"channel": "book.BTC-4APR25.none.20.100ms", "data": {"timestamp": 1743608165606, "change_id": 95270956339, "instrument_name": "BTC-4APR25", "bids": [[86935.0, 10.0], [86927.5, 120.0], [86892.5, 6150.0], [86890.0, 20500.0], [86872.5, 40.0], [86862.5, 3190.0], [86860.0, 10630.0], [86857.5, 26200.0], [86807.5, 10630.0], [86802.5, 40.0], [86797.5, 10260.0], [86782.5, 10750.0], [86780.0, 5000.0], [86772.5, 10260.0], [86737.5, 10750.0], [86732.5, 40.0], [86730.0, 330.0], [86727.5, 10750.0], [86720.0, 5000.0], [86707.5, 10750.0]], "asks": [[86937.5, 900.0], [86965.0, 10000.0], [86980.0, 10500.0], [86985.0, 2000.0], [86990.0, 120.0], [86997.5, 900.0], [87000.0, 4350.0], [87010.0, 40.0], [87067.5, 10650.0], [87080.0, 40.0], [87117.5, 10250.0], [87120.0, 50000.0], [87147.5, 10750.0], [87150.0, 40.0], [87157.5, 10400.0], [87167.5, 10650.0], [87185.0, 330.0], [87212.5, 10580.0], [87220.0, 40.0], [87242.5, 10500.0]]}}}
{"jsonrpc": "2.0", "method": "subscription", "params": {"channel": "book.BTC-4APR25.none.20.100ms", "data": {"timestamp": 1743608165879, "change_id": 95270957311, "instrument_name": "BTC-4APR25", "bids": [[86927.5, 7460.0], [86905.0, 120.0], [86890.0, 10500.0], [86872.5, 40.0], [86860.0, 7860.0], [86857.5, 26200.0], [86850.0, 3190.0], [86847.5, 10630.0], [86810.0, 3190.0], [86807.5, 10630.0], [86802.5, 40.0], [86797.5, 10260.0], [86785.0, 4730.0], [86782.5, 10750.0], [86780.0, 5000.0], [86772.5, 10260.0], [86737.5, 10750.0], [86732.5, 40.0], [86730.0, 330.0], [86727.5, 10750.0]], "asks": [[86930.0, 900.0], [86962.5, 3000.0], [86965.0, 10000.0], [86967.5, 7450.0], [86980.0, 10620.0], [86985.0, 2000.0], [86997.5, 900.0], [87000.0, 4350.0], [87010.0, 40.0], [87067.5, 10650.0], [87080.0, 40.0], [87117.5, 10250.0], [87120.0, 50000.0], [87147.5, 10750.0], [87150.0, 40.0], [87157.5, 10400.0], [87167.5, 10650.0], [87185.0, 330.0], [87212.5, 10580.0], [87220.0, 40.0]]}}}
{"jsonrpc": "2.0", "method": "subscription", "params": {"channel": "book.BTC-11APR25.none.20.100ms", "data": {"timestamp": 1743608165830, "change_id": 95270957313, "instrument_name": "BTC-11APR25", "bids": [[87000.0, 8000.0], [86997.5, 7450.0], [86992.5, 7960.0], [86972.5, 120.0], [86960.0, 7960.0], [86945.0, 8160.0], [86942.5, 20.0], [86925.0, 8160.0], [86915.0, 8160.0], [86905.0, 8160.0], [86892.5, 8080.0], [86875.0, 8110.0], [86872.5, 20.0], [86845.0, 34360.0], [86817.5, 8180.0], [86802.5, 20.0], [86797.5, 8410.0], [86777.5, 8180.0], [86767.5, 8180.0], [86757.5, 7930.0]], "asks": [[87017.5, 10.0], [87022.5, 8000.0], [87030.0, 15960.0], [87037.5, 10000.0], [87040.0, 15410.0], [87047.5, 120.0], [87050.0, 7960.0], [87060.0, 50000.0], [87062.5, 8160.0], [87077.5, 7930.0], [87080.0, 20.0], [87087.5, 2000.0], [87147.5, 7870.0], [87150.0, 70.0], [87187.5, 8050.0], [87220.0, 20.0], [87222.5, 7890.0], [87232.5, 8080.0], [87242.5, 8000.0], [87245.0, 330.0]]}}}
{"jsonrpc": "2.0", "method": "subscription", "params": {"channel": "book.BTC-4APR25.none.20.100ms", "data": {"timestamp": 1743608166265, "change_id": 95270958280, "instrument_name": "BTC-4APR25", "bids": [[86927.5, 7460.0], [86920.0, 120.0], [86892.5, 5760.0], [86890.0, 20500.0], [86872.5, 40.0], [86860.0, 7860.0], [86857.5, 26200.0], [86850.0, 3190.0], [86847.5, 10630.0], [86810.0, 3190.0], [86807.5, 10630.0], [86802.5, 40.0], [86800.0, 3080.0], [86797.5, 10260.0], [86785.0, 4730.0], [86782.5, 10750.0], [86780.0, 5000.0], [86775.0, 3080.0], [86772.5, 10260.0], [86737.5, 10750.0]], "asks": [[86930.0, 900.0], [86952.5, 3000.0], [86955.0, 10000.0], [86965.0, 2270.0], [86967.5, 7450.0], [86970.0, 120.0], [86977.5, 3150.0], [86980.0, 10500.0], [86982.5, 600.0], [86985.0, 2000.0], [86997.5, 2210.0], [87000.0, 4350.0], [87010.0, 40.0], [87020.0, 10630.0], [87065.0, 3200.0], [87067.5, 10650.0], [87080.0, 40.0], [87117.5, 10250.0], [87120.0, 50000.0], [87147.5, 10750.0]]}}}
{"jsonrpc": "2.0", "method": "subscription", "params": {"channel": "book.BTC-11APR25.none.20.100ms", "data": {"timestamp": 1743608166135, "change_id": 95270958289, "instrument_name": "BTC-11APR25", "bids": [[87012.5, 10.0], [87005.0, 2400.0], [87002.5, 8000.0], [87000.0, 2240.0], [86997.5, 7450.0], [86995.0, 2390.0], [86992.5, 7960.0], [86985.0, 120.0], [86962.5, 5390.0], [86960.0, 17960.0], [86945.0, 8160.0], [86942.5, 20.0], [86925.0, 8160.0], [86915.0, 8160.0], [86905.0, 8160.0], [86892.5, 8080.0], [86875.0, 8110.0], [86872.5, 20.0], [86845.0, 34360.0], [86817.5, 8180.0]], "asks": [[87015.0, 10.0], [87020.0, 2400.0], [87022.5, 8000.0], [87027.5, 10000.0], [87037.5, 120.0], [87040.0, 15410.0], [87047.5, 50000.0], [87050.0, 95000.0], [87062.5, 8160.0], [87077.5, 7930.0], [87080.0, 20.0], [87087.5, 2000.0], [87147.5, 7870.0], [87150.0, 70.0], [87187.5, 8050.0], [87220.0, 20.0], [87222.5, 7890.0], [87232.5, 8080.0], [87242.5, 8000.0], [87245.0, 330.0]]}}}
{"jsonrpc": "2.0", "method": "subscription", "params": {"channel": "book.BTC-4APR25.none.20.100ms", "data": {"timestamp": 1743608166595, "change_id": 95270959580, "instrument_name": "BTC-4APR25", "bids": [[86925.0, 10.0], [86920.0, 120.0], [86892.5, 6150.0], [86890.0, 20500.0], [86872.5, 40.0], [86860.0, 7860.0], [86857.5, 26200.0], [86850.0, 3190.0], [86847.5, 10630.0], [86810.0, 3190.0], [86807.5, 10630.0], [86802.5, 40.0], [86800.0, 3080.0], [86797.5, 10260.0], [86782.5, 10750.0], [86780.0, 5000.0], [86772.5, 10260.0], [86737.5, 10750.0], [86732.5, 40.0], [86730.0, 330.0]], "asks": [[86927.5, 900.0], [86955.0, 10000.0], [86970.0, 120.0], [86977.5, 3150.0], [86980.0, 10500.0], [86982.5, 600.0], [86985.0, 2000.0], [86997.5, 900.0], [87000.0, 4350.0], [87010.0, 40.0], [87020.0, 10630.0], [87065.0, 3200.0], [87067.5, 10650.0], [87080.0, 40.0], [87117.5, 10250.0], [87120.0, 50000.0], [87147.5, 10750.0], [87150.0, 40.0], [87157.5, 10400.0], [87167.5, 10650.0]]}}}
{"jsonrpc": "2.0", "method": "subscription", "params": {"channel": "book.BTC-11APR25.none.20.100ms", "data": {"timestamp": 1743608166609, "change_id": 95270959605, "instrument_name": "BTC-11APR25", "bids": [[86992.5, 8000.0], [86990.0, 4820.0], [86987.5, 8000.0], [86985.0, 8080.0], [86960.0, 17960.0], [86945.0, 8160.0], [86942.5, 20.0], [86925.0, 8160.0], [86915.0, 8160.0], [86905.0, 8160.0], [86892.5, 8080.0], [86875.0, 8110.0], [86872.5, 20.0], [86845.0, 34360.0], [86817.5, 8180.0], [86802.5, 20.0], [86797.5, 8410.0], [86777.5, 8180.0], [86767.5, 8180.0], [86757.5, 7930.0]], "asks": [[87015.0, 10.0], [87020.0, 2400.0], [87022.5, 8000.0], [87025.0, 7960.0], [87027.5, 10000.0], [87037.5, 120.0], [87040.0, 7960.0], [87047.5, 50000.0], [87050.0, 95000.0], [87062.5, 10160.0], [87077.5, 7930.0], [87080.0, 20.0], [87147.5, 7870.0], [87150.0, 70.0], [87187.5, 8050.0], [87220.0, 20.0], [87222.5, 7890.0], [87232.5, 8080.0], [87242.5, 8000.0], [87245.0, 330.0]]}}}
{"jsonrpc": "2.0", "method": "subscription", "params": {"channel": "book.BTC-11APR25.none.20.100ms", "data": {"timestamp": 1743608166896, "change_id": 95270960911, "instrument_name": "BTC-11APR25", "bids": [[86977.5, 2400.0], [86975.0, 8000.0], [86962.5, 2390.0], [86960.0, 7960.0], [86957.5, 120.0], [86945.0, 8160.0], [86942.5, 20.0], [86932.5, 10000.0], [86925.0, 8160.0], [86915.0, 8160.0], [86905.0, 8160.0], [86892.5, 8080.0], [86875.0, 8110.0], [86872.5, 20.0], [86845.0, 34360.0], [86817.5, 8180.0], [86802.5, 20.0], [86797.5, 8410.0], [86777.5, 8180.0], [86767.5, 8180.0]], "asks": [[86985.0, 10.0], [86990.0, 8000.0], [87007.5, 17960.0], [87010.0, 7450.0], [87025.0, 7960.0], [87027.5, 120.0], [87040.0, 7960.0], [87047.5, 50000.0], [87050.0, 95000.0], [87062.5, 8160.0], [87077.5, 7930.0], [87080.0, 20.0], [87147.5, 7870.0], [87150.0, 70.0], [87187.5, 8050.0], [87220.0, 20.0], [87222.5, 7890.0], [87232.5, 8080.0], [87242.5, 8000.0], [87245.0, 330.0]]}}}
{"jsonrpc": "2.0", "method": "subscription", "params": {"channel": "book.BTC-4APR25.none.20.100ms", "data": {"timestamp": 1743608166863, "change_id": 95270960778, "instrument_name": "BTC-4APR25", "bids": [[86895.0, 1210.0], [86892.5, 1020.0], [86872.5, 40.0], [86860.0, 10000.0], [86857.5, 26200.0], [86807.5, 10630.0], [86802.5, 40.0], [86797.5, 10260.0], [86782.5, 10750.0], [86780.0, 5000.0], [86772.5, 10260.0], [86737.5, 10750.0], [86732.5, 40.0], [86730.0, 330.0], [86727.5, 10750.0], [86720.0, 5000.0], [86707.5, 10750.0], [86667.5, 10620.0], [86662.5, 40.0], [86655.0, 3290.0]], "asks": [[86922.5, 910.0], [86927.5, 900.0], [86935.0, 10000.0], [86937.5, 7450.0], [86957.5, 2120.0], [86980.0, 10500.0], [86997.5, 11530.0], [87000.0, 4350.0], [87010.0, 40.0], [87017.5, 50000.0], [87020.0, 10630.0], [87067.5, 10650.0], [87080.0, 40.0], [87117.5, 10250.0], [87147.5, 10750.0], [87150.0, 40.0], [87157.5, 10400.0], [87167.5, 10650.0], [87185.0, 330.0], [87212.5, 10580.0]]}}}
{"jsonrpc": "2.0", "method": "subscription", "params": {"channel": "book.BTC-4APR25.none.20.100ms", "data": {"timestamp": 1743608167218, "change_id": 95270962433, "instrument_name": "BTC-4APR25", "bids": [[86895.0, 2240.0], [86892.5, 7450.0], [86880.0, 120.0], [86872.5, 40.0], [86860.0, 10000.0], [86857.5, 26200.0], [86807.5, 10630.0], [86802.5, 40.0], [86782.5, 10750.0], [86780.0, 5000.0], [86772.5, 10260.0], [86737.5, 10750.0], [86732.5, 40.0], [86730.0, 330.0], [86727.5, 10750.0], [86720.0, 5000.0], [86707.5, 10750.0], [86667.5, 10620.0], [86662.5, 40.0], [86655.0, 3290.0]], "asks": [[86915.0, 10900.0], [86922.5, 910.0], [86927.5, 8350.0], [86937.5, 120.0], [86957.5, 2000.0], [86980.0, 10500.0], [86997.5, 11530.0], [87000.0, 4350.0], [87005.0, 50000.0], [87007.5, 10630.0], [87010.0, 40.0], [87067.5, 10650.0], [87080.0, 40.0], [87117.5, 10250.0], [87147.5, 10750.0], [87150.0, 40.0], [87157.5, 10400.0], [87167.5, 10650.0], [87185.0, 330.0], [87212.5, 10580.0]]}}}
{"jsonrpc": "2.0", "method": "subscription", "params": {"channel": "book.BTC-11APR25.none.20.100ms", "data": {"timestamp": 1743608167269, "change_id": 95270962505, "instrument_name": "BTC-11APR25", "bids": [[86975.0, 8010.0], [86965.0, 2240.0], [86962.5, 7450.0], [86945.0, 8280.0], [86942.5, 20.0], [86932.5, 10000.0], [86915.0, 8160.0], [86905.0, 8160.0], [86892.5, 8080.0], [86875.0, 8110.0], [86872.5, 20.0], [86845.0, 34360.0], [86817.5, 8180.0], [86802.5, 20.0], [86797.5, 8410.0], [86777.5, 8180.0], [86767.5, 8180.0], [86757.5, 7930.0], [86747.5, 8080.0], [86732.5, 20.0]], "asks": [[86977.5, 10.0], [86980.0, 2400.0], [86982.5, 8000.0], [86987.5, 10000.0], [86990.0, 8000.0], [86997.5, 7960.0], [87000.0, 7450.0], [87007.5, 8080.0], [87040.0, 7960.0], [87047.5, 50000.0], [87050.0, 95000.0], [87062.5, 8160.0], [87077.5, 7930.0], [87080.0, 20.0], [87147.5, 7870.0], [87150.0, 70.0], [87187.5, 8050.0], [87220.0, 20.0], [87222.5, 7890.0], [87232.5, 8080.0]]}}}
{"jsonrpc": "2.0", "method": "subscription", "params": {"channel": "book.BTC-11APR25.none.20.100ms", "data": {"timestamp": 1743608167483, "change_id": 95270963383, "instrument_name": "BTC-11APR25", "bids": [[86980.0, 10.0], [86975.0, 8000.0], [86972.5, 7450.0], [86965.0, 7960.0], [86955.0, 120.0], [86945.0, 8160.0], [86942.5, 20.0], [86935.0, 7960.0], [86917.5, 10000.0], [86915.0, 8160.0], [86905.0, 8160.0], [86892.5, 8080.0], [86875.0, 8110.0], [86872.5, 20.0], [86845.0, 34360.0], [86817.5, 8180.0], [86802.5, 20.0], [86797.5, 8410.0], [86777.5, 8180.0], [86767.5, 8180.0]], "asks": [[86997.5, 10.0], [87000.0, 8000.0], [87015.0, 7960.0], [87022.5, 120.0], [87040.0, 7960.0], [87047.5, 50000.0], [87050.0, 95000.0], [87062.5, 8160.0], [87077.5, 7930.0], [87080.0, 20.0], [87147.5, 7870.0], [87150.0, 70.0], [87187.5, 8050.0], [87220.0, 20.0], [87222.5, 7890.0], [87232.5, 8080.0], [87242.5, 8000.0], [87245.0, 330.0], [87287.5, 8000.0], [87290.0, 10.0]]}}}
{"jsonrpc": "2.0", "method": "subscription", "params": {"channel": "book.BTC-4APR25.none.20.100ms", "data": {"timestamp": 1743608167381, "change_id": 95270963852, "instrument_name": "BTC-4APR25", "bids": [[86907.5, 10.0], [86902.5, 7450.0], [86880.0, 120.0], [86872.5, 40.0], [86860.0, 7860.0], [86857.5, 36200.0], [86807.5, 10630.0], [86802.5, 40.0], [86782.5, 10750.0], [86780.0, 5000.0], [86772.5, 10260.0], [86737.5, 10750.0], [86732.5, 40.0], [86730.0, 330.0], [86727.5, 10750.0], [86720.0, 5000.0], [86707.5, 10750.0], [86667.5, 10620.0], [86662.5, 40.0], [86655.0, 3290.0]], "asks": [[86915.0, 900.0], [86955.0, 120.0], [86957.5, 2000.0], [86980.0, 10500.0], [86997.5, 11530.0], [87000.0, 4350.0], [87007.5, 10630.0], [87010.0, 40.0], [87065.0, 50000.0], [87067.5, 10650.0], [87080.0, 40.0], [87117.5, 10250.0], [87147.5, 10750.0], [87150.0, 40.0], [87157.5, 10400.0], [87167.5, 10650.0], [87185.0, 330.0], [87212.5, 10580.0], [87220.0, 40.0], [87242.5, 10500.0]]}}}
{"jsonrpc": "2.0", "method": "subscription", "params": {"channel": "book.BTC-4APR25.none.20.100ms", "data": {"timestamp": 1743608167878, "change_id": 95270965062, "instrument_name": "BTC-4APR25", "bids": [[86890.0, 10.0], [86885.0, 8350.0], [86872.5, 40.0], [86862.5, 120.0], [86857.5, 26200.0], [86807.5, 10630.0], [86802.5, 40.0], [86782.5, 10750.0], [86780.0, 5000.0], [86772.5, 10260.0], [86737.5, 10750.0], [86732.5, 40.0], [86727.5, 10750.0], [86720.0, 5000.0], [86707.5, 10750.0], [86687.5, 330.0], [86667.5, 10620.0], [86662.5, 40.0], [86655.0, 3290.0], [86620.0, 10260.0]], "asks": [[86897.5, 900.0], [86930.0, 7450.0], [86932.5, 10000.0], [86942.5, 120.0], [86957.5, 2000.0], [86980.0, 10500.0], [86997.5, 11530.0], [87000.0, 4350.0], [87005.0, 50000.0], [87007.5, 10630.0], [87010.0, 40.0], [87067.5, 10650.0], [87080.0, 40.0], [87117.5, 10250.0], [87147.5, 10750.0], [87150.0, 40.0], [87157.5, 10400.0], [87167.5, 10650.0], [87185.0, 330.0], [87212.5, 10580.0]]}}}
{"jsonrpc": "2.0", "method": "subscription", "params": {"channel": "book.BTC-11APR25.none.20.100ms", "data": {"timestamp": 1743608167932, "change_id": 95270965189, "instrument_name": "BTC-11APR25", "bids": [[86982.5, 8000.0], [86957.5, 7450.0], [86945.0, 8160.0], [86942.5, 20.0], [86935.0, 7960.0], [86927.5, 120.0], [86915.0, 8160.0], [86905.0, 8160.0], [86892.5, 8080.0], [86875.0, 8110.0], [86872.5, 20.0], [86845.0, 34360.0], [86817.5, 8180.0], [86802.5, 20.0], [86797.5, 8080.0], [86777.5, 8180.0], [86767.5, 8180.0], [86757.5, 7930.0], [86755.0, 330.0], [86747.5, 8080.0]], "asks": [[86985.0, 10.0], [86997.5, 7960.0], [87000.0, 8000.0], [87005.0, 10000.0], [87007.5, 7450.0], [87012.5, 120.0], [87015.0, 7960.0], [87035.0, 2000.0], [87037.5, 50000.0], [87040.0, 7960.0], [87050.0, 7960.0], [87062.5, 8160.0], [87077.5, 7930.0], [87080.0, 20.0], [87147.5, 7870.0], [87150.0, 70.0], [87187.5, 8050.0], [87220.0, 20.0], [87222.5, 7890.0], [87232.5, 8080.0]]}}}
{"jsonrpc": "2.0", "method": "subscription", "params": {"channel": "book.BTC-4APR25.none.20.100ms", "data": {"timestamp": 1743608168227, "change_id": 95270966544, "instrument_name": "BTC-4APR25", "bids": [[86872.5, 40.0], [86870.0, 2270.0], [86867.5, 7450.0], [86865.0, 120.0], [86857.5, 26200.0], [86802.5, 40.0], [86782.5, 10750.0], [86780.0, 5000.0], [86772.5, 10260.0], [86737.5, 10750.0], [86732.5, 40.0], [86727.5, 10750.0], [86720.0, 5000.0], [86707.5, 10750.0], [86687.5, 330.0], [86667.5, 10620.0], [86662.5, 40.0], [86655.0, 3290.0], [86620.0, 10260.0], [86607.5, 13160.0]], "asks": [[86905.0, 10.0], [86910.0, 10500.0], [86915.0, 10000.0], [86927.5, 10500.0], [86932.5, 2120.0], [86965.0, 10630.0], [86995.0, 50000.0], [86997.5, 11530.0], [87000.0, 4350.0], [87007.5, 10630.0], [87010.0, 40.0], [87067.5, 10650.0], [87080.0, 40.0], [87117.5, 10250.0], [87147.5, 10750.0], [87150.0, 40.0], [87157.5, 10400.0], [87167.5, 10650.0], [87185.0, 330.0], [87212.5, 10580.0]]}}}
{"jsonrpc": "2.0", "method": "subscription", "params": {"channel": "book.BTC-11APR25.none.20.100ms", "data": {"timestamp": 1743608168134, "change_id": 95270966505, "instrument_name": "BTC-11APR25", "bids": [[86965.0, 10.0], [86942.5, 20.0], [86937.5, 7450.0], [86935.0, 7960.0], [86932.5, 120.0], [86915.0, 8160.0], [86905.0, 8160.0], [86892.5, 8080.0], [86875.0, 8110.0], [86872.5, 20.0], [86845.0, 34360.0], [86817.5, 8180.0], [86802.5, 20.0], [86797.5, 8080.0], [86777.5, 8180.0], [86767.5, 8180.0], [86757.5, 7930.0], [86755.0, 330.0], [86747.5, 8080.0], [86732.5, 20.0]], "asks": [[86982.5, 8000.0], [86985.0, 8010.0], [86990.0, 10000.0], [86992.5, 20000.0], [86997.5, 7960.0], [87002.5, 120.0], [87015.0, 7960.0], [87037.5, 50000.0], [87040.0, 7960.0], [87050.0, 7960.0], [87062.5, 8160.0], [87077.5, 7930.0], [87080.0, 20.0], [87147.5, 7870.0], [87150.0, 70.0], [87187.5, 8050.0], [87220.0, 20.0], [87222.5, 7890.0], [87232.5, 8080.0], [87242.5, 8000.0]]}}}
{"jsonrpc": "2.0", "method": "subscription", "params": {"channel": "book.BTC-4APR25.none.20.100ms", "data": {"timestamp": 1743608168486, "change_id": 95270967278, "instrument_name": "BTC-4APR25", "bids": [[86872.5, 8390.0], [86865.0, 120.0], [86857.5, 26200.0], [86830.0, 10000.0], [86802.5, 40.0], [86782.5, 10750.0], [86780.0, 5000.0], [86772.5, 10260.0], [86737.5, 10750.0], [86732.5, 40.0], [86727.5, 10750.0], [86720.0, 5000.0], [86707.5, 10750.0], [86687.5, 330.0], [86667.5, 10620.0], [86662.5, 40.0], [86655.0, 3290.0], [86620.0, 10260.0], [86607.5, 13160.0], [86605.0, 15420.0]], "asks": [[86900.0, 910.0], [86905.0, 10000.0], [86920.0, 120.0], [86932.5, 2000.0], [86965.0, 10630.0], [86995.0, 50000.0], [86997.5, 11530.0], [87000.0, 4350.0], [87007.5, 10630.0], [87010.0, 40.0], [87067.5, 10650.0], [87080.0, 40.0], [87097.5, 330.0], [87117.5, 10250.0], [87147.5, 10750.0], [87150.0, 40.0], [87157.5, 10400.0], [87167.5, 10650.0], [87212.5, 10580.0], [87220.0, 40.0]]}}}
{"jsonrpc": "2.0", "method": "subscription", "params": {"channel": "book.BTC-11APR25.none.20.100ms", "data": {"timestamp": 1743608168584, "change_id": 95270967488, "instrument_name": "BTC-11APR25", "bids": [[86965.0, 10.0], [86947.5, 7960.0], [86942.5, 20.0], [86935.0, 7960.0], [86932.5, 120.0], [86915.0, 8160.0], [86905.0, 8160.0], [86902.5, 10000.0], [86892.5, 8080.0], [86875.0, 8110.0], [86872.5, 20.0], [86845.0, 34360.0], [86817.5, 8180.0], [86802.5, 20.0], [86797.5, 8080.0], [86777.5, 8180.0], [86767.5, 8180.0], [86757.5, 7930.0], [86755.0, 330.0], [86747.5, 8080.0]], "asks": [[86975.0, 8000.0], [86977.5, 10000.0], [86982.5, 8000.0], [86985.0, 10.0], [86992.5, 120.0], [86997.5, 7960.0], [87015.0, 7960.0], [87037.5, 50000.0], [87040.0, 7960.0], [87050.0, 7960.0], [87062.5, 8160.0], [87077.5, 7930.0], [87080.0, 20.0], [87147.5, 7870.0], [87150.0, 70.0], [87187.5, 8050.0], [87220.0, 20.0], [87222.5, 7890.0], [87232.5, 8080.0], [87242.5, 8000.0]]}}}
{"jsonrpc": "2.0", "method": "subscription", "params": {"channel": "book.BTC-4APR25.none.20.100ms", "data": {"timestamp": 1743608168921, "change_id": 95270969156, "instrument_name": "BTC-4APR25", "bids": [[86872.5, 40.0], [86865.0, 120.0], [86857.5, 33650.0], [86802.5, 40.0], [86792.5, 10630.0], [86782.5, 10750.0], [86780.0, 5000.0], [86775.0, 3080.0], [86772.5, 10260.0], [86740.0, 3230.0], [86737.5, 10750.0], [86732.5, 40.0], [86727.5, 10750.0], [86720.0, 5000.0], [86707.5, 10750.0], [86687.5, 330.0], [86667.5, 10620.0], [86662.5, 40.0], [86655.0, 3290.0], [86620.0, 10260.0]], "asks": [[86890.0, 910.0], [86895.0, 10000.0], [86900.0, 8350.0], [86920.0, 120.0], [86932.5, 2000.0], [86965.0, 10630.0], [86997.5, 11530.0], [87000.0, 4350.0], [87005.0, 50000.0], [87007.5, 10630.0], [87010.0, 40.0], [87067.5, 10650.0], [87080.0, 40.0], [87097.5, 330.0], [87117.5, 10250.0], [87147.5, 10750.0], [87150.0, 40.0], [87157.5, 10400.0], [87167.5, 10650.0], [87212.5, 10580.0]]}}}
{"jsonrpc": "2.0", "method": "subscription", "params": {"channel": "book.BTC-11APR25.none.20.100ms", "data": {"timestamp": 1743608168919, "change_id": 95270969168, "instrument_name": "BTC-11APR25", "bids": [[86965.0, 10.0], [86942.5, 20.0], [86927.5, 7450.0], [86925.0, 7960.0], [86920.0, 120.0], [86915.0, 8160.0], [86905.0, 8160.0], [86892.5, 8080.0], [86875.0, 8110.0], [86872.5, 20.0], [86845.0, 34360.0], [86817.5, 8180.0], [86802.5, 20.0], [86797.5, 8080.0], [86777.5, 8180.0], [86767.5, 8180.0], [86757.5, 7930.0], [86755.0, 330.0], [86747.5, 8080.0], [86732.5, 20.0]], "asks": [[86967.5, 10000.0], [86970.0, 8000.0], [86972.5, 15410.0], [86982.5, 120.0], [86985.0, 27970.0], [86997.5, 7960.0], [87015.0, 7960.0], [87037.5, 50000.0], [87040.0, 7960.0], [87050.0, 7960.0], [87062.5, 8160.0], [87077.5, 7930.0], [87080.0, 20.0], [87147.5, 7870.0], [87150.0, 70.0], [87157.5, 330.0], [87187.5, 8050.0], [87220.0, 20.0], [87222.5, 7890.0], [87232.5, 8080.0]]}}}
{"jsonrpc": "2.0", "method": "subscription", "params": {"channel": "book.BTC-11APR25.none.20.100ms", "data": {"timestamp": 1743608169068, "change_id": 95270970177, "instrument_name": "BTC-11APR25", "bids": [[86942.5, 20.0], [86930.0, 4620.0], [86927.5, 7450.0], [86925.0, 7960.0], [86917.5, 2450.0], [86915.0, 8160.0], [86907.5, 2450.0], [86905.0, 8160.0], [86892.5, 18200.0], [86875.0, 8110.0], [86872.5, 20.0], [86865.0, 7960.0], [86845.0, 34360.0], [86817.5, 8180.0], [86802.5, 20.0], [86797.5, 8080.0], [86777.5, 8180.0], [86767.5, 8180.0], [86757.5, 7930.0], [86747.5, 8080.0]], "asks": [[86965.0, 8000.0], [86967.5, 18000.0], [86972.5, 15410.0], [86982.5, 50120.0], [86985.0, 27970.0], [86997.5, 7960.0], [87010.0, 2000.0], [87015.0, 7960.0], [87040.0, 7960.0], [87050.0, 7960.0], [87062.5, 8160.0], [87077.5, 7930.0], [87080.0, 20.0], [87147.5, 7870.0], [87150.0, 70.0], [87157.5, 330.0], [87187.5, 8050.0], [87220.0, 20.0], [87222.5, 7890.0], [87232.5, 8080.0]]}}}
{"jsonrpc": "2.0", "method": "subscription", "params": {"channel": "book.BTC-4APR25.none.20.100ms", "data": {"timestamp": 1743608169009, "change_id": 95270970174, "instrument_name": "BTC-4APR25", "bids": [[86872.5, 50.0], [86860.0, 10100.0], [86857.5, 33650.0], [86827.5, 120.0], [86822.5, 10000.0], [86802.5, 40.0], [86795.0, 3190.0], [86792.5, 10630.0], [86785.0, 4730.0], [86782.5, 10750.0], [86780.0, 5000.0], [86775.0, 3080.0], [86772.5, 10260.0], [86740.0, 3230.0], [86737.5, 10750.0], [86732.5, 40.0], [86727.5, 10750.0], [86720.0, 5000.0], [86707.5, 10750.0], [86667.5, 10620.0]], "asks": [[86895.0, 10000.0], [86900.0, 7450.0], [86907.5, 120.0], [86932.5, 2000.0], [86965.0, 10630.0], [86997.5, 11530.0], [87000.0, 4350.0], [87005.0, 50000.0], [87007.5, 10630.0], [87010.0, 40.0], [87067.5, 10650.0], [87080.0, 40.0], [87097.5, 330.0], [87117.5, 10250.0], [87147.5, 10750.0], [87150.0, 40.0], [87157.5, 10400.0], [87167.5, 10650.0], [87212.5, 10580.0], [87220.0, 40.0]]}}}
