{"jsonrpc": "2.0", "id": 1, "result": ["book.BTC-7NOV25.none.20.100ms", "book.BTC-14NOV25.none.20.100ms"], "usIn": 1762394226325393, "usOut": 1762394226325589, "usDiff": 196, "testnet": false}
{"jsonrpc": "2.0", "method": "subscription", "params": {"channel": "book.BTC-7NOV25.none.20.100ms", "data": {"timestamp": 1762394225643, "change_id": 125500994908, "instrument_name": "BTC-7NOV25", "bids": [[103442.5, 10000.0], [103440.0, 4390.0], [103430.0, 4500.0], [103427.5, 1340.0], [103425.0, 4500.0], [103422.5, 1340.0], [103420.0, 4500.0], [103417.5, 1470.0], [103415.0, 4390.0], [103377.5, 13770.0], [103375.0, 46140.0], [103315.0, 7270.0], [103312.5, 24360.0], [103302.5, 84530.0], [103300.0, 258250.0], [103282.5, 1350.0], [103280.0, 4530.0], [103267.5, 24930.0], [103227.5, 2370.0], [103222.5, 9500.0]], "asks": [[103445.0, 9810.0], [103452.5, 1310.0], [103455.0, 4390.0], [103457.5, 160.0], [103460.0, 16100.0], [103462.5, 4500.0], [103465.0, 60220.0], [103467.5, 34240.0], [103477.5, 1310.0], [103480.0, 4390.0], [103495.0, 8550.0], [103497.5, 25330.0], [103517.5, 1020.0], [103520.0, 3410.0], [103585.0, 410.0], [103587.5, 1380.0], [103620.0, 8750.0], [103622.5, 24830.0], [103625.0, 4470.0], [103670.0, 49620.0]]}}}
{"jsonrpc": "2.0", "method": "subscription", "params": {"channel": "book.BTC-14NOV25.none.20.100ms", "data": {"timestamp": 1762394225643, "change_id": 125500994735, "instrument_name": "BTC-14NOV25", "bids": [[103505.0, 6680.0], [103502.5, 24190.0], [103482.5, 1300.0], [103480.0, 4350.0], [103390.0, 290.0], [103387.5, 10.0], [103380.0, 4770.0], [103377.5, 15990.0], [103375.0, 13770.0], [103372.5, 46130.0], [103350.0, 1370.0], [103347.5, 4600.0], [103337.5, 1850.0], [103335.0, 6190.0], [103265.0, 40.0], [103242.5, 2370.0], [103227.5, 47530.0], [103225.0, 18710.0], [103215.0, 50000.0], [103147.5, 36820.0]], "asks": [[103515.0, 4200.0], [103517.5, 3900.0], [103520.0, 11410.0], [103522.5, 4190.0], [103532.5, 4760.0], [103535.0, 15930.0], [103542.5, 1250.0], [103545.0, 4190.0], [103602.5, 50000.0], [103605.0, 1470.0], [103607.5, 4940.0], [103622.5, 1900.0], [103625.0, 6370.0], [103640.0, 5750.0], [103642.5, 19240.0], [103677.5, 40.0], [103710.0, 11140.0], [103712.5, 37310.0], [103717.5, 1330.0], [103720.0, 4470.0]]}}}
{"jsonrpc": "2.0", "method": "subscription", "params": {"channel": "book.BTC-14NOV25.none.20.100ms", "data": {"timestamp": 1762394226694, "change_id": 125500996195, "instrument_name": "BTC-14NOV25", "bids": [[103505.0, 6680.0], [103502.5, 24190.0], [103482.5, 1300.0], [103480.0, 4350.0], [103390.0, 290.0], [103387.5, 10.0], [103380.0, 4770.0], [103377.5, 15990.0], [103375.0, 13770.0], [103372.5, 46130.0], [103350.0, 1370.0], [103347.5, 4600.0], [103337.5, 1850.0], [103335.0, 6190.0], [103265.0, 40.0], [103242.5, 2370.0], [103227.5, 47530.0], [103225.0, 18710.0], [103215.0, 50000.0], [103147.5, 36820.0]], "asks": [[103515.0, 4200.0], [103517.5, 3900.0], [103520.0, 11410.0], [103522.5, 4190.0], [103532.5, 4760.0], [103535.0, 15930.0], [103542.5, 1250.0], [103545.0, 4190.0], [103602.5, 50000.0], [103605.0, 1470.0], [103607.5, 4940.0], [103622.5, 1900.0], [103625.0, 6370.0], [103640.0, 5750.0], [103642.5, 19240.0], [103677.5, 40.0], [103710.0, 11140.0], [103712.5, 37310.0], [103717.5, 1330.0], [103720.0, 4470.0]]}}}
{"jsonrpc": "2.0", "method": "subscription", "params": {"channel": "book.BTC-7NOV25.none.20.100ms", "data": {"timestamp": 1762394227516, "change_id": 125500997275, "instrument_name": "BTC-7NOV25", "bids": [[103442.5, 10000.0], [103440.0, 4390.0], [103430.0, 3100.0], [103427.5, 1340.0], [103425.0, 4500.0], [103422.5, 1340.0], [103420.0, 4500.0], [103417.5, 1470.0], [103415.0, 4390.0], [103377.5, 13770.0], [103375.0, 46140.0], [103315.0, 7270.0], [103312.5, 24360.0], [103302.5, 84530.0], [103300.0, 258250.0], [103282.5, 1350.0], [103280.0, 4530.0], [103267.5, 24930.0], [103227.5, 2370.0], [103222.5, 9500.0]], "asks": [[103445.0, 9810.0], [103452.5, 1310.0], [103455.0, 4390.0], [103457.5, 160.0], [103460.0, 16100.0], [103462.5, 4500.0], [103465.0, 60220.0], [103467.5, 34240.0], [103477.5, 1310.0], [103480.0, 4390.0], [103495.0, 8550.0], [103497.5, 25330.0], [103517.5, 1020.0], [103520.0, 3410.0], [103585.0, 410.0], [103587.5, 1380.0], [103620.0, 8750.0], [103622.5, 24830.0], [103625.0, 4470.0], [103670.0, 49620.0]]}}}
{"jsonrpc": "2.0", "method": "subscription", "params": {"channel": "book.BTC-14NOV25.none.20.100ms", "data": {"timestamp": 1762394227669, "change_id": 125500997398, "instrument_name": "BTC-14NOV25", "bids": [[103505.0, 6680.0], [103502.5, 24190.0], [103482.5, 1300.0], [103480.0, 4350.0], [103390.0, 290.0], [103387.5, 10.0], [103380.0, 4770.0], [103377.5, 15990.0], [103375.0, 13770.0], [103372.5, 46130.0], [103350.0, 1370.0], [103347.5, 4600.0], [103337.5, 1850.0], [103335.0, 6190.0], [103265.0, 40.0], [103242.5, 2370.0], [103227.5, 47530.0], [103225.0, 18710.0], [103215.0, 50000.0], [103147.5, 36820.0]], "asks": [[103515.0, 4200.0], [103517.5, 3900.0], [103520.0, 11410.0], [103522.5, 4190.0], [103532.5, 4760.0], [103535.0, 15930.0], [103542.5, 1250.0], [103545.0, 4190.0], [103602.5, 50000.0], [103605.0, 1470.0], [103607.5, 4940.0], [103622.5, 1900.0], [103625.0, 6370.0], [103640.0, 5750.0], [103642.5, 19240.0], [103677.5, 40.0], [103710.0, 11140.0], [103712.5, 37310.0], [103717.5, 1330.0], [103720.0, 4470.0]]}}}
{"jsonrpc": "2.0", "method": "subscription", "params": {"channel": "book.BTC-14NOV25.none.20.100ms", "data": {"timestamp": 1762394228120, "change_id": 125500998276, "instrument_name": "BTC-14NOV25", "bids": [[103505.0, 6680.0], [103502.5, 24190.0], [103482.5, 1300.0], [103480.0, 4350.0], [103392.5, 290.0], [103387.5, 10.0], [103380.0, 4770.0], [103377.5, 15990.0], [103375.0, 13770.0], [103372.5, 46130.0], [103350.0, 1370.0], [103347.5, 4600.0], [103270.0, 1860.0], [103267.5, 6190.0], [103265.0, 40.0], [103242.5, 2370.0], [103227.5, 47530.0], [103225.0, 18710.0], [103215.0, 50000.0], [103147.5, 36820.0]], "asks": [[103515.0, 4200.0], [103517.5, 3900.0], [103520.0, 11410.0], [103522.5, 4190.0], [103532.5, 4760.0], [103535.0, 15930.0], [103542.5, 1250.0], [103545.0, 4190.0], [103602.5, 50000.0], [103605.0, 1470.0], [103607.5, 4940.0], [103622.5, 1900.0], [103625.0, 6370.0], [103640.0, 5750.0], [103642.5, 19240.0], [103677.5, 40.0], [103710.0, 11140.0], [103712.5, 37310.0], [103717.5, 1330.0], [103720.0, 4470.0]]}}}
{"jsonrpc": "2.0", "method": "subscription", "params": {"channel": "book.BTC-14NOV25.none.20.100ms", "data": {"timestamp": 1762394228905, "change_id": 125500999181, "instrument_name": "BTC-14NOV25", "bids": [[103505.0, 6680.0], [103502.5, 24190.0], [103482.5, 1300.0], [103480.0, 4350.0], [103392.5, 290.0], [103387.5, 10.0], [103380.0, 4770.0], [103377.5, 15990.0], [103375.0, 13770.0], [103372.5, 46130.0], [103350.0, 1370.0], [103347.5, 4600.0], [103270.0, 1860.0], [103267.5, 6190.0], [103265.0, 40.0], [103242.5, 2370.0], [103227.5, 47530.0], [103225.0, 18710.0], [103215.0, 50000.0], [103147.5, 36820.0]], "asks": [[103515.0, 4200.0], [103517.5, 3900.0], [103520.0, 11410.0], [103522.5, 4190.0], [103532.5, 4760.0], [103535.0, 15930.0], [103542.5, 1250.0], [103545.0, 4190.0], [103602.5, 50000.0], [103605.0, 1470.0], [103607.5, 4940.0], [103622.5, 1900.0], [103625.0, 6370.0], [103640.0, 5750.0], [103642.5, 19240.0], [103677.5, 40.0], [103710.0, 11140.0], [103712.5, 37310.0], [103717.5, 1330.0], [103720.0, 4470.0]]}}}
{"jsonrpc": "2.0", "method": "subscription", "params": {"channel": "book.BTC-14NOV25.none.20.100ms", "data": {"timestamp": 1762394229226, "change_id": 125500999511, "instrument_name": "BTC-14NOV25", "bids": [[103505.0, 6680.0], [103502.5, 24190.0], [103482.5, 1300.0], [103480.0, 4350.0], [103392.5, 290.0], [103387.5, 10.0], [103380.0, 4770.0], [103377.5, 15990.0], [103375.0, 13770.0], [103372.5, 46130.0], [103350.0, 1370.0], [103347.5, 4600.0], [103270.0, 1860.0], [103267.5, 6190.0], [103265.0, 40.0], [103242.5, 2370.0], [103227.5, 47530.0], [103225.0, 18710.0], [103215.0, 50000.0], [103147.5, 36820.0]], "asks": [[103515.0, 4200.0], [103517.5, 3900.0], [103520.0, 11410.0], [103522.5, 4190.0], [103532.5, 4760.0], [103535.0, 15930.0], [103542.5, 1250.0], [103545.0, 4190.0], [103602.5, 50000.0], [103605.0, 1470.0], [103607.5, 4940.0], [103622.5, 1900.0], [103625.0, 6370.0], [103640.0, 5750.0], [103642.5, 19240.0], [103677.5, 40.0], [103710.0, 11140.0], [103712.5, 37310.0], [103717.5, 3230.0], [103720.0, 4470.0]]}}}
{"jsonrpc": "2.0", "method": "subscription", "params": {"channel": "book.BTC-14NOV25.none.20.100ms", "data": {"timestamp": 1762394230105, "change_id": 125501000483, "instrument_name": "BTC-14NOV25", "bids": [[103505.0, 6680.0], [103502.5, 24190.0], [103482.5, 1300.0], [103480.0, 4350.0], [103392.5, 290.0], [103387.5, 10.0], [103380.0, 4770.0], [103377.5, 15990.0], [103375.0, 13770.0], [103372.5, 46130.0], [103350.0, 1370.0], [103347.5, 4600.0], [103270.0, 1860.0], [103267.5, 6190.0], [103265.0, 40.0], [103242.5, 2370.0], [103227.5, 47530.0], [103225.0, 18710.0], [103215.0, 50000.0], [103147.5, 36820.0]], "asks": [[103515.0, 4200.0], [103517.5, 3900.0], [103520.0, 11410.0], [103522.5, 4190.0], [103532.5, 4760.0], [103535.0, 15930.0], [103537.5, 14930.0], [103540.0, 50000.0], [103542.5, 23340.0], [103545.0, 78740.0], [103605.0, 1470.0], [103607.5, 4940.0], [103622.5, 1900.0], [103625.0, 6370.0], [103640.0, 5750.0], [103642.5, 19240.0], [103677.5, 40.0], [103710.0, 11140.0], [103712.5, 37310.0], [103717.5, 3230.0]]}}}
{"jsonrpc": "2.0", "method": "subscription", "params": {"channel": "book.BTC-7NOV25.none.20.100ms", "data": {"timestamp": 1762394230914, "change_id": 125501001383, "instrument_name": "BTC-7NOV25", "bids": [[103442.5, 10000.0], [103440.0, 4390.0], [103430.0, 3100.0], [103427.5, 1340.0], [103425.0, 4500.0], [103422.5, 1340.0], [103420.0, 4500.0], [103417.5, 1470.0], [103415.0, 4390.0], [103377.5, 13770.0], [103375.0, 46140.0], [103315.0, 7270.0], [103312.5, 24360.0], [103302.5, 84530.0], [103300.0, 258250.0], [103282.5, 1350.0], [103280.0, 4530.0], [103267.5, 24930.0], [103227.5, 2370.0], [103222.5, 9500.0]], "asks": [[103445.0, 9810.0], [103452.5, 1310.0], [103455.0, 4390.0], [103457.5, 3150.0], [103460.0, 26100.0], [103462.5, 4500.0], [103465.0, 57240.0], [103467.5, 24240.0], [103477.5, 1310.0], [103480.0, 4390.0], [103495.0, 8550.0], [103497.5, 25330.0], [103517.5, 1020.0], [103520.0, 3410.0], [103585.0, 410.0], [103587.5, 1380.0], [103620.0, 8750.0], [103622.5, 24830.0], [103625.0, 4470.0], [103670.0, 49620.0]]}}}
{"jsonrpc": "2.0", "method": "subscription", "params": {"channel": "book.BTC-14NOV25.none.20.100ms", "data": {"timestamp": 1762394231118, "change_id": 125501001597, "instrument_name": "BTC-14NOV25", "bids": [[103505.0, 6680.0], [103502.5, 24190.0], [103482.5, 1300.0], [103480.0, 4350.0], [103390.0, 290.0], [103387.5, 10.0], [103380.0, 4770.0], [103377.5, 15990.0], [103375.0, 13770.0], [103372.5, 46130.0], [103350.0, 1370.0], [103347.5, 4600.0], [103270.0, 1860.0], [103267.5, 6190.0], [103265.0, 40.0], [103242.5, 2370.0], [103227.5, 47530.0], [103225.0, 18710.0], [103215.0, 50000.0], [103147.5, 36820.0]], "asks": [[103515.0, 4200.0], [103517.5, 3900.0], [103520.0, 11410.0], [103522.5, 4190.0], [103532.5, 4760.0], [103535.0, 15930.0], [103537.5, 14930.0], [103540.0, 50000.0], [103542.5, 23340.0], [103545.0, 78740.0], [103605.0, 1470.0], [103607.5, 4940.0], [103622.5, 1900.0], [103625.0, 6370.0], [103640.0, 5750.0], [103642.5, 19240.0], [103677.5, 40.0], [103710.0, 11140.0], [103712.5, 37310.0], [103717.5, 3230.0]]}}}
{"jsonrpc": "2.0", "method": "subscription", "params": {"channel": "book.BTC-14NOV25.none.20.100ms", "data": {"timestamp": 1762394231639, "change_id": 125501001908, "instrument_name": "BTC-14NOV25", "bids": [[103505.0, 6680.0], [103502.5, 24190.0], [103482.5, 1300.0], [103480.0, 4350.0], [103390.0, 290.0], [103387.5, 10.0], [103380.0, 4770.0], [103377.5, 15990.0], [103375.0, 13770.0], [103372.5, 46130.0], [103350.0, 1370.0], [103347.5, 4600.0], [103270.0, 1860.0], [103267.5, 6190.0], [103265.0, 40.0], [103242.5, 2370.0], [103227.5, 47530.0], [103225.0, 18710.0], [103215.0, 50000.0], [103147.5, 36820.0]], "asks": [[103515.0, 4200.0], [103517.5, 3900.0], [103520.0, 11410.0], [103522.5, 4190.0], [103532.5, 4760.0], [103535.0, 15930.0], [103537.5, 14930.0], [103540.0, 50000.0], [103542.5, 23340.0], [103545.0, 78740.0], [103605.0, 1470.0], [103607.5, 4940.0], [103622.5, 1900.0], [103625.0, 6370.0], [103640.0, 5750.0], [103642.5, 19240.0], [103677.5, 40.0], [103710.0, 11140.0], [103712.5, 37310.0], [103717.5, 3230.0]]}}}
{"jsonrpc": "2.0", "method": "subscription", "params": {"channel": "book.BTC-7NOV25.none.20.100ms", "data": {"timestamp": 1762394231636, "change_id": 125501001904, "instrument_name": "BTC-7NOV25", "bids": [[103442.5, 10000.0], [103440.0, 4390.0], [103430.0, 3100.0], [103427.5, 1340.0], [103425.0, 4500.0], [103422.5, 1340.0], [103420.0, 4500.0], [103417.5, 1470.0], [103415.0, 4390.0], [103377.5, 13770.0], [103375.0, 46140.0], [103315.0, 7270.0], [103312.5, 24360.0], [103302.5, 84530.0], [103300.0, 258250.0], [103282.5, 1350.0], [103280.0, 4530.0], [103270.0, 24930.0], [103227.5, 2370.0], [103222.5, 9500.0]], "asks": [[103445.0, 9810.0], [103452.5, 1310.0], [103455.0, 4390.0], [103457.5, 3150.0], [103460.0, 26100.0], [103462.5, 4500.0], [103465.0, 57240.0], [103467.5, 24240.0], [103477.5, 1310.0], [103480.0, 4390.0], [103495.0, 8550.0], [103497.5, 25330.0], [103517.5, 1020.0], [103520.0, 3410.0], [103585.0, 410.0], [103587.5, 1380.0], [103620.0, 8750.0], [103622.5, 24830.0], [103625.0, 4470.0], [103670.0, 49620.0]]}}}
{"jsonrpc": "2.0", "method": "subscription", "params": {"channel": "book.BTC-7NOV25.none.20.100ms", "data": {"timestamp": 1762394232824, "change_id": 125501003372, "instrument_name": "BTC-7NOV25", "bids": [[103442.5, 10000.0], [103440.0, 4390.0], [103430.0, 4500.0], [103427.5, 1340.0], [103425.0, 4500.0], [103422.5, 1340.0], [103420.0, 4500.0], [103417.5, 1470.0], [103415.0, 4390.0], [103377.5, 13770.0], [103375.0, 46140.0], [103315.0, 7270.0], [103312.5, 24360.0], [103302.5, 84530.0], [103300.0, 258250.0], [103282.5, 1350.0], [103280.0, 4530.0], [103270.0, 24930.0], [103227.5, 2370.0], [103222.5, 9500.0]], "asks": [[103445.0, 9810.0], [103452.5, 1310.0], [103455.0, 4390.0], [103457.5, 3150.0], [103460.0, 26100.0], [103462.5, 4500.0], [103465.0, 57240.0], [103467.5, 24240.0], [103477.5, 1310.0], [103480.0, 4390.0], [103495.0, 8550.0], [103497.5, 25330.0], [103517.5, 1020.0], [103520.0, 3410.0], [103585.0, 410.0], [103587.5, 1380.0], [103620.0, 8750.0], [103622.5, 24830.0], [103625.0, 4470.0], [103670.0, 49620.0]]}}}
{"jsonrpc": "2.0", "method": "subscription", "params": {"channel": "book.BTC-14NOV25.none.20.100ms", "data": {"timestamp": 1762394234120, "change_id": 125501005097, "instrument_name": "BTC-14NOV25", "bids": [[103505.0, 6680.0], [103502.5, 24190.0], [103482.5, 1300.0], [103480.0, 4350.0], [103392.5, 290.0], [103387.5, 10.0], [103380.0, 4770.0], [103377.5, 15990.0], [103375.0, 13770.0], [103372.5, 46130.0], [103350.0, 1370.0], [103347.5, 4600.0], [103270.0, 1860.0], [103267.5, 6190.0], [103265.0, 40.0], [103242.5, 2370.0], [103227.5, 47530.0], [103225.0, 18710.0], [103215.0, 50000.0], [103147.5, 36820.0]], "asks": [[103515.0, 4200.0], [103517.5, 3900.0], [103520.0, 11410.0], [103522.5, 4190.0], [103532.5, 4760.0], [103535.0, 15930.0], [103537.5, 14930.0], [103540.0, 50000.0], [103542.5, 23340.0], [103545.0, 78740.0], [103605.0, 1470.0], [103607.5, 4940.0], [103622.5, 1900.0], [103625.0, 6370.0], [103640.0, 5750.0], [103642.5, 19240.0], [103677.5, 40.0], [103710.0, 11140.0], [103712.5, 37310.0], [103717.5, 3230.0]]}}}
{"jsonrpc": "2.0", "method": "subscription", "params": {"channel": "book.BTC-14NOV25.none.20.100ms", "data": {"timestamp": 1762394235298, "change_id": 125501006678, "instrument_name": "BTC-14NOV25", "bids": [[103502.5, 10000.0], [103490.0, 2990.0], [103487.5, 10000.0], [103480.0, 160.0], [103450.0, 1250.0], [103447.5, 4190.0], [103392.5, 290.0], [103387.5, 10.0], [103380.0, 4770.0], [103377.5, 15990.0], [103375.0, 13770.0], [103372.5, 46130.0], [103350.0, 1370.0], [103347.5, 4600.0], [103270.0, 1860.0], [103267.5, 6190.0], [103265.0, 40.0], [103242.5, 2370.0], [103227.5, 47530.0], [103225.0, 18710.0]], "asks": [[103510.0, 1250.0], [103512.5, 4190.0], [103515.0, 4200.0], [103517.5, 3900.0], [103520.0, 10160.0], [103532.5, 4760.0], [103535.0, 15930.0], [103537.5, 14930.0], [103540.0, 50000.0], [103542.5, 23340.0], [103545.0, 78740.0], [103605.0, 1470.0], [103607.5, 4940.0], [103622.5, 1900.0], [103625.0, 6370.0], [103640.0, 5750.0], [103642.5, 19240.0], [103677.5, 40.0], [103710.0, 11140.0], [103712.5, 37310.0]]}}}
{"jsonrpc": "2.0", "method": "subscription", "params": {"channel": "book.BTC-7NOV25.none.20.100ms", "data": {"timestamp": 1762394235272, "change_id": 125501006679, "instrument_name": "BTC-7NOV25", "bids": [[103432.5, 10000.0], [103420.0, 4500.0], [103417.5, 160.0], [103377.5, 13770.0], [103375.0, 46140.0], [103315.0, 7270.0], [103312.5, 24360.0], [103302.5, 84530.0], [103300.0, 258250.0], [103282.5, 1350.0], [103280.0, 4530.0], [103230.0, 25640.0], [103227.5, 2370.0], [103222.5, 9500.0], [103210.0, 25460.0], [103147.5, 500.0], [103132.5, 40.0], [103130.0, 38030.0], [103127.5, 50000.0], [103087.5, 50890.0]], "asks": [[103445.0, 9810.0], [103447.5, 4390.0], [103457.5, 160.0], [103460.0, 26100.0], [103462.5, 4500.0], [103465.0, 50000.0], [103467.5, 24240.0], [103480.0, 4390.0], [103495.0, 8550.0], [103497.5, 25330.0], [103517.5, 1020.0], [103520.0, 3410.0], [103585.0, 410.0], [103587.5, 1380.0], [103620.0, 8750.0], [103622.5, 24830.0], [103625.0, 4470.0], [103670.0, 49620.0], [103695.0, 70.0], [103747.5, 500.0]]}}}
{"jsonrpc": "2.0", "method": "subscription", "params": {"channel": "book.BTC-14NOV25.none.20.100ms", "data": {"timestamp": 1762394235577, "change_id": 125501007175, "instrument_name": "BTC-14NOV25", "bids": [[103505.0, 7180.0], [103502.5, 3900.0], [103500.0, 11080.0], [103497.5, 10000.0], [103495.0, 5150.0], [103492.5, 3600.0], [103490.0, 2990.0], [103487.5, 10000.0], [103482.5, 1300.0], [103480.0, 4350.0], [103392.5, 290.0], [103387.5, 10.0], [103380.0, 4770.0], [103377.5, 15990.0], [103375.0, 13770.0], [103372.5, 46130.0], [103350.0, 1370.0], [103347.5, 4600.0], [103270.0, 1860.0], [103267.5, 6190.0]], "asks": [[103510.0, 2830.0], [103512.5, 10000.0], [103515.0, 1210.0], [103517.5, 3900.0], [103520.0, 1410.0], [103522.5, 4190.0], [103530.0, 19680.0], [103532.5, 50000.0], [103535.0, 15930.0], [103537.5, 46710.0], [103542.5, 23340.0], [103545.0, 78740.0], [103605.0, 1470.0], [103607.5, 4940.0], [103622.5, 1900.0], [103625.0, 6370.0], [103640.0, 5750.0], [103642.5, 19240.0], [103677.5, 40.0], [103710.0, 11140.0]]}}}
{"jsonrpc": "2.0", "method": "subscription", "params": {"channel": "book.BTC-7NOV25.none.20.100ms", "data": {"timestamp": 1762394235620, "change_id": 125501007183, "instrument_name": "BTC-7NOV25", "bids": [[103440.0, 10000.0], [103435.0, 4390.0], [103420.0, 4500.0], [103417.5, 160.0], [103382.5, 4390.0], [103375.0, 46140.0], [103312.5, 24360.0], [103300.0, 258250.0], [103280.0, 4530.0], [103230.0, 24930.0], [103227.5, 2370.0], [103222.5, 9500.0], [103210.0, 25460.0], [103147.5, 500.0], [103132.5, 40.0], [103130.0, 38030.0], [103127.5, 50000.0], [103087.5, 50890.0], [103065.0, 51450.0], [102950.0, 160.0]], "asks": [[103455.0, 4390.0], [103457.5, 160.0], [103460.0, 10000.0], [103467.5, 24240.0], [103470.0, 96680.0], [103472.5, 63280.0], [103480.0, 4390.0], [103497.5, 25330.0], [103520.0, 3410.0], [103587.5, 1380.0], [103622.5, 24830.0], [103625.0, 4470.0], [103670.0, 49620.0], [103695.0, 70.0], [103747.5, 500.0], [103757.5, 50000.0], [103772.5, 10.0], [103802.5, 40.0], [103805.0, 48780.0], [103807.5, 39500.0]]}}}
{"jsonrpc": "2.0", "method": "subscription", "params": {"channel": "book.BTC-14NOV25.none.20.100ms", "data": {"timestamp": 1762394235710, "change_id": 125501008030, "instrument_name": "BTC-14NOV25", "bids": [[103505.0, 7180.0], [103502.5, 3900.0], [103500.0, 14840.0], [103497.5, 10000.0], [103495.0, 15150.0], [103482.5, 1300.0], [103480.0, 4350.0], [103392.5, 290.0], [103387.5, 10.0], [103380.0, 4770.0], [103377.5, 15990.0], [103375.0, 13770.0], [103372.5, 46130.0], [103350.0, 1370.0], [103347.5, 4600.0], [103270.0, 1860.0], [103267.5, 6190.0], [103265.0, 40.0], [103242.5, 2370.0], [103227.5, 47530.0]], "asks": [[103510.0, 2830.0], [103512.5, 10000.0], [103515.0, 1210.0], [103517.5, 3900.0], [103520.0, 1410.0], [103522.5, 4190.0], [103530.0, 19680.0], [103532.5, 50000.0], [103535.0, 15930.0], [103537.5, 46710.0], [103542.5, 23340.0], [103545.0, 78740.0], [103605.0, 1470.0], [103607.5, 4940.0], [103622.5, 1900.0], [103625.0, 6370.0], [103640.0, 5750.0], [103642.5, 19240.0], [103677.5, 40.0], [103710.0, 11140.0]]}}}
{"jsonrpc": "2.0", "method": "subscription", "params": {"channel": "book.BTC-7NOV25.none.20.100ms", "data": {"timestamp": 1762394235919, "change_id": 125501007955, "instrument_name": "BTC-7NOV25", "bids": [[103440.0, 10000.0], [103435.0, 4390.0], [103422.5, 1340.0], [103420.0, 4500.0], [103417.5, 160.0], [103382.5, 4390.0], [103375.0, 46140.0], [103312.5, 24360.0], [103300.0, 258250.0], [103280.0, 4530.0], [103230.0, 24930.0], [103227.5, 2370.0], [103222.5, 9500.0], [103210.0, 25460.0], [103147.5, 500.0], [103132.5, 40.0], [103130.0, 38030.0], [103127.5, 50000.0], [103087.5, 50890.0], [103065.0, 51450.0]], "asks": [[103450.0, 3880.0], [103452.5, 9810.0], [103455.0, 4390.0], [103457.5, 3150.0], [103460.0, 10000.0], [103465.0, 36090.0], [103467.5, 24240.0], [103470.0, 115570.0], [103472.5, 63280.0], [103480.0, 4390.0], [103497.5, 25330.0], [103520.0, 3410.0], [103587.5, 1380.0], [103622.5, 24830.0], [103625.0, 4470.0], [103670.0, 49620.0], [103695.0, 70.0], [103747.5, 500.0], [103757.5, 50000.0], [103772.5, 10.0]]}}}
{"jsonrpc": "2.0", "method": "subscription", "params": {"channel": "book.BTC-7NOV25.none.20.100ms", "data": {"timestamp": 1762394236281, "change_id": 125501008385, "instrument_name": "BTC-7NOV25", "bids": [[103440.0, 10000.0], [103435.0, 4390.0], [103422.5, 1340.0], [103420.0, 4500.0], [103417.5, 160.0], [103382.5, 4390.0], [103375.0, 46140.0], [103312.5, 24360.0], [103300.0, 258250.0], [103280.0, 4530.0], [103230.0, 24930.0], [103227.5, 2370.0], [103222.5, 9500.0], [103210.0, 25460.0], [103147.5, 500.0], [103132.5, 40.0], [103130.0, 38030.0], [103127.5, 50000.0], [103087.5, 50890.0], [103065.0, 51450.0]], "asks": [[103450.0, 1310.0], [103455.0, 4390.0], [103457.5, 3150.0], [103460.0, 10000.0], [103465.0, 36090.0], [103467.5, 24240.0], [103470.0, 115570.0], [103472.5, 63280.0], [103480.0, 4390.0], [103497.5, 25330.0], [103520.0, 3410.0], [103587.5, 1380.0], [103622.5, 24830.0], [103625.0, 4470.0], [103670.0, 49620.0], [103695.0, 70.0], [103747.5, 500.0], [103757.5, 50000.0], [103772.5, 10.0], [103802.5, 40.0]]}}}
{"jsonrpc": "2.0", "method": "subscription", "params": {"channel": "book.BTC-7NOV25.none.20.100ms", "data": {"timestamp": 1762394236581, "change_id": 125501008491, "instrument_name": "BTC-7NOV25", "bids": [[103440.0, 10000.0], [103435.0, 4390.0], [103422.5, 1340.0], [103420.0, 4500.0], [103417.5, 160.0], [103382.5, 4390.0], [103375.0, 46140.0], [103312.5, 24360.0], [103300.0, 258250.0], [103280.0, 4530.0], [103230.0, 24930.0], [103227.5, 2370.0], [103222.5, 9500.0], [103210.0, 25460.0], [103147.5, 500.0], [103132.5, 40.0], [103130.0, 38030.0], [103127.5, 50000.0], [103087.5, 50890.0], [103065.0, 51450.0]], "asks": [[103445.0, 1470.0], [103447.5, 4910.0], [103450.0, 1310.0], [103455.0, 4390.0], [103457.5, 3150.0], [103460.0, 10000.0], [103465.0, 36090.0], [103467.5, 24240.0], [103470.0, 115570.0], [103472.5, 63280.0], [103480.0, 4390.0], [103497.5, 25330.0], [103520.0, 3410.0], [103587.5, 1380.0], [103622.5, 24830.0], [103625.0, 4470.0], [103670.0, 49620.0], [103695.0, 70.0], [103747.5, 500.0], [103757.5, 50000.0]]}}}
{"jsonrpc": "2.0", "method": "subscription", "params": {"channel": "book.BTC-14NOV25.none.20.100ms", "data": {"timestamp": 1762394236669, "change_id": 125501008568, "instrument_name": "BTC-14NOV25", "bids": [[103505.0, 3280.0], [103502.5, 3900.0], [103500.0, 14840.0], [103497.5, 10000.0], [103495.0, 11250.0], [103482.5, 1300.0], [103480.0, 4350.0], [103392.5, 290.0], [103387.5, 10.0], [103380.0, 4770.0], [103377.5, 15990.0], [103375.0, 13770.0], [103372.5, 46130.0], [103350.0, 1370.0], [103347.5, 4600.0], [103270.0, 1860.0], [103267.5, 6190.0], [103265.0, 40.0], [103242.5, 2370.0], [103227.5, 47530.0]], "asks": [[103510.0, 2830.0], [103512.5, 10000.0], [103515.0, 1210.0], [103517.5, 3900.0], [103520.0, 1410.0], [103522.5, 4190.0], [103530.0, 19680.0], [103532.5, 50000.0], [103535.0, 29870.0], [103537.5, 46710.0], [103542.5, 23340.0], [103545.0, 78740.0], [103605.0, 1470.0], [103607.5, 4940.0], [103622.5, 1900.0], [103625.0, 6370.0], [103640.0, 5750.0], [103642.5, 19240.0], [103677.5, 40.0], [103710.0, 11140.0]]}}}
{"jsonrpc": "2.0", "method": "subscription", "params": {"channel": "book.BTC-7NOV25.none.20.100ms", "data": {"timestamp": 1762394236878, "change_id": 125501009205, "instrument_name": "BTC-7NOV25", "bids": [[103440.0, 10000.0], [103435.0, 4390.0], [103427.5, 1340.0], [103425.0, 4500.0], [103422.5, 1340.0], [103420.0, 4500.0], [103417.5, 160.0], [103382.5, 4390.0], [103375.0, 46140.0], [103312.5, 24360.0], [103300.0, 258250.0], [103280.0, 4530.0], [103230.0, 24930.0], [103227.5, 2370.0], [103222.5, 9500.0], [103210.0, 25460.0], [103147.5, 500.0], [103132.5, 40.0], [103130.0, 38030.0], [103127.5, 50000.0]], "asks": [[103450.0, 1310.0], [103455.0, 4390.0], [103457.5, 3150.0], [103460.0, 10000.0], [103465.0, 36090.0], [103467.5, 24240.0], [103470.0, 115570.0], [103472.5, 63280.0], [103480.0, 4390.0], [103497.5, 25330.0], [103520.0, 3410.0], [103587.5, 1380.0], [103622.5, 24830.0], [103625.0, 4470.0], [103670.0, 49620.0], [103695.0, 70.0], [103747.5, 500.0], [103757.5, 50000.0], [103772.5, 10.0], [103802.5, 40.0]]}}}
{"jsonrpc": "2.0", "method": "subscription", "params": {"channel": "book.BTC-14NOV25.none.20.100ms", "data": {"timestamp": 1762394237124, "change_id": 125501009457, "instrument_name": "BTC-14NOV25", "bids": [[103505.0, 3280.0], [103502.5, 3900.0], [103500.0, 14840.0], [103497.5, 10000.0], [103495.0, 11250.0], [103482.5, 1300.0], [103480.0, 4350.0], [103395.0, 290.0], [103387.5, 10.0], [103380.0, 4770.0], [103377.5, 15990.0], [103375.0, 13770.0], [103372.5, 46130.0], [103350.0, 1370.0], [103347.5, 4600.0], [103337.5, 1850.0], [103335.0, 6190.0], [103265.0, 40.0], [103242.5, 2370.0], [103227.5, 47530.0]], "asks": [[103510.0, 2830.0], [103512.5, 10000.0], [103515.0, 1210.0], [103517.5, 3900.0], [103520.0, 1410.0], [103522.5, 4190.0], [103530.0, 19680.0], [103532.5, 50000.0], [103535.0, 29870.0], [103537.5, 46710.0], [103542.5, 23340.0], [103545.0, 78740.0], [103605.0, 1470.0], [103607.5, 4940.0], [103622.5, 1900.0], [103625.0, 6370.0], [103640.0, 5750.0], [103642.5, 19240.0], [103677.5, 40.0], [103710.0, 11140.0]]}}}
{"jsonrpc": "2.0", "method": "subscription", "params": {"channel": "book.BTC-7NOV25.none.20.100ms", "data": {"timestamp": 1762394237181, "change_id": 125501009571, "instrument_name": "BTC-7NOV25", "bids": [[103440.0, 10000.0], [103435.0, 4390.0], [103427.5, 1340.0], [103425.0, 4500.0], [103422.5, 1340.0], [103420.0, 4500.0], [103417.5, 160.0], [103382.5, 4390.0], [103377.5, 13770.0], [103375.0, 46140.0], [103312.5, 24360.0], [103302.5, 77090.0], [103300.0, 258250.0], [103280.0, 4530.0], [103232.5, 7440.0], [103230.0, 24930.0], [103227.5, 2370.0], [103222.5, 9500.0], [103210.0, 25460.0], [103147.5, 500.0]], "asks": [[103450.0, 1310.0], [103455.0, 4390.0], [103457.5, 3150.0], [103460.0, 10000.0], [103465.0, 36090.0], [103467.5, 24240.0], [103470.0, 115570.0], [103472.5, 63280.0], [103477.5, 1310.0], [103480.0, 4390.0], [103497.5, 25330.0], [103517.5, 1020.0], [103520.0, 3410.0], [103585.0, 410.0], [103587.5, 1380.0], [103620.0, 8750.0], [103622.5, 24830.0], [103625.0, 4470.0], [103670.0, 49620.0], [103695.0, 70.0]]}}}
{"jsonrpc": "2.0", "method": "subscription", "params": {"channel": "book.BTC-7NOV25.none.20.100ms", "data": {"timestamp": 1762394237616, "change_id": 125501009716, "instrument_name": "BTC-7NOV25", "bids": [[103440.0, 10000.0], [103435.0, 4390.0], [103427.5, 1340.0], [103425.0, 4500.0], [103422.5, 1340.0], [103420.0, 4500.0], [103417.5, 160.0], [103382.5, 4390.0], [103377.5, 13770.0], [103375.0, 46140.0], [103312.5, 24360.0], [103302.5, 77090.0], [103300.0, 258250.0], [103280.0, 4530.0], [103232.5, 7440.0], [103230.0, 24930.0], [103227.5, 2370.0], [103222.5, 9500.0], [103210.0, 25460.0], [103147.5, 500.0]], "asks": [[103450.0, 1310.0], [103455.0, 4390.0], [103457.5, 3150.0], [103460.0, 24930.0], [103462.5, 50000.0], [103465.0, 21170.0], [103467.5, 24240.0], [103470.0, 65570.0], [103472.5, 63280.0], [103477.5, 1310.0], [103480.0, 4390.0], [103497.5, 25330.0], [103517.5, 1020.0], [103520.0, 3410.0], [103545.0, 3000.0], [103575.0, 3000.0], [103585.0, 410.0], [103587.5, 1380.0], [103605.0, 3000.0], [103620.0, 8750.0]]}}}
{"jsonrpc": "2.0", "method": "subscription", "params": {"channel": "book.BTC-14NOV25.none.20.100ms", "data": {"timestamp": 1762394237642, "change_id": 125501009724, "instrument_name": "BTC-14NOV25", "bids": [[103505.0, 7180.0], [103502.5, 3900.0], [103500.0, 14840.0], [103497.5, 11800.0], [103495.0, 11250.0], [103485.0, 2460.0], [103482.5, 3900.0], [103480.0, 4350.0], [103395.0, 290.0], [103387.5, 10.0], [103380.0, 4770.0], [103377.5, 15990.0], [103375.0, 13770.0], [103372.5, 46130.0], [103350.0, 1370.0], [103347.5, 4600.0], [103337.5, 1850.0], [103335.0, 6190.0], [103265.0, 40.0], [103242.5, 2370.0]], "asks": [[103510.0, 2830.0], [103512.5, 10000.0], [103515.0, 1210.0], [103517.5, 3900.0], [103520.0, 1410.0], [103522.5, 4190.0], [103530.0, 19680.0], [103532.5, 50000.0], [103535.0, 29870.0], [103537.5, 46710.0], [103542.5, 23340.0], [103545.0, 78740.0], [103605.0, 1470.0], [103607.5, 4940.0], [103622.5, 1900.0], [103625.0, 6370.0], [103640.0, 5750.0], [103642.5, 19240.0], [103677.5, 40.0], [103710.0, 11140.0]]}}}
{"jsonrpc": "2.0", "method": "subscription", "params": {"channel": "book.BTC-7NOV25.none.20.100ms", "data": {"timestamp": 1762394237913, "change_id": 125501010409, "instrument_name": "BTC-7NOV25", "bids": [[103440.0, 10000.0], [103435.0, 4390.0], [103427.5, 1340.0], [103425.0, 4500.0], [103422.5, 1340.0], [103420.0, 4500.0], [103417.5, 160.0], [103382.5, 4390.0], [103377.5, 13770.0], [103375.0, 46140.0], [103312.5, 24360.0], [103302.5, 77090.0], [103300.0, 258250.0], [103280.0, 4530.0], [103232.5, 7440.0], [103230.0, 24930.0], [103227.5, 2370.0], [103222.5, 9500.0], [103210.0, 25460.0], [103147.5, 500.0]], "asks": [[103442.5, 4910.0], [103445.0, 1460.0], [103447.5, 4900.0], [103450.0, 1310.0], [103455.0, 4390.0], [103457.5, 3150.0], [103460.0, 24930.0], [103462.5, 50000.0], [103465.0, 21170.0], [103467.5, 24240.0], [103470.0, 65570.0], [103472.5, 63280.0], [103477.5, 1310.0], [103480.0, 4390.0], [103497.5, 25330.0], [103517.5, 1020.0], [103520.0, 3410.0], [103545.0, 3000.0], [103575.0, 3000.0], [103585.0, 410.0]]}}}
{"jsonrpc": "2.0", "method": "subscription", "params": {"channel": "book.BTC-7NOV25.none.20.100ms", "data": {"timestamp": 1762394238210, "change_id": 125501010756, "instrument_name": "BTC-7NOV25", "bids": [[103440.0, 10000.0], [103435.0, 4390.0], [103427.5, 1340.0], [103425.0, 4500.0], [103422.5, 1340.0], [103420.0, 4500.0], [103417.5, 160.0], [103385.0, 1310.0], [103382.5, 4390.0], [103377.5, 13770.0], [103375.0, 46140.0], [103315.0, 7270.0], [103312.5, 24360.0], [103302.5, 77090.0], [103300.0, 258250.0], [103282.5, 1350.0], [103280.0, 4530.0], [103232.5, 7440.0], [103230.0, 24930.0], [103227.5, 2370.0]], "asks": [[103442.5, 9810.0], [103450.0, 1310.0], [103455.0, 4390.0], [103457.5, 3150.0], [103460.0, 24930.0], [103462.5, 50000.0], [103465.0, 21170.0], [103467.5, 24240.0], [103470.0, 65570.0], [103472.5, 63280.0], [103477.5, 1310.0], [103480.0, 4390.0], [103495.0, 7560.0], [103497.5, 25330.0], [103517.5, 1020.0], [103520.0, 3410.0], [103542.5, 900.0], [103545.0, 3000.0], [103572.5, 900.0], [103575.0, 3000.0]]}}}
{"jsonrpc": "2.0", "method": "subscription", "params": {"channel": "book.BTC-7NOV25.none.20.100ms", "data": {"timestamp": 1762394238347, "change_id": 125501010774, "instrument_name": "BTC-7NOV25", "bids": [[103440.0, 10000.0], [103435.0, 4390.0], [103427.5, 1340.0], [103425.0, 4500.0], [103422.5, 1340.0], [103420.0, 4500.0], [103417.5, 160.0], [103385.0, 1310.0], [103382.5, 4390.0], [103377.5, 13770.0], [103375.0, 46140.0], [103315.0, 7270.0], [103312.5, 24360.0], [103302.5, 77090.0], [103300.0, 258250.0], [103282.5, 1350.0], [103280.0, 4530.0], [103232.5, 7440.0], [103230.0, 24930.0], [103227.5, 2370.0]], "asks": [[103442.5, 9810.0], [103450.0, 1310.0], [103455.0, 4390.0], [103457.5, 3150.0], [103460.0, 24930.0], [103462.5, 50000.0], [103465.0, 21170.0], [103467.5, 24240.0], [103470.0, 65570.0], [103472.5, 63280.0], [103477.5, 1310.0], [103480.0, 4390.0], [103495.0, 7560.0], [103497.5, 25330.0], [103517.5, 1020.0], [103520.0, 3410.0], [103542.5, 900.0], [103545.0, 3000.0], [103572.5, 900.0], [103575.0, 3000.0]]}}}
{"jsonrpc": "2.0", "method": "subscription", "params": {"channel": "book.BTC-14NOV25.none.20.100ms", "data": {"timestamp": 1762394238645, "change_id": 125501010844, "instrument_name": "BTC-14NOV25", "bids": [[103505.0, 3280.0], [103502.5, 3900.0], [103500.0, 14840.0], [103497.5, 11800.0], [103495.0, 11250.0], [103485.0, 2460.0], [103482.5, 3900.0], [103480.0, 4350.0], [103395.0, 290.0], [103387.5, 10.0], [103380.0, 4770.0], [103377.5, 15990.0], [103375.0, 13770.0], [103372.5, 46130.0], [103350.0, 1370.0], [103347.5, 4600.0], [103337.5, 1850.0], [103335.0, 6190.0], [103265.0, 40.0], [103242.5, 2370.0]], "asks": [[103510.0, 2830.0], [103512.5, 10000.0], [103515.0, 1210.0], [103517.5, 3900.0], [103520.0, 1410.0], [103522.5, 4190.0], [103530.0, 19680.0], [103532.5, 50000.0], [103535.0, 29870.0], [103537.5, 46710.0], [103542.5, 23340.0], [103545.0, 78740.0], [103605.0, 1470.0], [103607.5, 4940.0], [103622.5, 1900.0], [103625.0, 6370.0], [103640.0, 5750.0], [103642.5, 19240.0], [103677.5, 40.0], [103710.0, 11140.0]]}}}
{"jsonrpc": "2.0", "method": "subscription", "params": {"channel": "book.BTC-14NOV25.none.20.100ms", "data": {"timestamp": 1762394239736, "change_id": 125501012990, "instrument_name": "BTC-14NOV25", "bids": [[103510.0, 5060.0], [103507.5, 3900.0], [103505.0, 8950.0], [103502.5, 23900.0], [103500.0, 8630.0], [103497.5, 1800.0], [103485.0, 2460.0], [103482.5, 3900.0], [103480.0, 4350.0], [103395.0, 290.0], [103387.5, 10.0], [103380.0, 4770.0], [103377.5, 15990.0], [103375.0, 13770.0], [103372.5, 46130.0], [103350.0, 1370.0], [103347.5, 4600.0], [103337.5, 1850.0], [103335.0, 6190.0], [103265.0, 40.0]], "asks": [[103515.0, 1210.0], [103517.5, 3900.0], [103520.0, 4240.0], [103522.5, 14190.0], [103530.0, 19680.0], [103532.5, 50000.0], [103535.0, 29870.0], [103537.5, 46710.0], [103542.5, 23340.0], [103545.0, 78740.0], [103605.0, 1470.0], [103607.5, 4940.0], [103622.5, 1900.0], [103625.0, 6370.0], [103640.0, 5750.0], [103642.5, 19240.0], [103677.5, 40.0], [103710.0, 11140.0], [103712.5, 37310.0], [103717.5, 3230.0]]}}}
{"jsonrpc": "2.0", "method": "subscription", "params": {"channel": "book.BTC-7NOV25.none.20.100ms", "data": {"timestamp": 1762394239910, "change_id": 125501012974, "instrument_name": "BTC-7NOV25", "bids": [[103440.0, 10000.0], [103435.0, 4390.0], [103432.5, 840.0], [103430.0, 2800.0], [103427.5, 1340.0], [103425.0, 4500.0], [103422.5, 1340.0], [103420.0, 4500.0], [103417.5, 1470.0], [103415.0, 4390.0], [103377.5, 13770.0], [103375.0, 46140.0], [103315.0, 7270.0], [103312.5, 24360.0], [103302.5, 77090.0], [103300.0, 258250.0], [103282.5, 1350.0], [103280.0, 4530.0], [103232.5, 7440.0], [103230.0, 24930.0]], "asks": [[103442.5, 9810.0], [103450.0, 1310.0], [103455.0, 4390.0], [103457.5, 3150.0], [103460.0, 24930.0], [103462.5, 50000.0], [103465.0, 21170.0], [103467.5, 24240.0], [103470.0, 65570.0], [103472.5, 63280.0], [103477.5, 1310.0], [103480.0, 4390.0], [103495.0, 7560.0], [103497.5, 25330.0], [103517.5, 1020.0], [103520.0, 3410.0], [103585.0, 410.0], [103587.5, 1380.0], [103620.0, 8750.0], [103622.5, 24830.0]]}}}
{"jsonrpc": "2.0", "method": "subscription", "params": {"channel": "book.BTC-14NOV25.none.20.100ms", "data": {"timestamp": 1762394240258, "change_id": 125501013560, "instrument_name": "BTC-14NOV25", "bids": [[103512.5, 1160.0], [103510.0, 5060.0], [103507.5, 3900.0], [103505.0, 8950.0], [103502.5, 23900.0], [103500.0, 8630.0], [103497.5, 1800.0], [103485.0, 2460.0], [103482.5, 3900.0], [103480.0, 4350.0], [103397.5, 290.0], [103387.5, 10.0], [103380.0, 4770.0], [103377.5, 15990.0], [103375.0, 13770.0], [103372.5, 46130.0], [103350.0, 1370.0], [103347.5, 4600.0], [103337.5, 1850.0], [103335.0, 6190.0]], "asks": [[103520.0, 1410.0], [103530.0, 19680.0], [103532.5, 60000.0], [103535.0, 29870.0], [103537.5, 46710.0], [103542.5, 23340.0], [103545.0, 78740.0], [103605.0, 1470.0], [103607.5, 4940.0], [103622.5, 1900.0], [103625.0, 6370.0], [103640.0, 5750.0], [103642.5, 19240.0], [103677.5, 40.0], [103710.0, 11140.0], [103712.5, 37310.0], [103717.5, 3230.0], [103720.0, 4470.0], [103770.0, 10.0], [103792.5, 50.0]]}}}
{"jsonrpc": "2.0", "method": "subscription", "params": {"channel": "book.BTC-7NOV25.none.20.100ms", "data": {"timestamp": 1762394240260, "change_id": 125501013557, "instrument_name": "BTC-7NOV25", "bids": [[103440.0, 10000.0], [103435.0, 4390.0], [103432.5, 840.0], [103430.0, 2800.0], [103427.5, 1340.0], [103425.0, 4500.0], [103422.5, 1340.0], [103420.0, 4500.0], [103417.5, 1470.0], [103415.0, 4390.0], [103377.5, 13770.0], [103375.0, 46140.0], [103315.0, 7270.0], [103312.5, 24360.0], [103302.5, 77090.0], [103300.0, 258250.0], [103282.5, 1350.0], [103280.0, 4530.0], [103232.5, 7440.0], [103230.0, 24930.0]], "asks": [[103442.5, 9810.0], [103457.5, 160.0], [103460.0, 14930.0], [103462.5, 50000.0], [103465.0, 21170.0], [103467.5, 24240.0], [103470.0, 65570.0], [103472.5, 63280.0], [103475.0, 4300.0], [103477.5, 10000.0], [103480.0, 4390.0], [103495.0, 7560.0], [103497.5, 25330.0], [103502.5, 60.0], [103517.5, 1020.0], [103520.0, 3410.0], [103585.0, 410.0], [103587.5, 1380.0], [103620.0, 8750.0], [103622.5, 24830.0]]}}}
{"jsonrpc": "2.0", "method": "subscription", "params": {"channel": "book.BTC-14NOV25.none.20.100ms", "data": {"timestamp": 1762394240552, "change_id": 125501014695, "instrument_name": "BTC-14NOV25", "bids": [[103512.5, 3900.0], [103510.0, 13900.0], [103507.5, 3900.0], [103505.0, 3900.0], [103502.5, 13900.0], [103492.5, 160.0], [103482.5, 3900.0], [103480.0, 4190.0], [103400.0, 290.0], [103387.5, 10.0], [103377.5, 15990.0], [103372.5, 46130.0], [103350.0, 6190.0], [103347.5, 4600.0], [103265.0, 40.0], [103242.5, 2370.0], [103227.5, 47530.0], [103225.0, 18710.0], [103215.0, 50000.0], [103147.5, 36820.0]], "asks": [[103535.0, 160.0], [103545.0, 4190.0], [103562.5, 16210.0], [103577.5, 4190.0], [103607.5, 4940.0], [103625.0, 6370.0], [103640.0, 10.0], [103642.5, 19240.0], [103677.5, 40.0], [103710.0, 50000.0], [103712.5, 37310.0], [103717.5, 1900.0], [103720.0, 4470.0], [103770.0, 10.0], [103792.5, 50.0], [103800.0, 36420.0], [103812.5, 50000.0], [103817.5, 30.0], [103825.0, 500.0], [103850.0, 11870.0]]}}}
{"jsonrpc": "2.0", "method": "subscription", "params": {"channel": "book.BTC-7NOV25.none.20.100ms", "data": {"timestamp": 1762394240501, "change_id": 125501014688, "instrument_name": "BTC-7NOV25", "bids": [[103442.5, 7490.0], [103440.0, 10210.0], [103437.5, 2000.0], [103432.5, 840.0], [103430.0, 2960.0], [103427.5, 1340.0], [103425.0, 4500.0], [103422.5, 1340.0], [103420.0, 4500.0], [103417.5, 1310.0], [103415.0, 4390.0], [103377.5, 13770.0], [103375.0, 46140.0], [103315.0, 7270.0], [103312.5, 24360.0], [103302.5, 77090.0], [103300.0, 258250.0], [103285.0, 24930.0], [103280.0, 4530.0], [103227.5, 2370.0]], "asks": [[103475.0, 160.0], [103477.5, 1310.0], [103480.0, 4390.0], [103495.0, 13720.0], [103497.5, 49200.0], [103502.5, 60.0], [103510.0, 1310.0], [103512.5, 4390.0], [103517.5, 1020.0], [103520.0, 3410.0], [103527.5, 50000.0], [103585.0, 410.0], [103587.5, 1380.0], [103620.0, 8750.0], [103622.5, 24830.0], [103625.0, 4470.0], [103670.0, 49620.0], [103682.5, 70.0], [103747.5, 500.0], [103757.5, 50000.0]]}}}
{"jsonrpc": "2.0", "method": "subscription", "params": {"channel": "book.BTC-14NOV25.none.20.100ms", "data": {"timestamp": 1762394240867, "change_id": 125501015768, "instrument_name": "BTC-14NOV25", "bids": [[103530.0, 2330.0], [103527.5, 3900.0], [103525.0, 5150.0], [103522.5, 4190.0], [103520.0, 1160.0], [103517.5, 3900.0], [103515.0, 8300.0], [103512.5, 13900.0], [103510.0, 11210.0], [103507.5, 3900.0], [103505.0, 160.0], [103482.5, 1250.0], [103480.0, 4190.0], [103402.5, 290.0], [103387.5, 10.0], [103380.0, 4770.0], [103377.5, 15990.0], [103375.0, 13770.0], [103372.5, 46130.0], [103355.0, 6190.0]], "asks": [[103535.0, 160.0], [103540.0, 4240.0], [103542.5, 10000.0], [103545.0, 4190.0], [103560.0, 4840.0], [103562.5, 16210.0], [103575.0, 1250.0], [103577.5, 4190.0], [103602.5, 14930.0], [103605.0, 51470.0], [103607.5, 4940.0], [103622.5, 1900.0], [103625.0, 6370.0], [103640.0, 5750.0], [103642.5, 19240.0], [103677.5, 40.0], [103710.0, 11140.0], [103712.5, 37310.0], [103715.0, 1900.0], [103717.5, 1900.0]]}}}
{"jsonrpc": "2.0", "method": "subscription", "params": {"channel": "book.BTC-7NOV25.none.20.100ms", "data": {"timestamp": 1762394240745, "change_id": 125501015787, "instrument_name": "BTC-7NOV25", "bids": [[103460.0, 4390.0], [103457.5, 10000.0], [103442.5, 160.0], [103415.0, 4390.0], [103375.0, 46140.0], [103315.0, 2370.0], [103312.5, 24360.0], [103300.0, 258250.0], [103285.0, 24930.0], [103280.0, 4530.0], [103222.5, 9500.0], [103210.0, 25460.0], [103147.5, 500.0], [103132.5, 40.0], [103130.0, 38030.0], [103127.5, 50000.0], [103087.5, 50890.0], [103065.0, 51450.0], [102950.0, 160.0], [102945.0, 50000.0]], "asks": [[103465.0, 4500.0], [103467.5, 4500.0], [103470.0, 4500.0], [103472.5, 4500.0], [103475.0, 160.0], [103477.5, 4500.0], [103480.0, 4390.0], [103485.0, 10000.0], [103495.0, 50000.0], [103497.5, 49200.0], [103502.5, 60.0], [103512.5, 4390.0], [103520.0, 3410.0], [103587.5, 1380.0], [103622.5, 24830.0], [103625.0, 4470.0], [103670.0, 49620.0], [103682.5, 70.0], [103747.5, 500.0], [103757.5, 50000.0]]}}}
{"jsonrpc": "2.0", "method": "subscription", "params": {"channel": "book.BTC-14NOV25.none.20.100ms", "data": {"timestamp": 1762394241251, "change_id": 125501016305, "instrument_name": "BTC-14NOV25", "bids": [[103530.0, 2330.0], [103527.5, 3900.0], [103525.0, 5150.0], [103522.5, 4190.0], [103520.0, 1160.0], [103517.5, 3900.0], [103515.0, 8300.0], [103512.5, 23900.0], [103510.0, 1210.0], [103507.5, 3900.0], [103505.0, 160.0], [103482.5, 1250.0], [103480.0, 4190.0], [103402.5, 290.0], [103387.5, 10.0], [103380.0, 4770.0], [103377.5, 15990.0], [103375.0, 13770.0], [103372.5, 46130.0], [103355.0, 6190.0]], "asks": [[103535.0, 10160.0], [103540.0, 1250.0], [103545.0, 4190.0], [103560.0, 4840.0], [103562.5, 16210.0], [103575.0, 1250.0], [103577.5, 4190.0], [103597.5, 14930.0], [103600.0, 50000.0], [103605.0, 1470.0], [103607.5, 4940.0], [103622.5, 1900.0], [103625.0, 6370.0], [103640.0, 5750.0], [103642.5, 19240.0], [103677.5, 40.0], [103710.0, 11140.0], [103712.5, 37310.0], [103715.0, 1900.0], [103717.5, 1900.0]]}}}
{"jsonrpc": "2.0", "method": "subscription", "params": {"channel": "book.BTC-7NOV25.none.20.100ms", "data": {"timestamp": 1762394241248, "change_id": 125501016301, "instrument_name": "BTC-7NOV25", "bids": [[103460.0, 4390.0], [103457.5, 10000.0], [103442.5, 160.0], [103415.0, 4390.0], [103375.0, 46140.0], [103315.0, 2370.0], [103312.5, 24360.0], [103300.0, 258250.0], [103285.0, 24930.0], [103280.0, 4530.0], [103222.5, 9500.0], [103210.0, 25460.0], [103147.5, 500.0], [103132.5, 40.0], [103130.0, 38030.0], [103127.5, 50000.0], [103087.5, 50890.0], [103065.0, 51450.0], [102950.0, 160.0], [102945.0, 50000.0]], "asks": [[103462.5, 9810.0], [103465.0, 4500.0], [103467.5, 4500.0], [103470.0, 4500.0], [103472.5, 4500.0], [103475.0, 160.0], [103477.5, 4500.0], [103480.0, 4390.0], [103485.0, 10000.0], [103495.0, 50000.0], [103497.5, 49200.0], [103502.5, 60.0], [103512.5, 4390.0], [103520.0, 3410.0], [103587.5, 1380.0], [103622.5, 24830.0], [103625.0, 4470.0], [103670.0, 49620.0], [103682.5, 70.0], [103747.5, 500.0]]}}}
{"jsonrpc": "2.0", "method": "subscription", "params": {"channel": "book.BTC-14NOV25.none.20.100ms", "data": {"timestamp": 1762394241296, "change_id": 125501016322, "instrument_name": "BTC-14NOV25", "bids": [[103530.0, 2330.0], [103527.5, 3900.0], [103525.0, 7980.0], [103522.5, 4190.0], [103520.0, 11160.0], [103517.5, 3900.0], [103515.0, 4150.0], [103512.5, 13900.0], [103510.0, 1210.0], [103507.5, 3900.0], [103505.0, 160.0], [103482.5, 1250.0], [103480.0, 4190.0], [103402.5, 290.0], [103387.5, 10.0], [103380.0, 4770.0], [103377.5, 15990.0], [103375.0, 13770.0], [103372.5, 46130.0], [103355.0, 6190.0]], "asks": [[103535.0, 10160.0], [103540.0, 1250.0], [103545.0, 4190.0], [103560.0, 4840.0], [103562.5, 16210.0], [103575.0, 1250.0], [103577.5, 4190.0], [103597.5, 14930.0], [103600.0, 50000.0], [103605.0, 1470.0], [103607.5, 4940.0], [103622.5, 1900.0], [103625.0, 6370.0], [103640.0, 5750.0], [103642.5, 19240.0], [103677.5, 40.0], [103710.0, 11140.0], [103712.5, 37310.0], [103715.0, 1900.0], [103717.5, 1900.0]]}}}
{"jsonrpc": "2.0", "method": "subscription", "params": {"channel": "book.BTC-7NOV25.none.20.100ms", "data": {"timestamp": 1762394241567, "change_id": 125501016404, "instrument_name": "BTC-7NOV25", "bids": [[103460.0, 4390.0], [103457.5, 10000.0], [103442.5, 160.0], [103415.0, 4390.0], [103375.0, 46140.0], [103315.0, 2370.0], [103312.5, 24360.0], [103300.0, 258250.0], [103285.0, 24930.0], [103280.0, 4530.0], [103222.5, 9500.0], [103210.0, 25460.0], [103147.5, 500.0], [103132.5, 40.0], [103130.0, 38030.0], [103127.5, 50000.0], [103087.5, 50890.0], [103065.0, 51450.0], [102950.0, 160.0], [102945.0, 50000.0]], "asks": [[103462.5, 9810.0], [103465.0, 4500.0], [103467.5, 4500.0], [103470.0, 4500.0], [103472.5, 4500.0], [103475.0, 160.0], [103477.5, 4500.0], [103480.0, 4390.0], [103485.0, 10000.0], [103495.0, 50000.0], [103497.5, 49200.0], [103502.5, 60.0], [103512.5, 4390.0], [103520.0, 3410.0], [103587.5, 1380.0], [103622.5, 24830.0], [103625.0, 4470.0], [103670.0, 49620.0], [103682.5, 70.0], [103747.5, 500.0]]}}}
{"jsonrpc": "2.0", "method": "subscription", "params": {"channel": "book.BTC-14NOV25.none.20.100ms", "data": {"timestamp": 1762394241615, "change_id": 125501016429, "instrument_name": "BTC-14NOV25", "bids": [[103530.0, 6230.0], [103527.5, 3900.0], [103525.0, 7980.0], [103522.5, 6290.0], [103520.0, 11160.0], [103517.5, 3900.0], [103515.0, 2990.0], [103512.5, 10000.0], [103505.0, 160.0], [103482.5, 1250.0], [103480.0, 4190.0], [103402.5, 290.0], [103387.5, 10.0], [103380.0, 4770.0], [103377.5, 15990.0], [103375.0, 13770.0], [103372.5, 46130.0], [103357.5, 1850.0], [103355.0, 6190.0], [103350.0, 1370.0]], "asks": [[103535.0, 10160.0], [103540.0, 1250.0], [103545.0, 4190.0], [103560.0, 4840.0], [103562.5, 16210.0], [103575.0, 1250.0], [103577.5, 4190.0], [103597.5, 14930.0], [103600.0, 50000.0], [103605.0, 1470.0], [103607.5, 4940.0], [103622.5, 1900.0], [103625.0, 6370.0], [103640.0, 5750.0], [103642.5, 19240.0], [103677.5, 40.0], [103710.0, 11140.0], [103712.5, 37310.0], [103715.0, 1900.0], [103717.5, 1900.0]]}}}
{"jsonrpc": "2.0", "method": "subscription", "params": {"channel": "book.BTC-7NOV25.none.20.100ms", "data": {"timestamp": 1762394241761, "change_id": 125501016760, "instrument_name": "BTC-7NOV25", "bids": [[103460.0, 4390.0], [103457.5, 10000.0], [103447.5, 1340.0], [103445.0, 4500.0], [103442.5, 160.0], [103417.5, 1310.0], [103415.0, 4390.0], [103377.5, 13770.0], [103375.0, 46140.0], [103315.0, 9640.0], [103312.5, 24360.0], [103300.0, 258250.0], [103285.0, 24930.0], [103280.0, 4530.0], [103222.5, 9500.0], [103210.0, 25460.0], [103147.5, 500.0], [103132.5, 40.0], [103130.0, 38030.0], [103127.5, 50000.0]], "asks": [[103462.5, 9810.0], [103470.0, 1390.0], [103472.5, 4500.0], [103475.0, 2810.0], [103477.5, 4500.0], [103480.0, 4390.0], [103482.5, 2990.0], [103485.0, 10000.0], [103492.5, 14930.0], [103495.0, 50000.0], [103497.5, 49200.0], [103502.5, 60.0], [103512.5, 4390.0], [103520.0, 3410.0], [103585.0, 410.0], [103587.5, 1380.0], [103620.0, 8750.0], [103622.5, 24830.0], [103625.0, 4470.0], [103670.0, 49620.0]]}}}
{"jsonrpc": "2.0", "method": "subscription", "params": {"channel": "book.BTC-7NOV25.none.20.100ms", "data": {"timestamp": 1762394242097, "change_id": 125501017413, "instrument_name": "BTC-7NOV25", "bids": [[103460.0, 4390.0], [103457.5, 10000.0], [103447.5, 1340.0], [103445.0, 4500.0], [103442.5, 160.0], [103417.5, 1310.0], [103415.0, 4390.0], [103377.5, 13770.0], [103375.0, 46140.0], [103315.0, 7270.0], [103312.5, 24360.0], [103300.0, 258250.0], [103285.0, 24930.0], [103280.0, 4530.0], [103222.5, 9500.0], [103210.0, 25460.0], [103147.5, 500.0], [103140.0, 2370.0], [103132.5, 40.0], [103130.0, 38030.0]], "asks": [[103462.5, 9810.0], [103470.0, 1390.0], [103472.5, 4500.0], [103475.0, 2810.0], [103477.5, 4500.0], [103480.0, 4390.0], [103482.5, 2990.0], [103485.0, 10000.0], [103487.5, 14930.0], [103490.0, 50000.0], [103497.5, 49200.0], [103502.5, 60.0], [103512.5, 4390.0], [103520.0, 3410.0], [103585.0, 410.0], [103587.5, 1380.0], [103620.0, 8750.0], [103622.5, 24830.0], [103625.0, 4470.0], [103670.0, 49620.0]]}}}
{"jsonrpc": "2.0", "method": "subscription", "params": {"channel": "book.BTC-7NOV25.none.20.100ms", "data": {"timestamp": 1762394242398, "change_id": 125501017709, "instrument_name": "BTC-7NOV25", "bids": [[103460.0, 4390.0], [103457.5, 10000.0], [103447.5, 1340.0], [103445.0, 4500.0], [103442.5, 160.0], [103417.5, 1310.0], [103415.0, 4390.0], [103377.5, 13770.0], [103375.0, 46140.0], [103315.0, 7270.0], [103312.5, 24360.0], [103305.0, 2370.0], [103300.0, 258250.0], [103285.0, 24930.0], [103280.0, 4530.0], [103222.5, 9500.0], [103210.0, 25460.0], [103147.5, 500.0], [103132.5, 40.0], [103130.0, 38030.0]], "asks": [[103462.5, 9810.0], [103470.0, 1390.0], [103472.5, 4500.0], [103475.0, 2810.0], [103477.5, 4500.0], [103480.0, 4390.0], [103482.5, 17530.0], [103485.0, 60000.0], [103497.5, 49200.0], [103502.5, 60.0], [103512.5, 4390.0], [103520.0, 3410.0], [103585.0, 410.0], [103587.5, 1380.0], [103620.0, 8750.0], [103622.5, 24830.0], [103625.0, 4470.0], [103670.0, 49620.0], [103682.5, 70.0], [103747.5, 500.0]]}}}
{"jsonrpc": "2.0", "method": "subscription", "params": {"channel": "book.BTC-14NOV25.none.20.100ms", "data": {"timestamp": 1762394242600, "change_id": 125501017743, "instrument_name": "BTC-14NOV25", "bids": [[103530.0, 2330.0], [103527.5, 3900.0], [103525.0, 7980.0], [103522.5, 6290.0], [103520.0, 11160.0], [103517.5, 3900.0], [103515.0, 2990.0], [103512.5, 10000.0], [103505.0, 160.0], [103482.5, 1250.0], [103480.0, 4190.0], [103402.5, 290.0], [103387.5, 10.0], [103380.0, 4770.0], [103377.5, 15990.0], [103375.0, 13770.0], [103372.5, 46130.0], [103357.5, 1850.0], [103355.0, 6190.0], [103350.0, 1370.0]], "asks": [[103535.0, 10160.0], [103540.0, 1250.0], [103545.0, 4190.0], [103560.0, 4840.0], [103562.5, 16210.0], [103575.0, 1250.0], [103577.5, 4190.0], [103597.5, 14930.0], [103600.0, 50000.0], [103605.0, 1470.0], [103607.5, 4940.0], [103622.5, 1900.0], [103625.0, 6370.0], [103640.0, 5750.0], [103642.5, 19240.0], [103677.5, 40.0], [103710.0, 11140.0], [103712.5, 37310.0], [103715.0, 1900.0], [103717.5, 1900.0]]}}}
{"jsonrpc": "2.0", "method": "subscription", "params": {"channel": "book.BTC-7NOV25.none.20.100ms", "data": {"timestamp": 1762394242763, "change_id": 125501017927, "instrument_name": "BTC-7NOV25", "bids": [[103460.0, 4390.0], [103457.5, 10000.0], [103452.5, 1070.0], [103450.0, 3600.0], [103447.5, 1340.0], [103445.0, 4500.0], [103442.5, 160.0], [103417.5, 1310.0], [103415.0, 4390.0], [103377.5, 13770.0], [103375.0, 46140.0], [103315.0, 7270.0], [103312.5, 24360.0], [103307.5, 710.0], [103305.0, 2370.0], [103300.0, 258250.0], [103285.0, 24930.0], [103280.0, 4530.0], [103222.5, 9500.0], [103210.0, 25460.0]], "asks": [[103462.5, 9810.0], [103470.0, 1390.0], [103472.5, 4500.0], [103475.0, 2810.0], [103477.5, 4500.0], [103480.0, 4390.0], [103482.5, 17530.0], [103485.0, 60000.0], [103495.0, 14690.0], [103497.5, 49200.0], [103502.5, 60.0], [103512.5, 4390.0], [103520.0, 3410.0], [103585.0, 410.0], [103587.5, 1380.0], [103620.0, 8750.0], [103622.5, 24830.0], [103625.0, 4470.0], [103670.0, 49620.0], [103682.5, 70.0]]}}}
{"jsonrpc": "2.0", "method": "subscription", "params": {"channel": "book.BTC-7NOV25.none.20.100ms", "data": {"timestamp": 1762394243201, "change_id": 125501018808, "instrument_name": "BTC-7NOV25", "bids": [[103460.0, 4390.0], [103457.5, 10000.0], [103452.5, 1070.0], [103450.0, 3600.0], [103447.5, 1340.0], [103445.0, 4500.0], [103442.5, 160.0], [103417.5, 1310.0], [103415.0, 4390.0], [103377.5, 13770.0], [103375.0, 46140.0], [103315.0, 7270.0], [103312.5, 24360.0], [103307.5, 710.0], [103305.0, 11870.0], [103300.0, 258250.0], [103285.0, 24930.0], [103280.0, 4530.0], [103210.0, 25460.0], [103147.5, 500.0]], "asks": [[103462.5, 9810.0], [103470.0, 1390.0], [103472.5, 4500.0], [103475.0, 2810.0], [103477.5, 4500.0], [103480.0, 4390.0], [103482.5, 17530.0], [103485.0, 60000.0], [103495.0, 14690.0], [103497.5, 49200.0], [103502.5, 60.0], [103512.5, 4390.0], [103520.0, 3410.0], [103585.0, 410.0], [103587.5, 1380.0], [103620.0, 8750.0], [103622.5, 24830.0], [103625.0, 4470.0], [103670.0, 49620.0], [103682.5, 70.0]]}}}
{"jsonrpc": "2.0", "method": "subscription", "params": {"channel": "book.BTC-14NOV25.none.20.100ms", "data": {"timestamp": 1762394243574, "change_id": 125501018903, "instrument_name": "BTC-14NOV25", "bids": [[103530.0, 2330.0], [103527.5, 3900.0], [103525.0, 7980.0], [103522.5, 8090.0], [103520.0, 11160.0], [103517.5, 3900.0], [103515.0, 2990.0], [103512.5, 10000.0], [103505.0, 160.0], [103482.5, 1250.0], [103480.0, 4190.0], [103402.5, 290.0], [103387.5, 10.0], [103380.0, 4770.0], [103377.5, 15990.0], [103375.0, 13770.0], [103372.5, 46130.0], [103357.5, 1850.0], [103355.0, 6190.0], [103350.0, 1370.0]], "asks": [[103535.0, 10160.0], [103540.0, 1250.0], [103545.0, 4190.0], [103560.0, 4840.0], [103562.5, 16210.0], [103575.0, 1250.0], [103577.5, 4190.0], [103597.5, 14930.0], [103600.0, 50000.0], [103605.0, 1470.0], [103607.5, 4940.0], [103622.5, 1900.0], [103625.0, 6370.0], [103640.0, 5750.0], [103642.5, 19240.0], [103677.5, 40.0], [103710.0, 11140.0], [103712.5, 37310.0], [103715.0, 1900.0], [103717.5, 1900.0]]}}}
{"jsonrpc": "2.0", "method": "subscription", "params": {"channel": "book.BTC-7NOV25.none.20.100ms", "data": {"timestamp": 1762394243352, "change_id": 125501018857, "instrument_name": "BTC-7NOV25", "bids": [[103460.0, 4390.0], [103457.5, 10000.0], [103452.5, 1070.0], [103450.0, 3600.0], [103447.5, 1340.0], [103445.0, 4500.0], [103442.5, 160.0], [103417.5, 1310.0], [103415.0, 4390.0], [103377.5, 13770.0], [103375.0, 46140.0], [103315.0, 7270.0], [103312.5, 24360.0], [103307.5, 710.0], [103305.0, 11870.0], [103300.0, 258250.0], [103285.0, 24930.0], [103280.0, 4530.0], [103210.0, 25460.0], [103147.5, 500.0]], "asks": [[103462.5, 9810.0], [103470.0, 1390.0], [103472.5, 4500.0], [103475.0, 2810.0], [103477.5, 4500.0], [103480.0, 4390.0], [103482.5, 17530.0], [103485.0, 60000.0], [103495.0, 14690.0], [103497.5, 49200.0], [103502.5, 60.0], [103512.5, 4390.0], [103520.0, 3410.0], [103585.0, 410.0], [103587.5, 1380.0], [103620.0, 8750.0], [103622.5, 24830.0], [103625.0, 4470.0], [103670.0, 49620.0], [103682.5, 70.0]]}}}
{"jsonrpc": "2.0", "method": "subscription", "params": {"channel": "book.BTC-14NOV25.none.20.100ms", "data": {"timestamp": 1762394243574, "change_id": 125501018904, "instrument_name": "BTC-14NOV25", "bids": [[103530.0, 6230.0], [103527.5, 3900.0], [103525.0, 7980.0], [103522.5, 8090.0], [103520.0, 11160.0], [103517.5, 3900.0], [103515.0, 2990.0], [103512.5, 10000.0], [103505.0, 160.0], [103482.5, 1250.0], [103480.0, 4190.0], [103402.5, 290.0], [103387.5, 10.0], [103380.0, 4770.0], [103377.5, 15990.0], [103375.0, 13770.0], [103372.5, 46130.0], [103357.5, 1850.0], [103355.0, 6190.0], [103350.0, 1370.0]], "asks": [[103535.0, 10160.0], [103540.0, 1250.0], [103545.0, 4190.0], [103560.0, 4840.0], [103562.5, 16210.0], [103575.0, 1250.0], [103577.5, 4190.0], [103597.5, 14930.0], [103600.0, 50000.0], [103605.0, 1470.0], [103607.5, 4940.0], [103622.5, 1900.0], [103625.0, 6370.0], [103640.0, 5750.0], [103642.5, 19240.0], [103677.5, 40.0], [103710.0, 11140.0], [103712.5, 37310.0], [103715.0, 1900.0], [103717.5, 1900.0]]}}}
{"jsonrpc": "2.0", "method": "subscription", "params": {"channel": "book.BTC-7NOV25.none.20.100ms", "data": {"timestamp": 1762394243769, "change_id": 125501019089, "instrument_name": "BTC-7NOV25", "bids": [[103460.0, 4390.0], [103457.5, 10000.0], [103452.5, 1070.0], [103450.0, 3600.0], [103447.5, 1340.0], [103445.0, 4500.0], [103442.5, 160.0], [103417.5, 1310.0], [103415.0, 4390.0], [103377.5, 13770.0], [103375.0, 46140.0], [103315.0, 7270.0], [103312.5, 24360.0], [103307.5, 3450.0], [103305.0, 11870.0], [103300.0, 258250.0], [103285.0, 24930.0], [103280.0, 4530.0], [103210.0, 25460.0], [103147.5, 500.0]], "asks": [[103462.5, 9810.0], [103470.0, 1390.0], [103472.5, 4500.0], [103475.0, 2810.0], [103477.5, 4500.0], [103480.0, 4390.0], [103482.5, 17530.0], [103485.0, 60000.0], [103495.0, 14690.0], [103497.5, 49200.0], [103502.5, 60.0], [103510.0, 1310.0], [103512.5, 4390.0], [103520.0, 3410.0], [103585.0, 410.0], [103587.5, 1380.0], [103620.0, 8750.0], [103622.5, 24830.0], [103625.0, 4470.0], [103670.0, 49620.0]]}}}
{"jsonrpc": "2.0", "method": "subscription", "params": {"channel": "book.BTC-14NOV25.none.20.100ms", "data": {"timestamp": 1762394244173, "change_id": 125501019813, "instrument_name": "BTC-14NOV25", "bids": [[103530.0, 6230.0], [103527.5, 3900.0], [103525.0, 7980.0], [103522.5, 8090.0], [103520.0, 11160.0], [103517.5, 3900.0], [103515.0, 2990.0], [103512.5, 10000.0], [103505.0, 160.0], [103482.5, 1250.0], [103480.0, 4190.0], [103402.5, 290.0], [103387.5, 10.0], [103385.0, 710.0], [103382.5, 2370.0], [103380.0, 4770.0], [103377.5, 15990.0], [103375.0, 13770.0], [103372.5, 46130.0], [103357.5, 1850.0]], "asks": [[103535.0, 10160.0], [103540.0, 1250.0], [103545.0, 4190.0], [103560.0, 4840.0], [103562.5, 16210.0], [103575.0, 1250.0], [103577.5, 4190.0], [103597.5, 14930.0], [103600.0, 50000.0], [103605.0, 1470.0], [103607.5, 4940.0], [103622.5, 1900.0], [103625.0, 6370.0], [103640.0, 5750.0], [103642.5, 19240.0], [103677.5, 40.0], [103710.0, 11140.0], [103712.5, 37310.0], [103715.0, 1900.0], [103717.5, 1900.0]]}}}
{"jsonrpc": "2.0", "method": "subscription", "params": {"channel": "book.BTC-14NOV25.none.20.100ms", "data": {"timestamp": 1762394244510, "change_id": 125501020070, "instrument_name": "BTC-14NOV25", "bids": [[103530.0, 6230.0], [103527.5, 3900.0], [103525.0, 7980.0], [103522.5, 3900.0], [103520.0, 11160.0], [103517.5, 3900.0], [103515.0, 2990.0], [103512.5, 10000.0], [103505.0, 160.0], [103482.5, 1250.0], [103480.0, 4190.0], [103402.5, 290.0], [103387.5, 10.0], [103385.0, 710.0], [103382.5, 2370.0], [103380.0, 4770.0], [103377.5, 15990.0], [103375.0, 13770.0], [103372.5, 46130.0], [103357.5, 1850.0]], "asks": [[103535.0, 160.0], [103540.0, 4080.0], [103545.0, 14190.0], [103560.0, 4840.0], [103562.5, 16210.0], [103575.0, 1250.0], [103577.5, 4190.0], [103605.0, 16210.0], [103607.5, 54940.0], [103622.5, 1900.0], [103625.0, 6370.0], [103640.0, 5750.0], [103642.5, 19240.0], [103677.5, 40.0], [103710.0, 11140.0], [103712.5, 37310.0], [103715.0, 1900.0], [103717.5, 1900.0], [103720.0, 4470.0], [103770.0, 10.0]]}}}
{"jsonrpc": "2.0", "method": "subscription", "params": {"channel": "book.BTC-7NOV25.none.20.100ms", "data": {"timestamp": 1762394244533, "change_id": 125501020067, "instrument_name": "BTC-7NOV25", "bids": [[103457.5, 10000.0], [103452.5, 1070.0], [103450.0, 3600.0], [103447.5, 1340.0], [103445.0, 4500.0], [103442.5, 160.0], [103417.5, 1310.0], [103415.0, 4390.0], [103377.5, 13770.0], [103375.0, 46140.0], [103315.0, 7270.0], [103312.5, 24360.0], [103307.5, 3450.0], [103305.0, 11870.0], [103300.0, 258250.0], [103285.0, 24930.0], [103280.0, 4530.0], [103210.0, 25460.0], [103147.5, 500.0], [103132.5, 40.0]], "asks": [[103462.5, 9810.0], [103470.0, 1390.0], [103472.5, 4500.0], [103475.0, 2810.0], [103477.5, 4500.0], [103480.0, 4390.0], [103482.5, 17530.0], [103485.0, 60000.0], [103495.0, 14690.0], [103497.5, 49200.0], [103502.5, 60.0], [103510.0, 1310.0], [103512.5, 4390.0], [103520.0, 3410.0], [103585.0, 410.0], [103587.5, 1380.0], [103620.0, 8750.0], [103622.5, 24830.0], [103625.0, 4470.0], [103670.0, 49620.0]]}}}
{"jsonrpc": "2.0", "method": "subscription", "params": {"channel": "book.BTC-14NOV25.none.20.100ms", "data": {"timestamp": 1762394244615, "change_id": 125501020223, "instrument_name": "BTC-14NOV25", "bids": [[103530.0, 6170.0], [103527.5, 3900.0], [103525.0, 8270.0], [103522.5, 3900.0], [103520.0, 12180.0], [103517.5, 3900.0], [103515.0, 6890.0], [103512.5, 10000.0], [103505.0, 160.0], [103482.5, 1250.0], [103480.0, 4190.0], [103402.5, 290.0], [103387.5, 10.0], [103385.0, 710.0], [103382.5, 2370.0], [103380.0, 4770.0], [103377.5, 15990.0], [103375.0, 13770.0], [103372.5, 46130.0], [103357.5, 1850.0]], "asks": [[103535.0, 160.0], [103540.0, 4080.0], [103545.0, 14190.0], [103560.0, 4840.0], [103562.5, 16210.0], [103575.0, 1250.0], [103577.5, 4190.0], [103605.0, 16210.0], [103607.5, 54940.0], [103622.5, 1900.0], [103625.0, 6370.0], [103640.0, 5750.0], [103642.5, 19240.0], [103677.5, 40.0], [103710.0, 11140.0], [103712.5, 37310.0], [103717.5, 1330.0], [103720.0, 4470.0], [103770.0, 10.0], [103792.5, 50.0]]}}}
{"jsonrpc": "2.0", "method": "subscription", "params": {"channel": "book.BTC-7NOV25.none.20.100ms", "data": {"timestamp": 1762394244608, "change_id": 125501020191, "instrument_name": "BTC-7NOV25", "bids": [[103460.0, 4390.0], [103457.5, 10000.0], [103452.5, 1070.0], [103450.0, 3600.0], [103447.5, 1340.0], [103445.0, 4500.0], [103442.5, 160.0], [103417.5, 1310.0], [103415.0, 4390.0], [103377.5, 13770.0], [103375.0, 46140.0], [103315.0, 7270.0], [103312.5, 24360.0], [103307.5, 3450.0], [103305.0, 11870.0], [103300.0, 258250.0], [103285.0, 24930.0], [103280.0, 4530.0], [103210.0, 25460.0], [103147.5, 500.0]], "asks": [[103462.5, 9810.0], [103470.0, 1390.0], [103472.5, 4500.0], [103475.0, 2810.0], [103477.5, 4500.0], [103480.0, 4390.0], [103482.5, 17530.0], [103485.0, 60000.0], [103495.0, 14690.0], [103497.5, 49200.0], [103502.5, 60.0], [103510.0, 1310.0], [103512.5, 4390.0], [103520.0, 3410.0], [103585.0, 410.0], [103587.5, 1380.0], [103620.0, 8750.0], [103622.5, 24830.0], [103625.0, 4470.0], [103670.0, 49620.0]]}}}
{"jsonrpc": "2.0", "method": "subscription", "params": {"channel": "book.BTC-14NOV25.none.20.100ms", "data": {"timestamp": 1762394245159, "change_id": 125501021161, "instrument_name": "BTC-14NOV25", "bids": [[103530.0, 6170.0], [103527.5, 3900.0], [103525.0, 8270.0], [103522.5, 3900.0], [103520.0, 12180.0], [103517.5, 3900.0], [103515.0, 6890.0], [103512.5, 10000.0], [103505.0, 160.0], [103482.5, 1250.0], [103480.0, 4190.0], [103402.5, 290.0], [103387.5, 10.0], [103385.0, 710.0], [103382.5, 2370.0], [103380.0, 4770.0], [103377.5, 15990.0], [103375.0, 13770.0], [103372.5, 46130.0], [103357.5, 1850.0]], "asks": [[103535.0, 160.0], [103540.0, 4080.0], [103545.0, 14190.0], [103560.0, 4840.0], [103562.5, 16210.0], [103575.0, 1250.0], [103577.5, 4190.0], [103605.0, 16210.0], [103607.5, 54940.0], [103622.5, 1900.0], [103625.0, 6370.0], [103640.0, 5750.0], [103642.5, 19240.0], [103677.5, 40.0], [103710.0, 11140.0], [103712.5, 37310.0], [103717.5, 1330.0], [103720.0, 4470.0], [103740.0, 1900.0], [103770.0, 10.0]]}}}
{"jsonrpc": "2.0", "method": "subscription", "params": {"channel": "book.BTC-14NOV25.none.20.100ms", "data": {"timestamp": 1762394245553, "change_id": 125501021440, "instrument_name": "BTC-14NOV25", "bids": [[103530.0, 6170.0], [103527.5, 3900.0], [103525.0, 8270.0], [103522.5, 3900.0], [103520.0, 12180.0], [103517.5, 3900.0], [103515.0, 6890.0], [103512.5, 10000.0], [103510.0, 1210.0], [103507.5, 3900.0], [103505.0, 160.0], [103482.5, 1250.0], [103480.0, 4190.0], [103402.5, 290.0], [103387.5, 10.0], [103385.0, 710.0], [103382.5, 2370.0], [103380.0, 4770.0], [103377.5, 15990.0], [103375.0, 13770.0]], "asks": [[103535.0, 160.0], [103540.0, 2830.0], [103545.0, 10000.0], [103560.0, 4840.0], [103562.5, 16210.0], [103575.0, 1250.0], [103577.5, 4190.0], [103605.0, 16210.0], [103607.5, 54940.0], [103622.5, 1900.0], [103625.0, 6370.0], [103640.0, 5750.0], [103642.5, 19240.0], [103677.5, 40.0], [103710.0, 11140.0], [103712.5, 37310.0], [103717.5, 1330.0], [103720.0, 4470.0], [103740.0, 1900.0], [103770.0, 10.0]]}}}
{"jsonrpc": "2.0", "method": "subscription", "params": {"channel": "book.BTC-7NOV25.none.20.100ms", "data": {"timestamp": 1762394245519, "change_id": 125501021424, "instrument_name": "BTC-7NOV25", "bids": [[103460.0, 4390.0], [103457.5, 10000.0], [103452.5, 1070.0], [103450.0, 3600.0], [103447.5, 1340.0], [103445.0, 4500.0], [103442.5, 160.0], [103417.5, 1310.0], [103415.0, 4390.0], [103377.5, 13770.0], [103375.0, 46140.0], [103315.0, 7270.0], [103312.5, 24360.0], [103307.5, 3450.0], [103305.0, 11870.0], [103300.0, 258250.0], [103285.0, 24930.0], [103280.0, 4530.0], [103210.0, 25460.0], [103147.5, 500.0]], "asks": [[103462.5, 9810.0], [103470.0, 1390.0], [103472.5, 4500.0], [103475.0, 1500.0], [103477.5, 4500.0], [103482.5, 2990.0], [103485.0, 10000.0], [103492.5, 50000.0], [103495.0, 14690.0], [103497.5, 49200.0], [103502.5, 60.0], [103510.0, 1310.0], [103512.5, 4390.0], [103517.5, 1020.0], [103520.0, 3410.0], [103585.0, 410.0], [103587.5, 1380.0], [103620.0, 8750.0], [103622.5, 24830.0], [103625.0, 4470.0]]}}}
{"jsonrpc": "2.0", "method": "subscription", "params": {"channel": "book.BTC-14NOV25.none.20.100ms", "data": {"timestamp": 1762394245743, "change_id": 125501021564, "instrument_name": "BTC-14NOV25", "bids": [[103530.0, 6170.0], [103527.5, 3900.0], [103525.0, 8270.0], [103522.5, 3900.0], [103520.0, 12180.0], [103517.5, 3900.0], [103515.0, 6890.0], [103512.5, 10000.0], [103510.0, 1210.0], [103507.5, 3900.0], [103505.0, 160.0], [103482.5, 1250.0], [103480.0, 4190.0], [103402.5, 290.0], [103387.5, 10.0], [103385.0, 710.0], [103382.5, 2370.0], [103380.0, 4770.0], [103377.5, 15990.0], [103375.0, 13770.0]], "asks": [[103535.0, 160.0], [103540.0, 2830.0], [103542.5, 4190.0], [103545.0, 10000.0], [103560.0, 4840.0], [103562.5, 16210.0], [103575.0, 1250.0], [103577.5, 4190.0], [103605.0, 1470.0], [103607.5, 54940.0], [103622.5, 1900.0], [103625.0, 6370.0], [103640.0, 5750.0], [103642.5, 19240.0], [103677.5, 40.0], [103710.0, 11140.0], [103712.5, 37310.0], [103717.5, 1330.0], [103720.0, 4470.0], [103740.0, 1900.0]]}}}
{"jsonrpc": "2.0", "method": "subscription", "params": {"channel": "book.BTC-7NOV25.none.20.100ms", "data": {"timestamp": 1762394245696, "change_id": 125501021540, "instrument_name": "BTC-7NOV25", "bids": [[103460.0, 4390.0], [103457.5, 10000.0], [103452.5, 1070.0], [103450.0, 3600.0], [103447.5, 1340.0], [103445.0, 4500.0], [103442.5, 160.0], [103417.5, 1310.0], [103415.0, 4390.0], [103377.5, 13770.0], [103375.0, 46140.0], [103315.0, 7270.0], [103312.5, 24360.0], [103307.5, 3450.0], [103305.0, 11870.0], [103300.0, 258250.0], [103285.0, 24930.0], [103280.0, 4530.0], [103210.0, 25460.0], [103147.5, 500.0]], "asks": [[103462.5, 9810.0], [103470.0, 1390.0], [103472.5, 4500.0], [103475.0, 1500.0], [103477.5, 4390.0], [103482.5, 2990.0], [103485.0, 10000.0], [103495.0, 64690.0], [103497.5, 49200.0], [103502.5, 60.0], [103510.0, 1310.0], [103512.5, 4390.0], [103517.5, 1020.0], [103520.0, 3410.0], [103585.0, 410.0], [103587.5, 1380.0], [103620.0, 8750.0], [103622.5, 24830.0], [103625.0, 4470.0], [103670.0, 49620.0]]}}}
{"jsonrpc": "2.0", "method": "subscription", "params": {"channel": "book.BTC-14NOV25.none.20.100ms", "data": {"timestamp": 1762394246182, "change_id": 125501022427, "instrument_name": "BTC-14NOV25", "bids": [[103530.0, 6170.0], [103527.5, 3900.0], [103525.0, 8270.0], [103522.5, 3900.0], [103520.0, 12180.0], [103517.5, 3900.0], [103515.0, 6890.0], [103512.5, 10000.0], [103510.0, 1210.0], [103507.5, 3900.0], [103505.0, 160.0], [103482.5, 1250.0], [103480.0, 4190.0], [103405.0, 290.0], [103387.5, 10.0], [103385.0, 710.0], [103382.5, 2370.0], [103380.0, 4770.0], [103377.5, 15990.0], [103375.0, 13770.0]], "asks": [[103535.0, 3150.0], [103537.5, 10000.0], [103540.0, 1250.0], [103542.5, 4190.0], [103560.0, 4840.0], [103562.5, 16210.0], [103575.0, 1250.0], [103577.5, 4190.0], [103605.0, 1470.0], [103607.5, 54940.0], [103622.5, 1900.0], [103625.0, 6370.0], [103640.0, 5750.0], [103642.5, 19240.0], [103677.5, 40.0], [103710.0, 11140.0], [103712.5, 37310.0], [103717.5, 1330.0], [103720.0, 4470.0], [103740.0, 1900.0]]}}}
{"jsonrpc": "2.0", "method": "subscription", "params": {"channel": "book.BTC-7NOV25.none.20.100ms", "data": {"timestamp": 1762394246376, "change_id": 125501022581, "instrument_name": "BTC-7NOV25", "bids": [[103460.0, 4390.0], [103457.5, 10000.0], [103452.5, 1070.0], [103450.0, 3600.0], [103447.5, 1340.0], [103445.0, 4500.0], [103442.5, 160.0], [103417.5, 1310.0], [103415.0, 4390.0], [103377.5, 13770.0], [103375.0, 46140.0], [103315.0, 7270.0], [103312.5, 24360.0], [103307.5, 3450.0], [103305.0, 11870.0], [103300.0, 258250.0], [103290.0, 24930.0], [103280.0, 4530.0], [103210.0, 25460.0], [103147.5, 500.0]], "asks": [[103462.5, 9810.0], [103470.0, 1390.0], [103472.5, 4500.0], [103475.0, 1500.0], [103477.5, 4390.0], [103482.5, 2990.0], [103485.0, 10000.0], [103495.0, 64690.0], [103497.5, 49200.0], [103502.5, 60.0], [103510.0, 1310.0], [103512.5, 4390.0], [103517.5, 1020.0], [103520.0, 3410.0], [103585.0, 410.0], [103587.5, 1380.0], [103620.0, 8750.0], [103622.5, 24830.0], [103625.0, 4470.0], [103670.0, 49620.0]]}}}
{"jsonrpc": "2.0", "method": "subscription", "params": {"channel": "book.BTC-14NOV25.none.20.100ms", "data": {"timestamp": 1762394246793, "change_id": 125501022823, "instrument_name": "BTC-14NOV25", "bids": [[103530.0, 2270.0], [103527.5, 3900.0], [103525.0, 8270.0], [103522.5, 3900.0], [103520.0, 12180.0], [103517.5, 3900.0], [103515.0, 6890.0], [103512.5, 10000.0], [103510.0, 1210.0], [103507.5, 3900.0], [103505.0, 160.0], [103482.5, 1250.0], [103480.0, 4190.0], [103405.0, 290.0], [103387.5, 10.0], [103385.0, 710.0], [103382.5, 2370.0], [103380.0, 4770.0], [103377.5, 15990.0], [103375.0, 13770.0]], "asks": [[103535.0, 3150.0], [103537.5, 10000.0], [103540.0, 1250.0], [103542.5, 4190.0], [103560.0, 4840.0], [103562.5, 16210.0], [103575.0, 1250.0], [103577.5, 4190.0], [103605.0, 1470.0], [103607.5, 54940.0], [103622.5, 1900.0], [103625.0, 6370.0], [103640.0, 5750.0], [103642.5, 19240.0], [103677.5, 40.0], [103710.0, 11140.0], [103712.5, 37310.0], [103717.5, 1330.0], [103720.0, 4470.0], [103740.0, 1900.0]]}}}
{"jsonrpc": "2.0", "method": "subscription", "params": {"channel": "book.BTC-7NOV25.none.20.100ms", "data": {"timestamp": 1762394246790, "change_id": 125501022822, "instrument_name": "BTC-7NOV25", "bids": [[103460.0, 4390.0], [103457.5, 10000.0], [103452.5, 1070.0], [103450.0, 3600.0], [103447.5, 1340.0], [103445.0, 4500.0], [103442.5, 160.0], [103417.5, 1310.0], [103415.0, 4390.0], [103377.5, 13770.0], [103375.0, 46140.0], [103315.0, 7270.0], [103312.5, 24360.0], [103307.5, 3450.0], [103305.0, 11870.0], [103300.0, 258250.0], [103290.0, 24930.0], [103280.0, 4530.0], [103210.0, 25460.0], [103147.5, 500.0]], "asks": [[103462.5, 9810.0], [103470.0, 1390.0], [103472.5, 4500.0], [103475.0, 1500.0], [103477.5, 4390.0], [103482.5, 2990.0], [103485.0, 10000.0], [103492.5, 14930.0], [103495.0, 64690.0], [103497.5, 49200.0], [103502.5, 60.0], [103510.0, 1310.0], [103512.5, 4390.0], [103517.5, 1020.0], [103520.0, 3410.0], [103585.0, 410.0], [103587.5, 1380.0], [103620.0, 8750.0], [103622.5, 24830.0], [103625.0, 4470.0]]}}}
{"jsonrpc": "2.0", "method": "subscription", "params": {"channel": "book.BTC-14NOV25.none.20.100ms", "data": {"timestamp": 1762394247532, "change_id": 125501023762, "instrument_name": "BTC-14NOV25", "bids": [[103530.0, 6170.0], [103527.5, 3900.0], [103525.0, 8270.0], [103522.5, 3900.0], [103520.0, 12180.0], [103517.5, 3900.0], [103515.0, 6890.0], [103512.5, 10000.0], [103510.0, 1210.0], [103507.5, 3900.0], [103505.0, 160.0], [103482.5, 1250.0], [103480.0, 4190.0], [103405.0, 290.0], [103387.5, 10.0], [103385.0, 710.0], [103382.5, 2370.0], [103380.0, 4770.0], [103377.5, 15990.0], [103375.0, 13770.0]], "asks": [[103535.0, 3150.0], [103537.5, 10000.0], [103560.0, 4840.0], [103562.5, 16210.0], [103575.0, 1250.0], [103577.5, 4190.0], [103605.0, 1470.0], [103607.5, 4940.0], [103622.5, 51900.0], [103625.0, 6370.0], [103640.0, 5750.0], [103642.5, 19240.0], [103677.5, 40.0], [103710.0, 11140.0], [103712.5, 37310.0], [103717.5, 1330.0], [103720.0, 4470.0], [103740.0, 1900.0], [103770.0, 10.0], [103792.5, 50.0]]}}}
{"jsonrpc": "2.0", "method": "subscription", "params": {"channel": "book.BTC-7NOV25.none.20.100ms", "data": {"timestamp": 1762394247426, "change_id": 125501023742, "instrument_name": "BTC-7NOV25", "bids": [[103460.0, 4390.0], [103457.5, 10000.0], [103452.5, 1070.0], [103450.0, 3600.0], [103447.5, 1340.0], [103445.0, 4500.0], [103442.5, 160.0], [103417.5, 1310.0], [103415.0, 4390.0], [103377.5, 13770.0], [103375.0, 46140.0], [103315.0, 7270.0], [103312.5, 24360.0], [103307.5, 3450.0], [103305.0, 11870.0], [103300.0, 258250.0], [103290.0, 24930.0], [103280.0, 4530.0], [103210.0, 25460.0], [103147.5, 500.0]], "asks": [[103462.5, 9810.0], [103470.0, 1390.0], [103472.5, 4500.0], [103475.0, 160.0], [103482.5, 2990.0], [103485.0, 10000.0], [103492.5, 14930.0], [103495.0, 64690.0], [103497.5, 49200.0], [103502.5, 60.0], [103510.0, 1310.0], [103512.5, 4390.0], [103517.5, 1020.0], [103520.0, 3410.0], [103585.0, 410.0], [103587.5, 1380.0], [103620.0, 8750.0], [103622.5, 24830.0], [103625.0, 4470.0], [103670.0, 49620.0]]}}}
{"jsonrpc": "2.0", "method": "subscription", "params": {"channel": "book.BTC-14NOV25.none.20.100ms", "data": {"timestamp": 1762394247662, "change_id": 125501023818, "instrument_name": "BTC-14NOV25", "bids": [[103530.0, 6170.0], [103527.5, 3900.0], [103525.0, 8270.0], [103522.5, 3900.0], [103520.0, 12180.0], [103517.5, 3900.0], [103515.0, 6890.0], [103512.5, 10000.0], [103510.0, 1210.0], [103507.5, 3900.0], [103505.0, 160.0], [103482.5, 1250.0], [103480.0, 4190.0], [103405.0, 290.0], [103387.5, 10.0], [103385.0, 710.0], [103382.5, 2370.0], [103380.0, 4770.0], [103377.5, 15990.0], [103375.0, 13770.0]], "asks": [[103535.0, 3150.0], [103537.5, 10000.0], [103540.0, 4190.0], [103560.0, 4840.0], [103562.5, 16210.0], [103575.0, 1250.0], [103577.5, 4190.0], [103605.0, 51470.0], [103607.5, 4940.0], [103625.0, 6370.0], [103640.0, 5750.0], [103642.5, 19240.0], [103677.5, 40.0], [103710.0, 11140.0], [103712.5, 37310.0], [103717.5, 1330.0], [103720.0, 4470.0], [103740.0, 1900.0], [103770.0, 10.0], [103792.5, 50.0]]}}}
{"jsonrpc": "2.0", "method": "subscription", "params": {"channel": "book.BTC-7NOV25.none.20.100ms", "data": {"timestamp": 1762394247609, "change_id": 125501023783, "instrument_name": "BTC-7NOV25", "bids": [[103460.0, 4390.0], [103457.5, 10000.0], [103452.5, 1070.0], [103450.0, 3600.0], [103447.5, 1340.0], [103445.0, 4500.0], [103442.5, 160.0], [103417.5, 1310.0], [103415.0, 4390.0], [103377.5, 13770.0], [103375.0, 46140.0], [103315.0, 7270.0], [103312.5, 24360.0], [103307.5, 3450.0], [103305.0, 11870.0], [103300.0, 258250.0], [103290.0, 24930.0], [103280.0, 4530.0], [103210.0, 25460.0], [103147.5, 500.0]], "asks": [[103462.5, 9810.0], [103470.0, 2520.0], [103472.5, 4500.0], [103475.0, 4550.0], [103482.5, 2990.0], [103485.0, 10000.0], [103492.5, 14930.0], [103495.0, 64690.0], [103497.5, 49200.0], [103502.5, 60.0], [103510.0, 1310.0], [103512.5, 4390.0], [103517.5, 1020.0], [103520.0, 3410.0], [103585.0, 410.0], [103587.5, 1380.0], [103620.0, 8750.0], [103622.5, 24830.0], [103625.0, 4470.0], [103670.0, 49620.0]]}}}
{"jsonrpc": "2.0", "method": "subscription", "params": {"channel": "book.BTC-14NOV25.none.20.100ms", "data": {"timestamp": 1762394248534, "change_id": 125501024889, "instrument_name": "BTC-14NOV25", "bids": [[103530.0, 2270.0], [103527.5, 3900.0], [103525.0, 8270.0], [103522.5, 3900.0], [103520.0, 12180.0], [103517.5, 3900.0], [103515.0, 6890.0], [103512.5, 10000.0], [103510.0, 1210.0], [103507.5, 3900.0], [103505.0, 160.0], [103482.5, 1250.0], [103480.0, 4190.0], [103405.0, 290.0], [103387.5, 10.0], [103385.0, 710.0], [103382.5, 2370.0], [103380.0, 4770.0], [103377.5, 15990.0], [103375.0, 13770.0]], "asks": [[103535.0, 3150.0], [103537.5, 10000.0], [103540.0, 4190.0], [103560.0, 4840.0], [103562.5, 16210.0], [103575.0, 1250.0], [103577.5, 4190.0], [103605.0, 51470.0], [103607.5, 4940.0], [103625.0, 6370.0], [103640.0, 5750.0], [103642.5, 19240.0], [103677.5, 40.0], [103710.0, 11140.0], [103712.5, 37310.0], [103717.5, 1330.0], [103720.0, 4470.0], [103740.0, 1900.0], [103770.0, 10.0], [103792.5, 50.0]]}}}
{"jsonrpc": "2.0", "method": "subscription", "params": {"channel": "book.BTC-14NOV25.none.20.100ms", "data": {"timestamp": 1762394249127, "change_id": 125501025824, "instrument_name": "BTC-14NOV25", "bids": [[103530.0, 2270.0], [103527.5, 3900.0], [103525.0, 8270.0], [103522.5, 3900.0], [103520.0, 12180.0], [103517.5, 3900.0], [103515.0, 6890.0], [103512.5, 10000.0], [103510.0, 1210.0], [103507.5, 3900.0], [103505.0, 160.0], [103482.5, 1250.0], [103480.0, 4190.0], [103407.5, 290.0], [103387.5, 10.0], [103385.0, 710.0], [103382.5, 2370.0], [103380.0, 4770.0], [103377.5, 15990.0], [103375.0, 13770.0]], "asks": [[103535.0, 3150.0], [103537.5, 10000.0], [103540.0, 4190.0], [103560.0, 4840.0], [103562.5, 16210.0], [103575.0, 1250.0], [103577.5, 4190.0], [103602.5, 14930.0], [103605.0, 51470.0], [103607.5, 4940.0], [103625.0, 6370.0], [103640.0, 5750.0], [103642.5, 19240.0], [103677.5, 40.0], [103710.0, 11140.0], [103712.5, 37310.0], [103717.5, 1330.0], [103720.0, 4470.0], [103740.0, 1900.0], [103770.0, 10.0]]}}}
{"jsonrpc": "2.0", "method": "subscription", "params": {"channel": "book.BTC-14NOV25.none.20.100ms", "data": {"timestamp": 1762394249507, "change_id": 125501026057, "instrument_name": "BTC-14NOV25", "bids": [[103530.0, 6170.0], [103527.5, 3900.0], [103525.0, 8270.0], [103522.5, 3900.0], [103520.0, 12180.0], [103517.5, 3900.0], [103515.0, 6890.0], [103512.5, 10000.0], [103510.0, 1210.0], [103507.5, 3900.0], [103505.0, 160.0], [103482.5, 1250.0], [103480.0, 4190.0], [103407.5, 290.0], [103387.5, 10.0], [103385.0, 710.0], [103382.5, 2370.0], [103380.0, 4770.0], [103377.5, 15990.0], [103375.0, 13770.0]], "asks": [[103535.0, 3150.0], [103537.5, 10000.0], [103540.0, 4190.0], [103560.0, 4840.0], [103562.5, 16210.0], [103575.0, 1250.0], [103577.5, 4190.0], [103602.5, 14930.0], [103605.0, 51470.0], [103607.5, 4940.0], [103625.0, 6370.0], [103640.0, 5750.0], [103642.5, 19240.0], [103677.5, 40.0], [103710.0, 11140.0], [103712.5, 37310.0], [103717.5, 1330.0], [103720.0, 4470.0], [103740.0, 1900.0], [103770.0, 10.0]]}}}
{"jsonrpc": "2.0", "method": "subscription", "params": {"channel": "book.BTC-7NOV25.none.20.100ms", "data": {"timestamp": 1762394249387, "change_id": 125501026005, "instrument_name": "BTC-7NOV25", "bids": [[103460.0, 4390.0], [103457.5, 10000.0], [103452.5, 1070.0], [103450.0, 3600.0], [103447.5, 1340.0], [103445.0, 4500.0], [103442.5, 160.0], [103417.5, 1310.0], [103415.0, 4390.0], [103377.5, 13770.0], [103375.0, 46140.0], [103315.0, 7270.0], [103312.5, 24360.0], [103307.5, 3450.0], [103305.0, 11870.0], [103300.0, 258250.0], [103290.0, 24930.0], [103280.0, 4530.0], [103210.0, 25460.0], [103147.5, 500.0]], "asks": [[103462.5, 9810.0], [103470.0, 1130.0], [103472.5, 4500.0], [103475.0, 4550.0], [103482.5, 2990.0], [103485.0, 10000.0], [103492.5, 14930.0], [103495.0, 64690.0], [103497.5, 49200.0], [103502.5, 60.0], [103510.0, 1310.0], [103512.5, 4390.0], [103517.5, 1020.0], [103520.0, 3410.0], [103585.0, 410.0], [103587.5, 1380.0], [103620.0, 8750.0], [103622.5, 24830.0], [103625.0, 4470.0], [103670.0, 49620.0]]}}}
{"jsonrpc": "2.0", "method": "subscription", "params": {"channel": "book.BTC-14NOV25.none.20.100ms", "data": {"timestamp": 1762394250513, "change_id": 125501027281, "instrument_name": "BTC-14NOV25", "bids": [[103530.0, 2270.0], [103527.5, 3900.0], [103525.0, 8270.0], [103522.5, 3900.0], [103520.0, 12180.0], [103517.5, 3900.0], [103515.0, 6890.0], [103512.5, 10000.0], [103510.0, 1210.0], [103507.5, 3900.0], [103505.0, 160.0], [103482.5, 1250.0], [103480.0, 4190.0], [103407.5, 290.0], [103387.5, 10.0], [103385.0, 710.0], [103382.5, 2370.0], [103380.0, 4770.0], [103377.5, 15990.0], [103375.0, 13770.0]], "asks": [[103535.0, 3150.0], [103537.5, 10000.0], [103540.0, 4190.0], [103560.0, 4840.0], [103562.5, 16210.0], [103575.0, 1250.0], [103577.5, 4190.0], [103602.5, 14930.0], [103605.0, 51470.0], [103607.5, 4940.0], [103622.5, 1900.0], [103625.0, 6370.0], [103640.0, 5750.0], [103642.5, 19240.0], [103677.5, 40.0], [103710.0, 11140.0], [103712.5, 37310.0], [103717.5, 1330.0], [103720.0, 4470.0], [103740.0, 1900.0]]}}}
{"jsonrpc": "2.0", "method": "subscription", "params": {"channel": "book.BTC-14NOV25.none.20.100ms", "data": {"timestamp": 1762394251088, "change_id": 125501028382, "instrument_name": "BTC-14NOV25", "bids": [[103522.5, 3900.0], [103520.0, 3300.0], [103517.5, 8090.0], [103515.0, 9490.0], [103512.5, 10000.0], [103510.0, 11210.0], [103507.5, 3900.0], [103505.0, 160.0], [103482.5, 1250.0], [103480.0, 4190.0], [103407.5, 290.0], [103387.5, 10.0], [103385.0, 710.0], [103382.5, 2370.0], [103380.0, 4770.0], [103377.5, 15990.0], [103375.0, 13770.0], [103372.5, 46130.0], [103357.5, 1850.0], [103355.0, 6190.0]], "asks": [[103530.0, 1300.0], [103532.5, 4190.0], [103535.0, 3150.0], [103537.5, 10000.0], [103560.0, 4840.0], [103562.5, 16210.0], [103575.0, 1250.0], [103577.5, 4190.0], [103605.0, 1470.0], [103607.5, 54940.0], [103622.5, 1900.0], [103625.0, 6370.0], [103640.0, 5750.0], [103642.5, 19240.0], [103677.5, 40.0], [103710.0, 11140.0], [103712.5, 37310.0], [103717.5, 1330.0], [103720.0, 4470.0], [103740.0, 1900.0]]}}}
{"jsonrpc": "2.0", "method": "subscription", "params": {"channel": "book.BTC-7NOV25.none.20.100ms", "data": {"timestamp": 1762394250937, "change_id": 125501028560, "instrument_name": "BTC-7NOV25", "bids": [[103457.5, 10000.0], [103455.0, 4390.0], [103442.5, 160.0], [103417.5, 1310.0], [103415.0, 4390.0], [103377.5, 13770.0], [103375.0, 46140.0], [103315.0, 7270.0], [103312.5, 24360.0], [103307.5, 3450.0], [103305.0, 11870.0], [103302.5, 77090.0], [103300.0, 258250.0], [103290.0, 24930.0], [103280.0, 4530.0], [103210.0, 25460.0], [103147.5, 500.0], [103132.5, 40.0], [103130.0, 38030.0], [103127.5, 50000.0]], "asks": [[103462.5, 9810.0], [103465.0, 1310.0], [103467.5, 4390.0], [103470.0, 1130.0], [103472.5, 4500.0], [103475.0, 3150.0], [103477.5, 10000.0], [103492.5, 14930.0], [103495.0, 64690.0], [103497.5, 49200.0], [103502.5, 60.0], [103510.0, 1310.0], [103512.5, 4390.0], [103517.5, 1020.0], [103520.0, 3410.0], [103557.5, 900.0], [103560.0, 3000.0], [103585.0, 1260.0], [103587.5, 1380.0], [103590.0, 3000.0]]}}}
{"jsonrpc": "2.0", "method": "subscription", "params": {"channel": "book.BTC-14NOV25.none.20.100ms", "data": {"timestamp": 1762394251334, "change_id": 125501028747, "instrument_name": "BTC-14NOV25", "bids": [[103522.5, 3900.0], [103520.0, 3300.0], [103517.5, 8090.0], [103515.0, 9490.0], [103512.5, 10000.0], [103510.0, 11210.0], [103507.5, 3900.0], [103505.0, 160.0], [103482.5, 1250.0], [103480.0, 4190.0], [103407.5, 290.0], [103387.5, 10.0], [103385.0, 710.0], [103382.5, 2370.0], [103380.0, 4770.0], [103377.5, 15990.0], [103375.0, 13770.0], [103372.5, 46130.0], [103357.5, 1850.0], [103355.0, 6190.0]], "asks": [[103527.5, 4290.0], [103530.0, 10000.0], [103532.5, 4190.0], [103535.0, 160.0], [103560.0, 75670.0], [103562.5, 16210.0], [103565.0, 71860.0], [103575.0, 1250.0], [103577.5, 4190.0], [103605.0, 1470.0], [103607.5, 4940.0], [103622.5, 1900.0], [103625.0, 6370.0], [103640.0, 5750.0], [103642.5, 19240.0], [103677.5, 40.0], [103710.0, 11140.0], [103712.5, 37310.0], [103717.5, 1330.0], [103720.0, 4470.0]]}}}
{"jsonrpc": "2.0", "method": "subscription", "params": {"channel": "book.BTC-7NOV25.none.20.100ms", "data": {"timestamp": 1762394251612, "change_id": 125501028848, "instrument_name": "BTC-7NOV25", "bids": [[103457.5, 10000.0], [103455.0, 4390.0], [103445.0, 3100.0], [103442.5, 160.0], [103417.5, 1310.0], [103415.0, 4390.0], [103377.5, 13770.0], [103375.0, 46140.0], [103315.0, 7270.0], [103312.5, 24360.0], [103307.5, 3450.0], [103305.0, 11870.0], [103302.5, 77090.0], [103300.0, 258250.0], [103290.0, 24930.0], [103280.0, 4530.0], [103210.0, 25460.0], [103147.5, 500.0], [103132.5, 40.0], [103130.0, 38030.0]], "asks": [[103462.5, 9810.0], [103465.0, 1310.0], [103467.5, 4390.0], [103470.0, 1130.0], [103472.5, 4500.0], [103475.0, 3150.0], [103477.5, 10000.0], [103492.5, 14930.0], [103495.0, 64690.0], [103497.5, 49200.0], [103502.5, 60.0], [103510.0, 1310.0], [103512.5, 4390.0], [103517.5, 1020.0], [103520.0, 3410.0], [103557.5, 900.0], [103560.0, 3000.0], [103585.0, 1260.0], [103587.5, 1380.0], [103590.0, 3000.0]]}}}
{"jsonrpc": "2.0", "method": "subscription", "params": {"channel": "book.BTC-14NOV25.none.20.100ms", "data": {"timestamp": 1762394252128, "change_id": 125501029782, "instrument_name": "BTC-14NOV25", "bids": [[103522.5, 3900.0], [103520.0, 3300.0], [103517.5, 8090.0], [103515.0, 9490.0], [103512.5, 10000.0], [103510.0, 11210.0], [103507.5, 3900.0], [103505.0, 160.0], [103482.5, 1250.0], [103480.0, 4190.0], [103410.0, 290.0], [103387.5, 10.0], [103385.0, 710.0], [103382.5, 2370.0], [103380.0, 4770.0], [103377.5, 15990.0], [103375.0, 13770.0], [103372.5, 46130.0], [103357.5, 1850.0], [103355.0, 6190.0]], "asks": [[103527.5, 4290.0], [103530.0, 10000.0], [103532.5, 4190.0], [103535.0, 160.0], [103560.0, 75670.0], [103562.5, 16210.0], [103565.0, 71860.0], [103575.0, 1250.0], [103577.5, 4190.0], [103605.0, 1470.0], [103607.5, 4940.0], [103622.5, 1900.0], [103625.0, 6370.0], [103640.0, 5750.0], [103642.5, 19240.0], [103677.5, 40.0], [103710.0, 11140.0], [103712.5, 37310.0], [103717.5, 1330.0], [103720.0, 4470.0]]}}}
{"jsonrpc": "2.0", "method": "subscription", "params": {"channel": "book.BTC-14NOV25.none.20.100ms", "data": {"timestamp": 1762394252491, "change_id": 125501029951, "instrument_name": "BTC-14NOV25", "bids": [[103522.5, 2100.0], [103520.0, 3300.0], [103517.5, 8090.0], [103515.0, 9490.0], [103512.5, 10000.0], [103510.0, 11210.0], [103507.5, 3900.0], [103505.0, 160.0], [103482.5, 1250.0], [103480.0, 4190.0], [103410.0, 290.0], [103387.5, 10.0], [103385.0, 710.0], [103382.5, 2370.0], [103380.0, 4770.0], [103377.5, 15990.0], [103375.0, 13770.0], [103372.5, 46130.0], [103357.5, 1850.0], [103355.0, 6190.0]], "asks": [[103527.5, 4290.0], [103530.0, 10000.0], [103532.5, 4190.0], [103535.0, 160.0], [103560.0, 75670.0], [103562.5, 16210.0], [103565.0, 71860.0], [103575.0, 1250.0], [103577.5, 4190.0], [103605.0, 1470.0], [103607.5, 4940.0], [103622.5, 1900.0], [103625.0, 6370.0], [103640.0, 5750.0], [103642.5, 19240.0], [103677.5, 40.0], [103710.0, 11140.0], [103712.5, 37310.0], [103717.5, 1330.0], [103720.0, 4470.0]]}}}
{"jsonrpc": "2.0", "method": "subscription", "params": {"channel": "book.BTC-7NOV25.none.20.100ms", "data": {"timestamp": 1762394252491, "change_id": 125501029952, "instrument_name": "BTC-7NOV25", "bids": [[103457.5, 10000.0], [103455.0, 4390.0], [103442.5, 160.0], [103417.5, 1310.0], [103415.0, 4390.0], [103377.5, 13770.0], [103375.0, 46140.0], [103315.0, 7270.0], [103312.5, 24360.0], [103307.5, 3450.0], [103305.0, 11870.0], [103302.5, 77090.0], [103300.0, 258250.0], [103282.5, 24930.0], [103280.0, 4530.0], [103210.0, 25460.0], [103147.5, 500.0], [103132.5, 40.0], [103130.0, 38030.0], [103127.5, 50000.0]], "asks": [[103462.5, 9810.0], [103465.0, 1310.0], [103467.5, 4390.0], [103470.0, 1130.0], [103472.5, 4500.0], [103475.0, 3150.0], [103477.5, 10000.0], [103492.5, 14930.0], [103495.0, 64690.0], [103497.5, 49200.0], [103502.5, 60.0], [103510.0, 1310.0], [103512.5, 4390.0], [103517.5, 1020.0], [103520.0, 3410.0], [103557.5, 900.0], [103560.0, 3000.0], [103585.0, 1260.0], [103587.5, 1380.0], [103590.0, 3000.0]]}}}
{"jsonrpc": "2.0", "method": "subscription", "params": {"channel": "book.BTC-7NOV25.none.20.100ms", "data": {"timestamp": 1762394252601, "change_id": 125501029974, "instrument_name": "BTC-7NOV25", "bids": [[103457.5, 10000.0], [103455.0, 4390.0], [103445.0, 2700.0], [103442.5, 160.0], [103417.5, 1310.0], [103415.0, 4390.0], [103377.5, 13770.0], [103375.0, 46140.0], [103315.0, 7270.0], [103312.5, 24360.0], [103307.5, 3450.0], [103305.0, 11870.0], [103302.5, 77090.0], [103300.0, 258250.0], [103282.5, 24930.0], [103280.0, 4530.0], [103210.0, 25460.0], [103147.5, 500.0], [103132.5, 40.0], [103130.0, 38030.0]], "asks": [[103462.5, 9810.0], [103465.0, 1310.0], [103467.5, 4390.0], [103470.0, 1130.0], [103472.5, 4500.0], [103475.0, 3150.0], [103477.5, 10000.0], [103492.5, 14930.0], [103495.0, 64690.0], [103497.5, 49200.0], [103502.5, 60.0], [103510.0, 1310.0], [103512.5, 4390.0], [103517.5, 1020.0], [103520.0, 3410.0], [103557.5, 900.0], [103560.0, 3000.0], [103585.0, 1260.0], [103587.5, 1380.0], [103590.0, 3000.0]]}}}
{"jsonrpc": "2.0", "method": "subscription", "params": {"channel": "book.BTC-14NOV25.none.20.100ms", "data": {"timestamp": 1762394253464, "change_id": 125501031246, "instrument_name": "BTC-14NOV25", "bids": [[103522.5, 3900.0], [103520.0, 3300.0], [103517.5, 8090.0], [103515.0, 9490.0], [103512.5, 13800.0], [103510.0, 11210.0], [103507.5, 3900.0], [103505.0, 160.0], [103482.5, 1250.0], [103480.0, 4190.0], [103410.0, 290.0], [103387.5, 10.0], [103385.0, 710.0], [103382.5, 2370.0], [103380.0, 4770.0], [103377.5, 15990.0], [103375.0, 13770.0], [103372.5, 46130.0], [103357.5, 1850.0], [103355.0, 6190.0]], "asks": [[103527.5, 4290.0], [103530.0, 10000.0], [103532.5, 4190.0], [103535.0, 160.0], [103557.5, 14930.0], [103560.0, 75670.0], [103562.5, 16210.0], [103565.0, 71860.0], [103575.0, 1250.0], [103577.5, 4190.0], [103605.0, 1470.0], [103607.5, 4940.0], [103622.5, 1900.0], [103625.0, 6370.0], [103640.0, 5750.0], [103642.5, 19240.0], [103677.5, 40.0], [103710.0, 11140.0], [103712.5, 37310.0], [103717.5, 1330.0]]}}}
{"jsonrpc": "2.0", "method": "subscription", "params": {"channel": "book.BTC-7NOV25.none.20.100ms", "data": {"timestamp": 1762394253590, "change_id": 125501031276, "instrument_name": "BTC-7NOV25", "bids": [[103457.5, 10000.0], [103455.0, 4390.0], [103445.0, 4500.0], [103442.5, 160.0], [103417.5, 1310.0], [103415.0, 4390.0], [103377.5, 13770.0], [103375.0, 46140.0], [103315.0, 7270.0], [103312.5, 24360.0], [103307.5, 3450.0], [103305.0, 11870.0], [103302.5, 77090.0], [103300.0, 258250.0], [103282.5, 24930.0], [103280.0, 4530.0], [103210.0, 25460.0], [103147.5, 500.0], [103132.5, 40.0], [103130.0, 38030.0]], "asks": [[103462.5, 9810.0], [103465.0, 1310.0], [103467.5, 4390.0], [103470.0, 1130.0], [103472.5, 4500.0], [103475.0, 3150.0], [103477.5, 10000.0], [103492.5, 14930.0], [103495.0, 64690.0], [103497.5, 49200.0], [103502.5, 60.0], [103510.0, 1310.0], [103512.5, 4390.0], [103517.5, 1020.0], [103520.0, 3410.0], [103557.5, 900.0], [103560.0, 3000.0], [103585.0, 1260.0], [103587.5, 1380.0], [103590.0, 3000.0]]}}}
{"jsonrpc": "2.0", "method": "subscription", "params": {"channel": "book.BTC-14NOV25.none.20.100ms", "data": {"timestamp": 1762394254808, "change_id": 125501032644, "instrument_name": "BTC-14NOV25", "bids": [[103522.5, 3900.0], [103520.0, 3300.0], [103517.5, 8090.0], [103515.0, 9490.0], [103512.5, 13800.0], [103510.0, 11210.0], [103505.0, 160.0], [103482.5, 1250.0], [103480.0, 4190.0], [103410.0, 290.0], [103387.5, 10.0], [103385.0, 710.0], [103382.5, 2370.0], [103380.0, 4770.0], [103377.5, 15990.0], [103375.0, 13770.0], [103372.5, 46130.0], [103357.5, 1850.0], [103355.0, 6190.0], [103350.0, 1370.0]], "asks": [[103527.5, 4290.0], [103530.0, 10000.0], [103532.5, 4190.0], [103535.0, 160.0], [103557.5, 14930.0], [103560.0, 75670.0], [103562.5, 16210.0], [103565.0, 71860.0], [103575.0, 1250.0], [103577.5, 4190.0], [103605.0, 1470.0], [103607.5, 4940.0], [103622.5, 1900.0], [103625.0, 6370.0], [103640.0, 5750.0], [103642.5, 19240.0], [103677.5, 40.0], [103710.0, 11140.0], [103712.5, 37310.0], [103717.5, 1330.0]]}}}
{"jsonrpc": "2.0", "method": "subscription", "params": {"channel": "book.BTC-7NOV25.none.20.100ms", "data": {"timestamp": 1762394254813, "change_id": 125501032714, "instrument_name": "BTC-7NOV25", "bids": [[103457.5, 10000.0], [103455.0, 4390.0], [103445.0, 2700.0], [103442.5, 160.0], [103417.5, 1310.0], [103415.0, 4390.0], [103377.5, 13770.0], [103375.0, 46140.0], [103315.0, 7270.0], [103312.5, 24360.0], [103307.5, 3450.0], [103305.0, 11870.0], [103302.5, 77090.0], [103300.0, 258250.0], [103282.5, 24930.0], [103280.0, 4530.0], [103210.0, 25460.0], [103147.5, 500.0], [103132.5, 40.0], [103130.0, 38030.0]], "asks": [[103462.5, 9810.0], [103465.0, 1310.0], [103467.5, 4390.0], [103470.0, 1130.0], [103472.5, 4500.0], [103475.0, 3150.0], [103477.5, 10000.0], [103492.5, 14930.0], [103495.0, 64690.0], [103497.5, 49200.0], [103502.5, 60.0], [103510.0, 1310.0], [103512.5, 4390.0], [103517.5, 1020.0], [103520.0, 3410.0], [103557.5, 900.0], [103560.0, 3000.0], [103585.0, 1260.0], [103587.5, 1380.0], [103590.0, 3000.0]]}}}
{"jsonrpc": "2.0", "method": "subscription", "params": {"channel": "book.BTC-14NOV25.none.20.100ms", "data": {"timestamp": 1762394255130, "change_id": 125501033434, "instrument_name": "BTC-14NOV25", "bids": [[103522.5, 2100.0], [103520.0, 3300.0], [103517.5, 8090.0], [103515.0, 9490.0], [103512.5, 13800.0], [103510.0, 11210.0], [103505.0, 160.0], [103482.5, 1250.0], [103480.0, 4190.0], [103412.5, 290.0], [103387.5, 10.0], [103385.0, 710.0], [103382.5, 2370.0], [103380.0, 4770.0], [103377.5, 15990.0], [103375.0, 13770.0], [103372.5, 46130.0], [103357.5, 1850.0], [103355.0, 6190.0], [103350.0, 1370.0]], "asks": [[103527.5, 4290.0], [103530.0, 10000.0], [103532.5, 4190.0], [103535.0, 160.0], [103557.5, 14930.0], [103560.0, 75670.0], [103562.5, 16210.0], [103565.0, 71860.0], [103575.0, 1250.0], [103577.5, 4190.0], [103605.0, 1470.0], [103607.5, 4940.0], [103622.5, 1900.0], [103625.0, 6370.0], [103640.0, 5750.0], [103642.5, 19240.0], [103677.5, 40.0], [103710.0, 11140.0], [103712.5, 37310.0], [103717.5, 1330.0]]}}}
{"jsonrpc": "2.0", "method": "subscription", "params": {"channel": "book.BTC-14NOV25.none.20.100ms", "data": {"timestamp": 1762394255442, "change_id": 125501033761, "instrument_name": "BTC-14NOV25", "bids": [[103525.0, 5850.0], [103522.5, 3900.0], [103520.0, 6400.0], [103517.5, 8090.0], [103515.0, 9490.0], [103512.5, 10000.0], [103510.0, 11210.0], [103505.0, 160.0], [103482.5, 1250.0], [103480.0, 4190.0], [103412.5, 290.0], [103387.5, 10.0], [103385.0, 710.0], [103382.5, 2370.0], [103380.0, 4770.0], [103377.5, 15990.0], [103375.0, 13770.0], [103372.5, 46130.0], [103357.5, 1850.0], [103355.0, 6190.0]], "asks": [[103530.0, 10000.0], [103535.0, 160.0], [103557.5, 14930.0], [103560.0, 75670.0], [103562.5, 16210.0], [103565.0, 71860.0], [103605.0, 1470.0], [103607.5, 4940.0], [103622.5, 1900.0], [103625.0, 6370.0], [103640.0, 5750.0], [103642.5, 19240.0], [103677.5, 40.0], [103710.0, 11140.0], [103712.5, 37310.0], [103717.5, 1330.0], [103720.0, 4470.0], [103740.0, 1900.0], [103770.0, 10.0], [103792.5, 50.0]]}}}
{"jsonrpc": "2.0", "method": "subscription", "params": {"channel": "book.BTC-7NOV25.none.20.100ms", "data": {"timestamp": 1762394255423, "change_id": 125501033708, "instrument_name": "BTC-7NOV25", "bids": [[103457.5, 10000.0], [103455.0, 4390.0], [103447.5, 810.0], [103445.0, 2700.0], [103442.5, 160.0], [103417.5, 1310.0], [103415.0, 4390.0], [103377.5, 13770.0], [103375.0, 46140.0], [103315.0, 7270.0], [103312.5, 24360.0], [103307.5, 3450.0], [103305.0, 11870.0], [103302.5, 77090.0], [103300.0, 258250.0], [103282.5, 24930.0], [103280.0, 4530.0], [103210.0, 25460.0], [103147.5, 500.0], [103132.5, 40.0]], "asks": [[103462.5, 9810.0], [103470.0, 1130.0], [103472.5, 4500.0], [103475.0, 3150.0], [103477.5, 10000.0], [103492.5, 14930.0], [103495.0, 64690.0], [103497.5, 49200.0], [103502.5, 60.0], [103517.5, 1020.0], [103520.0, 3410.0], [103557.5, 900.0], [103560.0, 3000.0], [103585.0, 1260.0], [103587.5, 1380.0], [103590.0, 3000.0], [103617.5, 900.0], [103620.0, 11750.0], [103622.5, 24830.0], [103625.0, 4470.0]]}}}
{"jsonrpc": "2.0", "method": "subscription", "params": {"channel": "book.BTC-14NOV25.none.20.100ms", "data": {"timestamp": 1762394255626, "change_id": 125501033857, "instrument_name": "BTC-14NOV25", "bids": [[103525.0, 5850.0], [103522.5, 3900.0], [103520.0, 5510.0], [103517.5, 8090.0], [103515.0, 5590.0], [103512.5, 10000.0], [103510.0, 11210.0], [103505.0, 160.0], [103482.5, 1250.0], [103480.0, 4190.0], [103412.5, 290.0], [103387.5, 10.0], [103385.0, 710.0], [103382.5, 2370.0], [103380.0, 4770.0], [103377.5, 15990.0], [103375.0, 13770.0], [103372.5, 46130.0], [103357.5, 1850.0], [103355.0, 6190.0]], "asks": [[103530.0, 10000.0], [103532.5, 1300.0], [103535.0, 4350.0], [103557.5, 14930.0], [103560.0, 75670.0], [103562.5, 16210.0], [103565.0, 71860.0], [103575.0, 1250.0], [103577.5, 4190.0], [103605.0, 1470.0], [103607.5, 4940.0], [103622.5, 1900.0], [103625.0, 6370.0], [103640.0, 5750.0], [103642.5, 19240.0], [103677.5, 40.0], [103710.0, 11140.0], [103712.5, 37310.0], [103717.5, 1330.0], [103720.0, 4470.0]]}}}
{"jsonrpc": "2.0", "method": "subscription", "params": {"channel": "book.BTC-7NOV25.none.20.100ms", "data": {"timestamp": 1762394255678, "change_id": 125501033877, "instrument_name": "BTC-7NOV25", "bids": [[103457.5, 10000.0], [103455.0, 4390.0], [103447.5, 1240.0], [103445.0, 4500.0], [103442.5, 160.0], [103417.5, 1310.0], [103415.0, 4390.0], [103377.5, 13770.0], [103375.0, 46140.0], [103320.0, 710.0], [103317.5, 2370.0], [103315.0, 7270.0], [103312.5, 24360.0], [103307.5, 3450.0], [103305.0, 9500.0], [103302.5, 77090.0], [103300.0, 258250.0], [103282.5, 24930.0], [103280.0, 4530.0], [103210.0, 25460.0]], "asks": [[103462.5, 9810.0], [103467.5, 1310.0], [103470.0, 5520.0], [103472.5, 4500.0], [103475.0, 3150.0], [103477.5, 10000.0], [103492.5, 14930.0], [103495.0, 64690.0], [103497.5, 49200.0], [103502.5, 60.0], [103510.0, 1310.0], [103512.5, 4390.0], [103517.5, 1020.0], [103520.0, 3410.0], [103585.0, 410.0], [103587.5, 1380.0], [103620.0, 8750.0], [103622.5, 24830.0], [103625.0, 4470.0], [103670.0, 49620.0]]}}}
{"jsonrpc": "2.0", "method": "subscription", "params": {"channel": "book.BTC-14NOV25.none.20.100ms", "data": {"timestamp": 1762394256444, "change_id": 125501035000, "instrument_name": "BTC-14NOV25", "bids": [[103525.0, 1950.0], [103522.5, 3900.0], [103520.0, 5510.0], [103517.5, 8090.0], [103515.0, 5590.0], [103512.5, 10000.0], [103510.0, 11210.0], [103505.0, 160.0], [103482.5, 1250.0], [103480.0, 4190.0], [103412.5, 290.0], [103387.5, 10.0], [103385.0, 710.0], [103382.5, 2370.0], [103380.0, 4770.0], [103377.5, 15990.0], [103375.0, 13770.0], [103372.5, 46130.0], [103357.5, 1850.0], [103355.0, 6190.0]], "asks": [[103530.0, 10000.0], [103532.5, 1300.0], [103535.0, 4350.0], [103557.5, 14930.0], [103560.0, 75670.0], [103562.5, 16210.0], [103565.0, 71860.0], [103575.0, 1250.0], [103577.5, 4190.0], [103605.0, 1470.0], [103607.5, 4940.0], [103622.5, 1900.0], [103625.0, 6370.0], [103640.0, 5750.0], [103642.5, 19240.0], [103677.5, 40.0], [103710.0, 11140.0], [103712.5, 37310.0], [103717.5, 1330.0], [103720.0, 4470.0]]}}}
